3488 4648
625 67 54 11 —
700 67 11 12 ⏑
733 62 6 8 ⏑
738 58 6 32 ⏑
783 68 19 18 —

650 85 92 25 —
849 86 134 26 —

611 321 85 43 586

737 424 123 27 Jorle,
878 428 41 24 To
935 430 306 26 conRSpoNpNσ8n.

611 454 44 23 Ve
665 459 83 19 cannqt
801 457 84 26 tate
895 463 21 20 to
926 461 77 24 advise
1012 465 14 12 i
1037 463 54 28 Li
1143 464 138 30 erfere
1295 463 25 23 in
1331 463 35 24 te

637 492 53 16 caoe
700 486 47 28 ofu
759 487 29 24 H.
798 488 46 24 N.

610 521 193 33 Corgenondents
821 526 80 24 skould
916 528 54 30 peep
989 530 72 30 copies
1122 530 57 23 their
1198 529 167 23 contributions.

638 552 39 54 .
675 562 11 15 e
696 554 29 24 do
734 560 39 19 not
782 564 89 16 answer.
873 561 44 27 for
934 559 58 23 tni
1002 563 85 25 ιέr
1097 561 24 21 in
1132 567 51 16 cnτ
1234 567 54 14 non-
1291 558 73 24 inser-

648 591 44 17 ton.

805 634 341 57 posSrScflpr.

632 746 162 32 LONDON,
809 746 140 36 Saturda
936 742 22 44 ,/
964 748 136 33 Mornino,
1118 746 73 35 Sept.
1206 748 40 29 Iò,
1260 747 75 26 Io45.

639 794 58 27 The
726 794 125 28 Gazette
864 796 32 26 ot
904 795 52 27 last
965 795 76 34 night
1050 794 121 27 contains
1181 793 46 26 the
1238 794 123 35 appoint-

605 833 76 24 ment
690 831 31 26 of
729 831 46 26 the
785 831 80 28 Duke
878 832 31 27 of
918 832 128 31 Leinster,
1058 830 45 27 the
1113 829 60 27 Earlot
1183 829 177 35 Renmare,

605 866 47 26 the
667 867 62 26 Tarl
742 868 31 25 ot
782 868 93 31 Rosse,
887 868 45 26 ihe
943 867 83 34 Right
1040 867 70 25 Hon.
1120 866 32 26 D.
1166 866 33 27 R.
1213 866 85 34 Pigot,
1309 868 52 26 and

605 902 48 27 the
668 903 82 34 Right
763 904 71 26 Hon.
855 903 41 26 Sir
915 903 118 26 Thomas
1053 901 160 33 Fremantle,
1233 902 80 33 Bart.,
1332 906 28 23 to

605 938 35 27 be
653 938 116 27 Visitors
782 940 31 25 of
829 938 150 35 Maynooth
992 937 115 33 College.
1143 936 77 28 The.
1231 938 113 27 Gazette

604 974 58 28 also
674 975 123 27 contains
810 983 15 18 a
837 975 133 33 Treasury
980 975 116 24 warrant
1105 972 115 36 altering
1232 973 45 28 the
1289 979 71 23 rates

604 1011 32 26 of
645 1015 111 31 postage
768 1011 119 27 betneen
900 1009 53 27 this
969 1012 115 30 country
1096 1009 52 26 and
1160 1010 135 33 Hanover,
1308 1010 52 27 and

604 1047 31 26 of
641 1047 45 26 ihe
697 1047 96 33 Duchy
804 1046 31 26 ol
844 1045 160 26 Brunsice.
1042 1045 209 28 Henceformard
1263 1047 36 26 all
1311 1047 49 27 let-

603 1086 55 23 ters
669 1081 171 28 transmitted
852 1083 44 26 via
908 1081 45 25 the
966 1080 74 33 Elbe,
1054 1089 63 26 may
1130 1080 33 28 be
1176 1086 60 22 gent
1248 1083 62 34 paid
1329 1092 31 18 or

602 1118 111 35 unpaid,
723 1117 141 34 according
876 1120 27 23 to
917 1116 45 26 the
970 1116 94 34 option
1078 1117 31 26 o
1117 1117 45 27 the
1175 1118 102 33 sender,
1299 1112 60 45 Dthe

602 1156 185 33 prepayment,
818 1153 142 31 honever,
979 1155 28 23 to
1037 1152 105 27 inelude
1172 1154 46 27 the
1247 1159 113 31 postage

600 1190 174 34 throughout,
794 1188 99 26 British
914 1187 53 27 and
990 1188 111 36 foreign.
1139 1190 57 26 The
1214 1192 71 34 priee
1299 1193 30 26 ot
1343 1201 16 17 a

601 1226 87 31 letter,
702 1228 47 22 not
762 1224 143 34 exceeding
914 1224 60 26 half
982 1233 33 17 an
1029 1233 85 19 ounee
1126 1225 27 27 in
1168 1227 106 35 weight,
1284 1231 29 24 to
1326 1228 33 27 be

601 1261 42 27 Gd.
667 1260 97 26 British:
776 1259 150 34 —Thevond
946 1260 60 26 that
1023 1261 99 34 ven
1141 1270 16 18 a
1175 1264 183 33 proportional

601 1300 58 23 rate
671 1297 23 25 is
707 1295 170 27 established.
910 1296 180 35 Nouspapers
1101 1306 45 18 are
1158 1301 28 23 tò
1199 1298 33 27 bè
1244 1299 116 34 charged

601 1341 51 17 one
667 1340 97 26 penny.
800 1332 57 25 The
870 1331 79 27 latter
961 1332 150 34 regulation
1125 1333 52 26 will
1189 1333 33 27 be
1235 1334 82 27 found
1330 1339 28 23 to

601 1368 35 28 be
650 1377 15 18 a
684 1371 76 32 great
780 1367 73 28 boon
870 1371 28 23 to
918 1368 46 27 the
986 1368 129 27 receivers
1131 1369 28 27 in
1178 1369 130 29 Hanover
1328 1380 31 18 or

602 1405 165 32 Brunswick,
790 1405 46 26 the
857 1405 43 26 old
924 1405 97 30 charge
1043 1405 101 35 having
1166 1406 69 27 been
1259 1407 60 26 half
1343 1417 15 17 a

603 1442 127 26 Prussian
748 1441 92 33 dollar,
861 1450 30 17 or
909 1444 37 24 Is.
968 1441 42 27 Gd.
1032 1441 109 28 Britisn.
1176 1443 181 27 Transmitted

602 1477 135 32 overland,
761 1477 116 34 through
901 1477 126 32 Holland,
1051 1478 128 34 Belgium,
1199 1487 31 18 or
1247 1479 109 33 France,

600 1512 47 27 the
662 1515 57 24 rate
732 1513 30 25 of
771 1517 111 30 postage
894 1512 23 27 is
930 1517 48 22 not
990 1513 108 27 altered.

633 1554 57 26 The
703 1554 94 26 official
810 1554 163 26 declaration
986 1555 31 25 oſ
1025 1555 45 26 the
1083 1558 70 24 state
1165 1555 31 26 of
1204 1555 45 26 the
1261 1556 55 34 poll
1329 1559 28 23 at

593 1589 51 27 the
658 1590 160 26 Southæark
830 1590 111 27 eleetion
951 1599 54 17 was
1018 1591 76 26 made
1106 1591 142 35 vesterday
1262 1592 36 34 hy
1311 1592 45 27 the

598 1625 74 34 Nigh
687 1626 96 32 Bailifi,
795 1625 76 27 vhen
883 1626 40 26 sir
934 1627 41 27 M.
986 1627 175 27 Molesworth
1171 1636 54 18 was
1235 1627 120 28 declared

598 1661 64 34 duly
676 1661 109 27 elected.
822 1662 41 26 Sir
877 1662 115 26 wiliam
1005 1663 127 27 returned
1151 1663 100 27 thanks
1264 1664 27 26 in
1310 1664 45 27 the

598 1706 74 17 same
692 1697 99 35 manlsy,
804 1697 99 27 honest
921 1698 93 32 strain,
1027 1699 60 26 that
1099 1699 49 26 has
1161 1699 193 27 characterised

597 1733 36 26 all
646 1733 41 26 his
700 1733 140 26 addresses
853 1736 29 23 to
899 1733 42 27 his
954 1738 109 30 present
1075 1735 187 28 constituents.
1297 1736 57 26 The

598 1768 79 26 other
688 1769 155 25 candidates
854 1769 57 25 also
922 1769 141 26 addressed
1077 1770 45 26 ihe
1135 1771 121 26 electors.

633 1803 57 26 The
715 1803 152 27 Guardians
898 1804 31 26 of
953 1804 46 26 the
1024 1805 157 27 Greenvich
1206 1806 80 27 Poor-
1289 1807 59 26 Lav

597 1838 90 27 Lnion
699 1839 68 27 have
784 1840 120 27 resolved
924 1843 28 24 to
974 1840 65 27 send
1052 1850 16 18 a
1080 1841 157 35 deputation
1259 1846 28 23 to
1307 1843 46 26 the

595 1874 149 27 Poor-liam
769 1875 230 33 Commissioners,
1019 1880 28 23 to
1066 1886 66 26 urge
1155 1887 35 17 on
1211 1878 75 27 them
1306 1879 46 26 the

592 1910 195 35 inexpedieney
800 1911 32 26 of
838 1912 117 34 forming
967 1921 33 17 an
1014 1913 105 33 asylum
1130 1914 27 25 in
1169 1913 59 26 that
1241 1914 101 27 district

589 1946 53 26 and
657 1951 27 32 io
697 1950 109 31 request
824 1946 74 28 them
912 1950 27 24 to
952 1948 105 27 rescind
1069 1948 70 27 their
1151 1948 79 28 order
1241 1950 110 27 relative

589 1984 29 24 to
633 1982 168 27 Greenvich.

625 2017 268 35 TheNottingnam
916 2019 128 26 Journal'
1062 2019 31 25 of
1110 2020 144 35 yesterday
1266 2023 83 25 statos

586 2052 60 27 that
659 2053 46 26 the
718 2053 110 35 hosiery
841 2054 53 25 and
906 2053 56 27 lace
975 2054 89 26 trades
1077 2063 47 18 arè
1137 2055 210 36 sloulythough

585 2088 100 26 almost
697 2088 208 35 imperceptibly
918 2089 141 27 declining.

621 2126 23 25 A
659 2124 84 27 striks
756 2125 41 26 for
817 2134 33 17 an
869 2125 119 26 advance
1001 2125 32 26 of
1048 2134 88 26 wages
1150 2127 32 25 of
1195 2126 45 28 the
1253 2136 94 25 opera-

585 2160 55 27 tive
653 2164 91 23 cotton
761 2160 123 35 spinners
904 2161 143 35 employed
1063 2161 28 27 in
1111 2161 85 28 about
1209 2163 95 27 twelve
1317 2172 31 18 or

589 2196 92 27 fifteen
702 2197 124 27 factories
845 2197 28 27 in
896 2197 127 33 Glasgon
1045 2198 52 27 and
1118 2198 46 27 the
1182 2199 164 34 neighhour-

584 2233 82 32 hood,
680 2233 67 27 took
760 2233 75 34 place
855 2242 35 18 on
910 2233 125 36 Tuesday
1048 2234 61 28 last.
1146 2235 58 27 The
1217 2232 128 32 demands

587 2269 31 26 of
642 2269 46 26 the
708 2269 146 33 workmen,
879 2270 137 34 requiring
1033 2279 35 17 an
1087 2271 118 27 advance
1228 2273 31 25 of
1277 2273 67 26 ſrom

588 2307 47 24 ten
648 2308 28 23 to
689 2305 91 26 fifteen
792 2313 48 26 per
852 2308 79 29 cent,
944 2306 144 35 according
1100 2310 28 23 to
1140 2307 45 26 te
1196 2307 53 27 sise
1262 2308 30 26 of
1301 2308 45 27 the

586 2340 110 34 vheels,
710 2349 69 18 were
793 2341 153 33 oventually
959 2342 97 33 agreed
1075 2348 26 20 ſo
1114 2342 36 35 by
1163 2343 46 26 the
1221 2348 122 24 masters.

620 2376 59 27 The
720 2376 163 27 Caledonian
908 2377 141 35 Mercury'
1074 2381 84 24 states
1188 2379 60 27 that
1273 2380 70 27 Lord

588 2412 134 27 Panmure
732 2420 54 18 as
798 2412 88 27 seiged
899 2412 64 26 with
976 2413 103 27 serlous
1092 2414 188 35 indisposition
1292 2416 51 26 last

585 2448 85 33 week,
696 2447 79 28 while
799 2451 29 24 at
850 2448 42 27 his
914 2448 127 37 shooting
1062 2453 122 32 quarters
1208 2461 66 18 neur
1297 2453 46 26 the

584 2485 172 34 Grampians.

620 2521 138 26 Accounts
769 2520 70 27 from
852 2520 108 27 Ireland
979 2524 139 32 represent
1133 2523 46 27 the
1198 2523 104 28 disease
1315 2525 26 26 in

584 2555 47 27 the
655 2560 95 31 potato
774 2565 63 26 crop
861 2565 30 18 as
914 2557 141 35 prevalent
1083 2558 76 28 there
1183 2568 30 18 as
1236 2560 27 27 in
1288 2561 53 26 this

581 2597 123 30 country.

619 2628 57 27 The
686 2629 189 32 inauguration
889 2629 31 27 of
928 2629 45 27 the
986 2632 90 25 statue
1088 2631 32 26 of
1128 2631 68 28 Jean
1210 2632 72 32 Bart,
1295 2633 46 28 the

577 2664 105 27 famous
696 2674 46 18 sea
754 2666 106 34 captain
873 2667 27 26 in
913 2666 46 26 the
972 2666 64 27 time
1049 2667 32 27 of
1087 2668 82 27 Louis
1183 2669 77 34 XIV,
1273 2670 67 26 took

580 2701 76 34 place
669 2704 28 24 at
709 2702 136 33 Dunkirk,
858 2702 42 27 his
913 2703 90 26 native
1017 2707 80 29 toen,
1108 2713 35 17 on
1157 2705 109 34 Sunday
1280 2706 59 32 last,

579 2737 65 27 with
658 2741 76 31 great
746 2747 144 26 ceremony
903 2739 52 26 and
974 2739 154 34 splendour.
1165 2740 57 26 The
1241 2744 97 26 statue-

580 2773 87 27 ghich
679 2774 23 26 is
722 2775 31 26 of
768 2774 99 27 bronze
881 2774 51 26 and
949 2774 31 26 of
994 2774 116 26 colossal
1123 2775 63 34 sige,
1199 2775 23 26 is
1235 2776 105 26 erected

579 2809 27 27 in
620 2810 46 26 the
680 2814 77 31 great
769 2819 98 26 square
880 2809 31 26 ot
919 2809 47 26 the
978 2812 82 24 tovn.

614 2855 24 26 A
652 2854 107 27 Madrid
771 2862 93 26 paper,
883 2853 76 26 the.
972 2854 137 31 Heraldo,
1130 2862 63 25 snys
1215 2854 60 27 that
1292 2855 46 26 the

577 2890 75 33 King
665 2890 31 25 of
710 2889 117 30 Prussia,
850 2889 99 33 during
967 2888 46 25 the
1032 2889 53 25 last
1103 2889 154 33 diplomatio
1275 2898 63 18 con-

576 2925 107 26 ferenee
693 2924 60 25 that
762 2923 67 26 took
837 2923 75 33 place
921 2927 28 22 at
959 2923 165 32 Stolzenfels,
1135 2925 202 26 recommended

576 2959 48 25 the
636 2958 168 35 recognition
817 2958 31 26 ot
856 2958 93 29 Queen
964 2958 116 26 Isabella
1093 2958 35 35 by
1142 2959 45 25 the
1201 2959 135 27 Northern

580 2995 117 25 Pomers.
734 2993 26 26 It
772 2993 23 26 is
817 2993 57 26 said
892 2993 60 26 that
970 2993 46 26 the
1040 2994 73 34 Ring
1132 2994 23 26 is
1178 2994 120 27 desirous
1311 2996 29 25 of

580 3028 178 36 establishing
776 3029 168 27 commercial
965 3029 128 27 relations
1114 3029 122 29 betmeen
1255 3032 79 35 Spain

580 3065 53 26 and
647 3065 45 27 the
705 3065 160 28 Zollverein.

615 3107 86 26 The.
711 3107 141 34 Hamburg
862 3107 121 27 Gaaette
996 3116 62 25 says
1078 3108 60 27 that
1151 3108 45 27 the
1209 3109 125 34 provinee

577 3142 31 26 of
617 3142 172 34 Ronigsberg
801 3142 23 26 is
838 3143 104 33 greatly
955 3142 117 27 alarmed
1085 3147 28 22 at
1131 3144 47 26 the
1196 3144 64 33 high
1275 3154 59 24 pro-

575 3177 98 24 tective
702 3177 88 24 duties
818 3177 199 32 cõntemplated
1045 3178 36 31 by
1104 3178 46 24 the
1175 3178 158 25 Zolſverein.

576 3210 58 25 The
647 3210 130 33 adoption
790 3210 31 25 of
829 3210 65 25 such
906 3210 87 25 daties
1003 3210 89 25 would
1104 3210 33 26 be
1147 3219 16 17 a
1173 3211 87 25 death-
1265 3212 67 26 blov

575 3247 30 23 to
618 3245 60 26 that
689 3245 136 33 provinee,
833 3244 88 27 vhich
930 3245 23 25 is
963 3244 152 35 depending
1124 3245 85 35 solely
1219 3254 34 18 on
1264 3247 69 34 agri-

576 3279 113 27 culture.

613 3315 59 25 The
685 3315 95 26 Pacifie
793 3316 90 25 Steam
896 3316 140 33 Company
1047 3315 49 26 has
1111 3316 59 33 just
1187 3317 144 27 concluded

575 3358 17 17 a
605 3352 120 23 contract
741 3350 128 25 withethe
891 3350 100 25 British
1012 3351 182 27 Government
1212 3352 119 27 between

576 3384 160 33 Valparaiso
756 3385 51 25 and
827 3385 126 25 Panama.
991 3385 78 26 From
1091 3386 46 26 the
1155 3386 80 27 latter
1257 3388 73 34 place

575 3420 65 32 they
651 3419 53 25 will
717 3427 73 18 cross
809 3419 46 26 the
873 3419 115 26 isthmus
1007 3423 28 23 to
1058 3421 124 34 Chagres,
1197 3422 51 27 and
1267 3423 63 27 then

574 3454 35 27 be
631 3454 118 32 brought
770 3457 27 23 to
820 3454 53 26 this
894 3459 113 31 country
1029 3456 35 35 by
1088 3456 46 27 the
1158 3458 73 26 west
1253 3458 78 27 India

575 3489 88 33 Royal
687 3489 66 26 Mail
775 3490 88 26 Steam
883 3490 162 35 Compaùy's
1063 3492 100 27 vessels
1181 3496 29 23 to
1229 3494 99 27 South-

576 3527 121 33 ampton.

1048 3599 138 34 Soturdoy
1197 3599 97 35 Nigdt.

609 3634 41 34 By
674 3633 47 26 ths
744 3633 95 26 arrival
861 3635 30 26 of
907 3644 16 17 a
942 3637 86 26 vessel
1050 3641 29 23 at
1100 3638 141 27 Falmouth
1261 3640 67 26 from

573 3670 112 25 Buenos
698 3669 96 33 Ayres,
808 3668 63 27 with
886 3679 97 26 papers
1001 3672 68 27 from
1088 3674 45 26 the
1154 3675 80 25 River
1254 3675 74 27 Plate

571 3707 30 24 to
615 3705 45 26 the
674 3706 61 24 ↄ1st
754 3704 31 25 o
800 3704 77 32 Inne,
893 3714 37 17 æc
949 3706 74 27 lenrn
1042 3709 58 26 that
1112 3718 16 17 à
1147 3710 178 28 modifiention

574 3741 32 25 of
615 3741 44 25 the
676 3739 130 26 Brazilian
825 3740 111 26 Cabinet
948 3742 66 26 took
1032 3744 73 33 place
1118 3754 35 17 on
1166 3745 45 26 the
1225 3747 61 25 ↄth
1301 3749 29 24 of

575 3776 74 34 May,
665 3774 85 27 ehich
761 3774 21 26 it
794 3775 23 25 is
837 3775 87 34 hoped
936 3777 52 25 vill
1007 3787 81 24 prove
1107 3780 45 27 the
1170 3781 157 29 forerunner

572 3813 33 25 of
619 3821 15 17 à
648 3820 74 18 more
735 3810 99 27 cordial
853 3811 208 38 understanding
1079 3816 120 28 hetneen
1217 3818 46 27 te
1278 3821 47 25 πσ

568 3848 111 34 gentine
692 3847 53 27 and
764 3848 45 25 the
827 3847 124 32 Imperial
970 3849 194 30 Governments
1182 3853 66 27 than
1267 3855 59 27 that

572 3883 88 27 wbich
674 3883 47 25 has
734 3883 41 25 for
788 3891 74 17 some
872 3882 62 26 time
948 3885 111 26 existed.

604 3926 25 26 A
650 3926 80 34 Prlex.
748 3926 110 26 Council,
881 3935 54 17 as.
961 3927 62 26 held
1043 3930 93 34 to-day
1157 3935 27 22 at
1203 3933 121 27 Osborne

564 3961 97 30 house,
676 3962 26 23 in
717 3961 45 25 the
778 3962 52 25 Isle
843 3961 30 25 of
883 3961 97 34 Vight.
1017 3963 55 26 The
1084 3967 130 26 mémhers
1234 3968 89 26 ofthι

566 3996 114 28 Cabinet
691 3996 59 26 vho
761 3997 126 26 attended
899 3997 21 26 it
932 3997 47 27 left
990 4000 70 24 tomn
1074 4003 28 21 at
1111 3992 65 48 half.
1178 4006 60 30 past
1251 4003 73 34 eight

564 4033 55 28 this
633 4032 126 33 morning
773 4033 32 34 hy
819 4041 16 18 a
848 4033 98 35 special
960 4034 67 26 train
1041 4043 34 17 on
1092 4035 45 27 the
1150 4037 85 27 South
1250 4039 72 26 wos.

564 4073 60 25 tern
643 4069 128 34 Railwav.

595 4143 109 22 ILvNeEss
729 4148 31 17 or
786 4142 42 22 Mn
852 4141 125 23 WaRunv.
989 4142 75 23 DThe
1091 4143 116 24 Medical
1229 4145 91 23 Times

562 4180 71 19 states
652 4177 50 22 that
722 4176 38 22 Mr
774 4175 160 30 Wakleynthe
947 4175 102 24 Coroner
1068 4175 35 24 for
1122 4177 138 27 Middlesex,
1279 4178 41 23 has

1452 324 146 46 THE
1657 324 428 47 EXAMINER.

1573 429 379 35 MIsCEII.ANFEous.

1421 475 57 23 Tus
1506 475 147 22 OwuNrlι.
1677 469 63 39 The
1762 474 76 24 Social
1866 476 135 24 Institution
2030 476 23 23 in
2076 475 63 23 Iohn

1388 512 78 25 street,
1488 502 139 40 Tottennam
1640 510 68 19 oourt
1727 507 64 28 road,
1811 507 19 24 is
1853 509 102 29 defunct,
1976 510 48 22 like
2044 509 29 22 its
2092 509 46 22 late

1387 545 122 27 prototype
1520 541 24 23 in
1556 541 39 22 the
1608 539 140 23 Blacbfriars
1760 541 62 22 road.
1852 542 50 23 The
1914 543 107 29 building
2032 541 106 29 cehanged

1388 575 73 22 nands
1479 575 44 22 ast
1535 573 72 23 week.
1641 572 33 23 Its
1691 573 116 23 members
1825 576 45 22 and
1889 576 100 22 finances
2001 576 59 21 fiave
2079 575 58 21 been

1386 608 81 29 slomly
1479 607 127 29 dwindling
1618 606 66 23 dovn
1698 605 35 23 till
1749 607 55 30 they
1816 615 38 15 are
1866 609 161 30 considerably
2038 608 24 23 in
2075 608 61 22 debt.

1388 641 50 22 The
1449 641 114 28 building,
1574 639 74 23 vhieh
1668 639 19 22 is
1699 647 55 22 very
1766 642 164 28 eommodious,
1949 642 19 22 is
1989 649 51 15 nov
2053 640 84 23 turned

1386 673 49 23 into
1453 681 14 15 a
1484 674 13 11 “
1507 672 140 23 Mechanics:
1662 672 160 24 Institution.“
1857 674 21 23 Jt
1896 682 53 22 may
1961 675 47 22 also
2026 675 28 22 be
2070 680 66 15 men-

1385 706 81 24 tioned
1477 707 50 21 that
1538 706 39 22 the
1587 704 116 23 Socialis
1713 704 82 31 (about
1805 707 35 22 six
1850 715 66 22 years
1927 706 74 30 ince)
2014 706 123 30 expended

1385 740 70 22 about
1473 739 37 27 30,
1513 737 73 24 000l.
1593 738 24 22 in
1636 738 89 29 buying
1745 738 55 23 land
1818 740 46 22 and
1887 740 107 28 building
2014 747 13 15 a
2046 739 47 23 nall
2111 738 24 22 in

1386 771 149 30 Hampshire.
1570 770 122 30 Harmony
1712 771 112 24 Hallethe
1843 773 65 29 place
1926 780 45 15 was
1990 772 81 27 called,
2090 771 45 22 and

1385 805 39 23 the
1447 804 106 24 Ovenite
1574 803 126 31 principles
1721 811 59 16 were
1803 806 65 23 there
1887 806 89 23 carried
1996 809 40 19 out
2054 808 23 19 to
2096 804 39 22 the

1384 838 78 23 ſullest
1483 840 95 23 extent:
1603 836 46 24 this
1670 837 41 23 has
1730 837 70 24 failed
1819 839 111 29 likevise,
1951 839 46 23 and
2017 838 24 23 in
2059 845 14 16 a
2092 837 43 23 fev

1384 872 84 22 veeks'
1481 871 55 23 time
1548 870 30 23 all
1594 870 46 22 will
1659 878 64 15 eome
1735 873 75 22 under
1823 873 39 22 the
1874 873 105 22 hummer
1997 875 23 19 to
2038 878 46 23 pay
2096 870 39 23 the

1383 905 65 22 loans
1459 904 99 29 granted
1570 906 23 19 at
1605 903 40 23 the
1657 909 198 19 commencement
1864 905 26 23 ot
1898 906 39 22 the
1949 904 166 29 undertabiug.

1416 937 56 22 Tut
1491 936 138 23 AvAnD
1647 936 203 25 SauapRoN.
1801 931 49 41 DIt
1868 946 73 15 seems
1960 938 39 22 the
2011 937 85 22 vessels
2113 935 27 24 of

1383 970 39 23 the
1441 969 176 30 Experimental
1637 969 122 31 Sanadron
1777 978 38 16 are
1833 971 106 24 dreadful
1957 971 56 23 sloæ
2031 970 103 23 coaches.

1384 1004 67 22 Some
1463 1003 26 23 of
1497 1003 63 22 them
1572 1003 55 29 only
1639 1011 29 22 go
1680 1004 65 29 eight
1762 1005 66 23 miles
1840 1013 28 15 an
1882 1005 67 22 hour.
1983 1004 43 22 We
2038 1010 97 23 propose

1384 1037 51 23 that
1447 1036 61 23 their
1520 1044 79 15 names
1612 1037 28 22 be
1652 1037 88 23 altered
1753 1042 23 18 to
1788 1038 46 22 suit
1846 1038 61 23 their
1925 1037 108 23 intuitive
2047 1044 88 22 pomers

1382 1070 26 24 oſ
1416 1070 117 24 slowness,
1544 1069 35 23 for
1596 1069 18 23 it
1625 1069 66 24 lools
1709 1070 47 23 libe
1768 1072 109 29 mockery
1889 1076 22 18 to
1923 1071 43 23 cal
1984 1077 15 15 a
2010 1070 73 23 vessel
2096 1070 39 22 the

1384 1103 104 30 Monkey
1500 1103 67 22 vhen
1586 1103 18 22 it
1621 1111 54 21 goes
1689 1111 28 15 no
1733 1104 70 23 faster
1815 1105 55 22 than
1888 1112 13 15 a
1920 1104 77 29 night-
2001 1104 40 22 eab
2060 1103 73 22 horse.

1383 1137 43 23 we
1438 1140 94 26 suggest
1551 1136 50 23 that
1613 1137 39 22 the
1665 1137 116 30 Grampus
1800 1138 28 22 be
1845 1137 159 23 rechristened
2023 1136 39 23 the
2076 1136 58 22 Tor-

1383 1170 64 28 toise,
1461 1170 50 23 that
1522 1170 40 23 the
1574 1169 82 24 Iackal
1673 1171 29 22 be
1714 1171 104 30 ehanged
1830 1171 50 22 into
1892 1171 39 23 the
1944 1170 71 27 Snail,
2027 1170 46 22 and
2085 1169 52 23 that

1383 1204 39 23 the
1431 1204 91 23 slowest
1531 1203 26 23 of
1565 1203 40 23 the
1617 1203 31 23 lot
1660 1204 28 22 be
1698 1204 172 30 appropriately
1879 1204 74 23 called
1965 1204 39 22 the
2014 1202 122 25 Omnibus,

1382 1244 25 16 or
1419 1237 39 23 the
1471 1237 122 30 Chancery
1605 1237 59 23 Suit.
1699 1237 50 23 The
1769 1238 104 29 Monkey
1884 1242 99 18 steamer
1995 1236 75 29 might
2082 1236 54 22 take

1383 1270 39 23 the
1442 1278 67 15 name
1522 1270 26 23 of
1562 1269 83 23 Prince
1657 1270 117 28 Ioinville,
1786 1274 41 19 out
1847 1270 26 23 of
1889 1270 150 30 compliment
2058 1273 22 19 to
2100 1269 35 22 his

1382 1304 119 29 pamphlet
1512 1303 34 23 for
1557 1303 112 29 invading
1681 1304 116 29 England,
1808 1304 35 23 for
1853 1311 34 15 we
1899 1307 62 19 must
1972 1311 40 22 say
2022 1310 33 15 vre
2065 1309 70 16 never

1382 1336 68 23 Enem
1461 1336 115 30 anything
1595 1336 24 22 in
1638 1336 101 23 nautical
1759 1341 95 19 matters
1872 1337 80 23 slover
1970 1336 56 22 than
2044 1336 91 23 that.

1383 1369 112 24 Puneh.

1414 1404 131 23 Disnasnd
1557 1403 229 23 PorAro-ς
1701 1399 32 38 —
1732 1399 52 38 The
1798 1407 108 19 accounts
1914 1403 58 22 from
1985 1403 39 22 the
2036 1406 98 26 country

1381 1444 25 15 as
1417 1438 51 22 vell
1481 1445 24 15 as
1517 1437 58 23 from
1587 1437 39 22 the
1636 1437 120 23 continent
1768 1437 72 29 speak
1852 1437 48 22 of
1883 1432 21 40 à
1912 1436 89 23 disease
2015 1437 30 29 by
2057 1436 75 22 vhich

1382 1470 38 22 the
1432 1475 103 24 potatoes
1543 1478 39 15 are
1593 1470 120 29 generally
1721 1471 104 21 affected.
1860 1470 28 21 In
1896 1477 69 21 many
1960 1465 39 38 of
2004 1469 39 22 the
2051 1476 82 22 poorer

1381 1502 100 23 distriets
1493 1503 26 23 of
1527 1503 38 23 the
1574 1503 134 29 metropolis
1718 1507 103 24 potatoes
1830 1509 59 15 were
1902 1502 49 22 sold
1963 1505 23 19 at
1995 1502 37 22 2.
2044 1501 33 22 for
2085 1502 45 22 4lb.

1380 1535 45 22 and
1439 1536 45 22 blb.
1497 1536 44 22 last
1553 1536 122 29 Saturday.
1710 1535 138 29 Externally
1862 1535 39 22 the
1915 1534 89 22 disease
2018 1534 113 22 indicates

1379 1567 65 24 itself
1459 1569 30 30 by
1507 1575 13 16 a
1532 1576 60 15 moss
1603 1576 26 15 or
1644 1569 93 29 fungus,
1750 1567 130 31 produeing
1891 1574 13 15 a
1915 1567 181 29 decomposition
2109 1567 26 22 of

1379 1601 39 23 the
1430 1601 144 24 farinaceous
1584 1602 101 23 interior.
1720 1602 80 22 Inithe
1814 1601 44 23 Isle
1872 1600 26 24 or
1907 1600 83 30 wight,
2003 1600 76 23 vhere
2092 1600 38 23 the

1379 1634 89 24 disease
1480 1635 41 23 has
1534 1636 109 22 occurred
1655 1635 24 23 in
1691 1635 30 23 its
1732 1639 60 19 most
1804 1634 101 23 virulent
1913 1634 66 28 form,
1988 1634 17 22 it
2017 1641 46 15 was
2071 1638 59 18 most

1378 1668 150 28 prevalent
1500 1663 31 40 in
1541 1669 65 22 those
1618 1676 65 22 erops
1695 1669 74 22 vhich
1781 1668 46 23 had
1840 1669 58 21 been
1907 1668 96 29 planted
2013 1674 28 15 on
2055 1667 74 23 vheat

1378 1700 62 28 land,
1452 1701 76 23 which
1540 1701 46 23 had
1604 1702 58 22 been
1675 1702 113 22 manured
1805 1701 55 23 with
1872 1707 84 22 guano.
1992 1700 50 22 The
2055 1707 40 15 use
2107 1700 26 22 of

1377 1733 39 23 the
1428 1733 105 24 diseased
1552 1738 104 26 potatoes
1674 1735 83 22 should
1777 1735 28 22 be
1823 1733 106 24 avoided.
1963 1733 43 23 Ve
2024 1733 104 29 perceive

1377 1766 51 22 that
1440 1767 38 22 Mr
1491 1767 121 28 Herapath
1624 1768 41 21 has
1678 1767 125 22 addressed
1814 1774 13 15 a
1839 1767 68 21 letter
1925 1770 23 18 to
1960 1766 39 22 the
2012 1766 82 22 Editor
2106 1768 22 20 ot

1377 1798 39 23 the
1437 1798 100 23 Bristol
1558 1799 125 30 Mereury'
1702 1807 28 15 on
1751 1800 40 22 the
1809 1800 96 28 subject,
1925 1798 23 22 in
1968 1798 82 28 which,
2069 1798 59 23 after

1376 1831 132 31 deseribing
1525 1832 40 23 the
1583 1836 82 20 nature
1684 1833 26 23 of
1727 1833 38 23 the
1784 1832 96 28 disease,
1902 1832 29 22 he
1950 1839 51 23 says
2020 1831 50 24 that
2088 1832 39 23 the

1375 1865 81 29 longer
1476 1866 39 22 the
1535 1873 53 22 crop
1608 1866 100 23 remains
1729 1867 23 22 in
1776 1867 39 22 the
1838 1866 55 22 land
1913 1866 39 22 the
1973 1870 92 25 greater
2088 1866 38 22 the

1374 1898 78 30 injury
1464 1898 94 23 willbe.
1593 1899 36 22 He
1641 1900 123 22 coneludes
1782 1900 30 29 by
1824 1899 39 23 the
1880 1898 213 31 recommendation
2105 1899 25 22 of

1375 1931 39 22 the
1425 1931 118 30 following
1555 1939 91 22 process
1665 1932 34 23 for
1711 1933 134 29 preserving
1862 1932 40 23 the
1914 1931 111 24 nutritive
2036 1935 53 26 part
2105 1932 25 22 of

1375 1964 40 22 the
1437 1968 92 26 potato:
1547 1965 31 16 —u
1589 1965 66 23 After
1677 1966 105 29 washing
1804 1966 39 22 the
1866 1969 69 24 roots,
1958 1965 31 23 let
2012 1965 64 23 them
2098 1966 29 21 be

1373 1998 84 28 rasped
1476 1997 47 23 fine
1534 1998 47 22 and
1600 1998 89 22 throvn
1708 1998 50 23 into
1770 2006 13 15 à
1794 1999 63 28 large
1870 1999 41 21 tub
1924 2005 24 15 or
1960 1998 67 22 other
2039 1998 87 26 vessel:

1374 2036 59 21 pour
1451 2037 13 15 a
1477 2030 158 23 considerable
1649 2031 108 30 quantity
1769 2031 26 22 of
1810 2035 78 23 water,
1908 2031 46 22 and
1971 2031 51 22 well
2041 2030 86 28 agitate

1372 2062 45 21 and
1430 2063 43 21 rub
1486 2062 40 22 the
1538 2063 56 28 pulp
1605 2063 55 22 with
1674 2063 40 22 the
1726 2064 90 25 hands;
1835 2064 30 21 all
1878 2064 39 21 the
1929 2063 76 22 stareh
2016 2070 25 15 or
2053 2063 74 22 fecula

1371 2093 54 28 will,
1437 2094 58 22 from
1507 2094 30 22 its
1549 2098 66 25 great
1628 2095 93 29 weight,
1741 2095 40 23 fall
1798 2099 23 19 to
1834 2095 39 23 the
1892 2096 95 26 bottom,
2001 2095 68 23 vhile
2088 2096 40 22 the

1371 2126 53 23 skin
1444 2127 48 22 and
1511 2127 86 23 fibrous
1617 2132 85 18 matter
1723 2128 46 23 vill
1792 2129 28 21 be
1843 2128 88 22 carried
1954 2135 64 23 away
2038 2129 30 28 by
2088 2129 39 22 the

1369 2164 84 23 water;
1475 2160 63 22 wash
1558 2160 40 23 the
1616 2161 76 22 stareh
1711 2161 56 22 with
1786 2168 44 15 one
1849 2168 26 15 or
1893 2166 44 18 two
1955 2168 63 16 more
2037 2165 89 24 waters,

1369 2193 111 30 alloving
1498 2193 18 23 it
1537 2197 22 20 to
1578 2193 40 23 fall
1637 2194 59 23 after
1715 2194 56 23 each
1790 2194 118 30 washing;
1926 2195 84 29 spreud
2028 2194 18 24 it
2065 2203 61 21 upon

1369 2227 74 23 cloths
1462 2227 24 22 in
1498 2234 14 14 à
1523 2234 70 16 warm
1614 2235 64 16 room
1692 2232 23 19 to
1733 2228 100 30 dryin
1853 2228 45 22 this
1911 2235 50 23 way
1972 2229 69 22 about
2060 2229 29 23 20
2102 2236 25 15 or

1369 2260 27 22 21
1408 2261 42 22 lbs.
1462 2260 48 23 will
1526 2262 28 22 be
1566 2261 110 23 obtained
1695 2261 58 23 from
1770 2269 70 22 every
1861 2262 43 22 100
1915 2261 41 23 lbs.
1974 2261 24 23 of
2013 2265 110 26 potatoes,

1368 2294 46 21 and
1437 2293 18 23 it
1477 2294 106 22 contains
1604 2301 24 15 as
1652 2295 68 22 much
1744 2295 162 22 nourishment
1925 2302 24 15 as
1968 2295 39 22 the
2026 2294 98 30 original

1368 2330 76 24 roots;
1462 2327 18 22 it
1492 2326 46 23 will
1550 2327 60 30 keep
1622 2334 46 23 any
1680 2328 81 29 length
1774 2328 26 22 of
1807 2328 63 27 time,
1882 2328 47 22 and
1941 2328 74 29 might
2027 2328 28 22 be
2067 2329 57 22 used

1367 2359 56 22 with
1443 2360 59 22 flour
1514 2364 23 19 to
1549 2360 69 23 make
1634 2361 79 27 bread,
1725 2361 57 29 pies,
1794 2361 126 29 puddings,
1932 2361 49 27 &c.
1993 2368 24 15 as
2030 2361 50 22 well
2100 2368 23 16 as

1367 2392 144 23 farinaceous
1523 2400 71 22 spoon
1606 2398 69 18 meat.
1703 2393 56 23 This
1772 2394 19 22 is
1802 2394 69 22 much
1884 2394 75 22 petter
1971 2394 56 22 than
2040 2393 83 23 throm-

1366 2425 41 30 ing
1424 2432 65 23 away
1507 2426 40 23 the
1567 2426 106 23 diseased
1693 2432 70 23 roots,
1781 2427 46 22 and
1844 2427 47 22 will
1909 2426 91 23 furnish
2018 2427 53 23 iood
2089 2427 34 23 for

1367 2462 50 21 tens
1429 2459 26 23 of
1463 2459 128 24 thousands
1602 2460 52 23 vho
1665 2460 75 30 might
1752 2460 122 24 othervise
1886 2464 61 19 want
1959 2460 42 23 it.

1397 2502 115 22 Casrieo
1527 2509 31 16 or
1570 2509 51 16 rus
1632 2503 183 22 wnτιNοι
1827 2503 110 22 SrAruS.
1948 2498 80 39 DLast
2041 2503 80 22 Satur-

1366 2534 45 30 day
1423 2535 122 23 aſternoon
1560 2542 13 16 a
1585 2536 99 22 number
1696 2536 26 22 of
1736 2536 112 23 scientiſic
1860 2536 46 22 and
1924 2536 95 29 literary
2031 2536 91 29 gentle-

1365 2574 53 16 men
1431 2568 124 23 witnessed
1574 2569 39 22 the
1626 2569 90 29 casting
1733 2569 26 22 of
1774 2573 124 19 seventeen
1912 2572 51 19 tons
1975 2569 26 22 of
2015 2569 70 22 metal
2098 2573 23 19 at

1365 2600 39 24 the
1426 2601 82 23 atelier
1531 2601 27 23 or
1578 2602 38 22 Mr
1640 2602 87 30 Wyatt,
1751 2602 94 30 Dudley
1864 2609 79 22 grove,
1965 2602 154 29 Paddington.

1365 2633 51 24 The
1428 2635 87 22 bronze
1527 2635 90 29 casting
1628 2642 46 16 was
1693 2635 34 23 for
1746 2636 39 22 the
1803 2635 48 22 ſore
1869 2639 51 25 part
1932 2635 26 22 of
1973 2635 39 23 the
2024 2635 94 22 colossal

1364 2667 68 23 horse
1444 2668 113 23 intended
1569 2668 35 23 ſor
1616 2668 39 23 the
1668 2668 144 29 Wellington
1824 2672 75 18 statue
1911 2672 23 18 at
1947 2668 38 22 the
1998 2672 55 18 west
2065 2669 52 21 end.

1365 2700 50 23 The
1435 2701 86 22 hinder
1538 2706 52 24 part
1608 2701 41 22 has
1667 2701 95 28 already
1774 2701 58 22 been
1853 2705 55 22 eust,
1926 2701 46 21 and
1992 2700 19 22 is
2030 2707 51 15 nou
2093 2701 23 21 in

1363 2740 106 22 progress
1481 2733 26 22 of
1522 2733 71 29 being
1604 2733 107 22 ſinisned.
1747 2733 50 21 The
1809 2732 113 22 immense
1933 2732 61 29 body
2005 2732 27 22 of
2045 2733 70 22 metal

1362 2772 46 15 vas
1427 2765 154 30 occasionally
1592 2772 55 15 seen
1668 2765 100 28 through
1786 2765 39 22 the
1844 2764 50 22 iron
1915 2765 55 21 door
1982 2764 26 22 of
2022 2771 12 15 a
2054 2765 61 28 huge

1362 2797 109 27 furnace;
1498 2797 17 22 it
1534 2804 45 15 was
1600 2797 115 29 intensely
1735 2797 103 22 brilliant
1857 2797 45 21 and
1921 2796 111 29 perfectly
2050 2797 62 23 ftuid.

1363 2829 18 23 A
1395 2830 59 29 deep
1472 2830 91 21 “run“
1582 2830 37 22 led
1637 2829 58 22 from
1714 2829 39 22 the
1772 2829 56 22 door
1848 2828 24 22 of
1889 2829 39 22 the
1946 2828 101 29 furnace,
2067 2830 45 22 and

1362 2862 118 28 conveyed
1501 2862 39 22 the
1560 2862 73 29 liquid
1653 2862 71 22 metal
1743 2866 22 18 to
1784 2869 12 14 a
1816 2862 63 28 large
1900 2862 33 29 pit
1952 2862 101 22 wherein
2073 2863 39 22 the

1360 2894 77 22 model
1449 2901 45 15 was
1506 2894 128 29 deposited.
1668 2894 31 22 At
1717 2901 10 15 a
1740 2894 69 29 given
1821 2894 74 30 signal
1913 2902 29 15 an
1962 2899 108 25 aperture
2088 2896 22 22 in

1360 2927 40 21 the
1411 2926 62 22 front
1485 2927 73 22 ofthe
1571 2927 94 22 furnace
1677 2934 44 15 was
1739 2928 98 27 opened,
1849 2928 46 21 and
1913 2935 14 15 aà
1944 2928 83 21 hollom
2040 2928 71 28 noise,

1359 2959 48 22 like
1418 2959 50 22 that
1480 2959 58 22 from
1550 2966 14 15 a
1575 2959 103 28 volcano,
1690 2966 45 15 was
1748 2960 78 22 heurd.
1862 2960 50 22 The
1924 2961 70 22 metal
2007 2961 63 25 then,
2087 2961 23 22 in

1359 2999 13 14 a
1384 2992 114 29 complete
1510 2995 59 19 state
1581 2992 26 22 of
1621 2992 84 27 fusion,
1718 2992 78 29 glided
1815 2993 60 22 forth
1889 2993 47 23 like
1954 3001 13 15 a
1985 2998 84 18 stream
2088 2995 26 22 of

1358 3024 59 29 lava,
1429 3025 91 29 hissing
1531 3025 45 22 and
1595 3025 97 30 spitting
1710 3032 23 15 as
1745 3025 18 23 it
1775 3029 61 20 went
1853 3026 70 30 along
1941 3030 23 20 to
1976 3027 39 23 the
2034 3028 76 23 model

1358 3057 41 31 pit.
1434 3058 20 23 A
1475 3058 64 23 thiek
1560 3058 92 23 whitisn
1673 3058 88 28 smoke,
1784 3059 48 22 like
1854 3060 51 22 that
1927 3060 58 23 from
2008 3061 102 30 burning

1357 3091 96 27 arsenie,
1466 3092 46 21 and
1531 3091 80 29 nearly
1622 3098 25 15 as
1659 3091 118 29 mephitie,
1790 3092 99 30 entirely
1900 3093 64 23 ſilled
1977 3094 39 22 the
2028 3094 81 22 atelier

1357 3127 23 18 to
1393 3123 38 23 the
1443 3123 57 28 roof,
1511 3123 98 29 making
1626 3123 18 23 it
1656 3124 104 21 dare-a
1772 3124 112 22 darkness
1896 3125 76 22 vhich
1990 3126 75 29 might
2081 3128 28 21 be

1356 3155 42 22 felt
1415 3155 174 23 beloemhile
1601 3156 39 22 the
1651 3156 41 21 red
1710 3156 101 27 burning
1828 3156 61 22 river
1905 3157 27 21 of
1945 3159 70 20 metal
2033 3159 74 21 conti-

1357 3186 62 21 nued
1438 3190 23 18 to
1479 3186 57 22 send
1554 3186 61 21 forth
1634 3193 29 14 an
1682 3186 83 22 almost
1786 3186 175 29 insupportable
1984 3188 62 22 heat.
2079 3189 28 22 In

1356 3219 70 21 about
1444 3218 52 22 half
1510 3225 29 14 an
1559 3217 59 22 hour
1637 3218 39 22 the
1693 3218 74 22 whole
1785 3223 125 17 seventeen
1928 3223 51 18 tons
1997 3221 46 21 hud
2062 3228 43 16 run

1355 3250 50 23 into
1417 3250 39 23 the
1468 3250 34 30 pit
1513 3250 23 22 in
1549 3257 13 15 a
1574 3250 137 22 eontinuous
1729 3257 58 16 even
1805 3251 58 28 flom,
1882 3251 80 30 giving
1979 3252 126 24 indication

1355 3283 51 23 that
1417 3283 30 23 all
1467 3290 46 16 vas
1523 3282 63 30 right
1597 3283 79 23 belom.
1711 3283 22 24 It
1745 3283 45 24 vill
1808 3284 55 23 take
1882 3284 45 24 five
1938 3285 78 23 vecks
2028 3287 78 24 before

1355 3316 39 23 the
1406 3323 60 16 mass
1477 3324 42 14 can
1537 3317 29 21 be
1577 3316 139 31 sufficiently
1728 3317 62 23 fixed
1807 3318 46 22 and
1872 3319 96 22 cool-
1947 3312 21 40 a
1985 3320 80 28 period
2083 3321 27 22 of

1354 3349 159 22 considerable
1522 3348 141 24 exeitement
1671 3351 46 21 and
1726 3358 111 22 suspense
1846 3354 22 19 to
1878 3351 39 23 the
1927 3352 72 22 artist.
2028 3352 23 23 It
2060 3361 55 21 was

1354 3381 91 22 ourious
1457 3381 50 23 that
1519 3381 38 22 the
1570 3385 44 19 tvo
1633 3383 112 29 principal
1757 3384 118 22 Norkmen
1888 3385 122 29 employed
2023 3392 29 16 on
2065 3386 40 23 the

1354 3414 104 22 occasion
1477 3421 39 15 are
1536 3414 153 29 Frenehmen,
1703 3417 84 22 chosen
1800 3418 30 28 by
1844 3417 37 22 Mr
1893 3417 80 29 Wyatt
1991 3418 34 22 for
2044 3419 60 22 their

1354 3446 136 29 Enouledge
1503 3446 24 23 in
1539 3447 86 23 bronae
1643 3449 95 29 casting.
1774 3449 66 30 Thèy
1853 3457 38 15 are
1904 3453 43 19 to
1966 3450 83 31 hearty
2060 3452 43 23 fel-

1353 3479 62 27 lous,
1427 3480 46 21 and
1491 3480 83 22 stirred
1592 3489 31 22 up
1635 3481 38 24 the
1685 3482 73 30 liquid
1776 3483 70 22 metal
1865 3483 52 22 vith
1937 3483 88 29 perfect
2044 3492 58 15 non-

1352 3511 117 29 chalanee,
1482 3514 135 30 apparently
1630 3515 106 23 heeqᷣless
1752 3516 70 22 about
1834 3515 29 23 its
1881 3515 86 30 having
1978 3516 125 32 originally

1353 3545 57 23 been
1422 3553 89 16 eannon
1524 3547 69 23 taken
1611 3548 59 24 from
1682 3549 40 23 the
1740 3549 83 23 armies
1836 3549 26 23 of
1876 3549 61 23 their
1956 3555 105 26 dountry,
2078 3552 25 23 in

1352 3579 68 22 order
1431 3583 23 19 to
1466 3581 57 21 ſorm
1536 3588 13 15 a
1559 3585 75 20 statue
1646 3583 26 22 or
1681 3582 149 30 Mellington.

1385 3611 55 23 Tns,
1466 3612 137 25 NartoNAr.
1629 3615 132 23 GavvERx.
1788 3607 59 44 Ihe
1876 3615 109 22 National
2007 3616 96 31 Gallery

1351 3644 76 22 olosed
1440 3644 34 23 for
1486 3646 39 22 the
1537 3647 86 22 annual
1636 3648 104 22 vacation
1752 3655 29 15 on
1795 3647 131 29 Thursday,
1939 3648 45 21 and
1997 3648 46 23 will
2062 3655 40 18 not

1350 3684 98 22 re-open
1461 3678 33 22 for
1506 3680 78 28 publie
1595 3680 129 30 inspection
1736 3680 35 23 till
1783 3680 39 22 the
1834 3680 55 23 ↄrih
1902 3680 26 22 or
1936 3681 106 22 October.

1381 3714 120 24 ARRtvat
1519 3722 30 16 or
1567 3717 59 22 Tmσ
1647 3717 86 23 Lio.
1758 3710 66 42 Txwo
1846 3717 27 22 of
1890 3717 39 23 the
1951 3717 68 23 finest
2041 3719 60 24 lions

1350 3754 53 15 ever
1415 3747 114 31 imported
1541 3749 50 24 into
1603 3750 45 22 this
1667 3754 97 26 country
1776 3751 58 22 have
1852 3750 91 23 arrived
1961 3750 80 24 vithin
2060 3754 40 22 the

1348 3779 44 24 last
1404 3780 118 31 feudays,
1535 3789 29 16 on
1582 3783 71 22 board
1672 3784 39 22 the
1729 3784 52 30 ship
1800 3783 62 23 Ionn
1882 3783 106 28 Bartlett,
2001 3784 98 31 Captain

1349 3813 106 24 Bartlett.
1489 3815 22 22 Jt
1523 3815 18 23 is
1554 3824 55 22 very
1622 3817 75 30 rarely
1709 3818 50 22 that
1770 3817 65 23 adult
1854 3816 59 23 lions
1926 3824 38 15 are
1976 3817 122 31 imported.

1348 3847 45 22 and
1405 3848 65 22 these
1481 3855 39 15 are
1533 3850 61 28 truly
1605 3851 108 27 splendid
1724 3850 105 23 animals.
1865 3850 68 29 They
1943 3858 59 15 mere
2014 3852 85 24 landed

1347 3886 29 15 on
1389 3880 123 29 Thursday
1524 3881 23 21 in
1562 3882 25 21 St
1607 3882 148 24 Katharine's
1776 3883 83 27 Docks,
1872 3883 45 22 and
1938 3886 119 28 conveyed
2076 3891 22 18 to

1347 3911 40 23 the
1406 3912 75 29 Royal
1502 3913 85 30 Surrey
1606 3915 132 30 Loological
1758 3916 112 23 Gardens.
1906 3915 75 23 These
2000 3924 39 16 are
2058 3919 40 23 the

1347 3944 85 32 zecond
1444 3944 50 29 pair
1505 3945 27 21 or
1547 3946 59 22 lions
1619 3948 120 29 deposited
1756 3949 23 22 in
1798 3949 39 21 the
1852 3948 100 28 gardens
1964 3949 80 23 vithin
2059 3952 38 22 tne

1346 3975 44 22 last
1402 3975 40 22 ſen
1453 3977 84 28 weeks,
1546 3979 97 31 making
1654 3988 68 16 seven
1724 3971 66 45 full-
1792 3988 75 23 groæn
1884 3980 58 23 lions
1956 3988 46 16 nom
2015 3982 21 23 in
2051 3984 46 23 this

1347 4008 129 24 collection.

1378 4047 56 23 Tux
1454 4054 65 18 var
1538 4050 44 24 Si
1602 4052 108 25 Ponι
1729 4054 123 23 BuxroN.
1861 4053 42 23 TIt
1921 4053 44 24 has
1981 4055 59 23 been
2059 4064 36 16 re-

1344 4080 79 23 Aved
1435 4085 22 18 to
1469 4087 69 24 ereet,
1557 4085 29 29 by
1605 4087 78 29 publie
1702 4087 161 30 subseription,
1882 4094 13 15 a
1914 4094 137 18 monument
2071 4091 23 22 in

1346 4113 162 25 Vestminster
1520 4116 81 32 Abbey
1615 4124 22 18 to
1649 4121 39 22 ihe
1700 4128 103 22 memorꝰ
1813 4120 25 22 ot
1847 4120 36 22 Sir
1896 4120 101 24 Thomas
2010 4122 84 25 Fonct

1346 4145 100 24 Buxton.
1482 4148 22 23 It
1525 4150 18 22 is
1565 4151 112 25 intended
1700 4159 23 17 to
1745 4154 60 22 nmit
1832 4153 39 22 tue
1894 4154 154 30 subseription
2072 4162 22 18 to

1343 4177 27 24 21
1384 4181 41 27 28.,
1438 4181 49 22 that
1499 4183 29 21 all
1541 4184 50 23 vho
1610 4186 58 23 nave
1681 4187 103 23 admired
1803 4186 39 23 tne
1860 4186 166 30 indefatigable
2045 4191 48 22 zeal

561 4209 47 23 had
628 4217 29 15 an
678 4210 78 23 attack
776 4209 26 23 of
819 4209 124 30 apoplexvx,
963 4210 165 31 accompanied
1149 4212 29 29 by
1199 4212 121 30 paralysis,

561 4241 86 31 during
659 4243 36 23 his
707 4244 94 29 sojourn
813 4243 23 23 in
850 4243 39 22 the
903 4243 45 23 Isle
960 4243 27 24 or
995 4244 71 30 Skye.

1331 4246 83 28 trade,
1426 4254 52 24 may
1488 4248 58 24 havs
1554 4257 29 16 an
1593 4252 150 31 opportunity
1753 4252 25 24 of
1787 4259 27 16 ex
1818 4252 104 31 pressin
1935 4253 60 25 their
2004 4261 90 25 respect

1343 4212 26 22 of
1383 4213 45 23 this
1446 4219 66 24 great
1530 4223 61 22 man,
1611 4219 23 22 in
1655 4220 36 22 his
1710 4221 78 22 efforts
1800 4224 22 18 to
1835 4219 184 30 extinguishethe
2032 4222 62 24 slave

2666 331 132 59 Sept.
2823 336 60 52 J3,

2164 435 24 20 to
2205 430 37 24 his
2259 437 112 22 memory.
2406 430 120 24 Foremost
2543 438 104 24 amongst
2659 436 64 23 those
2734 438 50 22 ho
2799 439 57 25 have
2868 450 43 16 ex.

2163 464 94 31 pressed
2270 462 60 24 their
2342 470 153 16 coneurrenee
2506 464 24 22 in
2543 465 38 23 the
2593 467 73 29 objeet
2678 476 46 20 are,
2737 470 38 23 the
2788 467 85 41 Bishop
2882 462 28 38 27

2164 498 97 23 London
2274 496 47 22 and
2332 495 36 22 six
2380 495 66 23 other
2464 497 107 28 prelates,
2588 498 61 23 Lord
2661 501 62 22 gohn
2738 503 98 29 Russell,
2851 507 60 27 Lord

2163 531 98 29 Ashlex,
2274 530 39 23 the
2326 528 70 23 Duke
2408 528 25 23 oſ
2448 529 148 29 Sutherland,
2609 532 38 22 tne
2667 533 127 31 Marquises
2807 539 25 21 or
2841 540 70 25 Chol-

2161 564 124 28 mondeley
2305 562 47 23 and
2371 562 167 28 Breadalbane,
2557 564 39 22 the
2620 564 66 23 Earls
2708 568 26 21 or
2749 569 95 31 Jermyn
2864 577 46 22 and

2162 597 150 26 Chichester:
2330 595 39 24 the
2381 595 45 23 lute
2439 595 54 22 Earl
2507 596 62 30 Grey
2581 604 44 15 vas
2637 598 47 23 also
2695 606 13 16 a
2720 602 131 27 suhseriber.

2192 654 162 22 Apvanrao
2366 657 32 31 τέ
2414 652 141 36 RAιέ
2499 648 23 44 ρ
2521 648 41 44 vs
2567 657 32 16 rοι
2607 658 55 30 nιa
2675 653 229 32 disnατ
2859 648 44 44 he

2160 685 96 30 herring
2267 685 87 29 fishery
2365 691 19 15 is
2403 692 51 15 non
2466 691 23 15 in
2508 682 42 24 full.
2569 688 93 26 activity
2673 693 29 15 on
2721 688 37 24 the
2777 691 125 27 Northumns

2160 719 96 22 berland
2276 722 68 18 eoast.
2380 718 71 28 Manv
2464 717 65 21 hoats
2547 716 59 22 from
2624 717 141 32 Nevubiggin,
2778 725 115 25 Cresτ

2161 751 79 30 Blyih,
2253 751 45 23 and
2310 750 67 23 other
2388 751 76 29 places
2476 749 23 22 in
2513 749 218 31 Northumberland
2743 762 37 16 ale
2808 759 47 23 π
2858 746 45 38 ι

2160 789 23 18 at
2203 784 150 26 Cullereoats,
2374 783 58 23 from
2445 783 94 22 vhenee
2560 782 80 30 nearly
2658 791 43 16 one
2718 786 102 26 hundred
2839 793 63 23 voc

2159 817 43 23 sail
2214 824 69 24 every
2295 816 106 30 evening.
2436 816 66 23 Even
2520 819 24 19 at
2563 815 105 23 Berwiek
2685 818 38 23 the
2735 821 64 23 effect
2810 823 26 22 or
2849 825 53 23 ran

2159 858 61 23 ways
2238 851 19 23 is
2276 850 48 28 felt,
2337 850 85 30 parties
2440 849 71 29 being
2530 856 69 23 every
2612 850 106 30 morning
2735 860 29 15 on
2782 856 37 21 the
2838 859 66 22 sands

2159 884 96 29 buying,
2267 888 23 18 to
2302 884 57 22 send
2371 888 23 18 to
2407 884 82 27 Leeds,
2508 883 156 27 Manchester,
2684 884 164 32 Birmingnam,
2860 892 44 22 and

2160 917 111 26 London;
2289 917 45 22 and
2346 924 44 15 one
2402 916 108 29 morning
2521 916 104 29 recently
2637 923 29 15 no
2678 916 43 23 less
2733 918 54 23 than
2800 920 42 23 ſive
2854 926 48 20 tons

2159 949 25 23 orf
2193 950 106 28 herrings
2312 956 59 16 were
2384 950 134 29 dispatehed
2532 950 29 29 by
2574 949 93 30 railæay
2679 953 23 19 to
2715 950 63 24 those
2790 952 80 28 places.

2191 983 124 23 Asvvuus
2333 989 49 17 von
2399 989 52 17 rus
2471 982 227 31 Houstuæss.
2642 978 59 39 DBy
2721 984 38 23 the
2782 978 67 39 Poor-
2854 988 48 23 Lav

2159 1016 45 24 Aet
2215 1016 26 23 of
2255 1016 43 23 last
2310 1024 55 22 year
2382 1017 39 23 the
2434 1016 190 24 Commissioners
2643 1016 58 24 have
2718 1025 76 22 power
2806 1023 22 19 to
2840 1022 65 23 order

2160 1049 104 30 parishes
2276 1050 45 22 and
2334 1050 91 28 unions,
2437 1050 23 23 in
2474 1050 39 23 the
2524 1050 118 29 folloning
2656 1050 77 30 places
2745 1050 127 29 (exclusive
2884 1057 24 21 ot

2161 1083 131 23 Middlesex
2311 1083 46 23 and
2376 1084 39 22 the
2427 1083 53 30 City
2492 1083 26 23 or
2534 1083 118 30 London),
2666 1088 22 19 to
2707 1085 27 22 he
2753 1084 87 25 formed
2858 1087 47 24 into

2159 1116 108 28 districts,
2281 1116 34 23 for
2326 1116 39 23 the
2377 1124 99 23 purpose
2487 1116 26 23 ot
2521 1116 123 31 providing
2655 1117 46 23 and
2719 1119 124 30 managiug
2854 1127 50 23 asy-

2160 1149 60 23 lums
2233 1149 34 23 ſor
2280 1149 38 23 the
2331 1154 131 26 temporary
2475 1150 69 23 relief
2558 1150 45 23 and
2615 1150 86 31 setting
2713 1155 22 19 to
2747 1152 63 23 wort
2822 1153 25 22 ot
2856 1154 49 22 des-

2161 1183 68 23 titute
2252 1183 118 23 houseless
2392 1191 63 23 poor,
2479 1184 51 22 vho
2553 1191 39 15 are
2612 1188 39 19 not
2670 1185 99 30 charged
2789 1186 55 23 vith
2864 1194 44 23 any

2160 1216 96 28 oflence,
2268 1217 46 22 and
2327 1217 50 23 vho
2389 1224 53 22 may
2453 1217 70 30 apply
2534 1217 34 23 for
2579 1217 73 28 reliet,
2664 1226 25 14 or
2706 1219 93 23 become
2812 1220 95 29 charge-

2160 1250 51 22 able
2229 1254 23 18 to
2264 1250 39 22 the
2321 1257 56 21 poor
2394 1254 60 19 rates:
2463 1250 170 30 —Liverpool,
2646 1251 155 29 Manchester,
2816 1253 91 28 Bristol,

2161 1282 82 28 Leeds,
2253 1283 44 22 and
2312 1283 167 29 Birmingham.
2505 1283 17 23 A
2537 1284 116 22 constahle
2664 1285 78 29 seeing
2753 1293 13 14 a
2778 1293 54 22 poor
2844 1294 63 14 crea-

2160 1319 52 19 ture
2224 1315 134 29 vandering
2370 1317 69 21 about
2452 1323 52 22 may
2517 1316 53 23 take
2587 1316 48 23 him
2648 1321 22 18 to
2682 1325 29 14 an
2723 1319 97 29 àsylùm,
2832 1319 75 22 vhere

2160 1348 97 30 lodging
2269 1348 45 23 and
2327 1348 51 23 food
2391 1355 39 16 are
2442 1352 22 19 to
2476 1349 28 22 be
2515 1349 118 29 provided.

2192 1382 75 23 Inisn
2285 1382 128 23 Rpabι
2422 1382 46 23 —A
2481 1382 106 29 Glasgoæ
2606 1390 69 22 paper
2693 1390 51 23 says
2757 1384 38 22 the
2811 1385 95 23 number

2159 1416 51 22 vho
2229 1416 83 29 passed
2330 1415 100 30 through
2451 1416 49 22 that
2518 1416 46 28 eity
2576 1416 84 28 during
2679 1416 42 23 last
2740 1417 63 22 veek
2825 1423 81 18 eannot

2158 1449 59 23 have
2229 1450 58 21 been
2300 1449 44 22 less
2358 1448 56 23 than
2429 1449 90 27 15,000.
2555 1448 49 22 The
2622 1455 97 23 average
2731 1454 48 17 rate
2792 1449 24 23 of
2833 1458 71 21 wages

2157 1482 19 22 is
2191 1482 30 22 1s.
2231 1482 37 22 Sd.
2278 1489 41 22 per
2330 1482 44 28 day
2386 1481 34 23 for
2432 1488 98 20 women,
2542 1481 46 22 and
2600 1481 32 21 2s.
2641 1481 34 21 for
2687 1482 147 22 able-bodied
2847 1490 57 16 men.

2191 1515 55 22 Tn
2259 1521 66 16 LArE
2336 1514 64 23 EFE
2414 1521 31 16 Ar
2458 1513 203 26 Quænι⁊Dÿhbast
2671 1514 102 29 Sunday.
2783 1515 22 22 in
2816 1517 88 21 accord-

2158 1554 56 16 ance
2226 1547 54 22 with
2294 1555 13 14 a
2319 1548 99 28 pastoral
2431 1547 68 22 letter
2510 1546 58 22 ſrom
2581 1546 38 22 the
2632 1546 159 23 ecelesiastical
2804 1548 100 22 authori-

2159 1580 41 23 ties
2218 1580 27 23 of
2259 1580 40 23 the
2319 1580 90 23 diocese
2428 1580 26 23 of
2471 1580 105 28 London,
2594 1579 124 23 addressed
2737 1584 22 18 to
2772 1580 38 23 the
2821 1581 83 30 clergy,

2157 1621 104 16 sermons
2272 1621 60 15 were
2344 1614 115 29 preached
2470 1614 23 22 in
2506 1613 87 23 several
2606 1612 111 24 ehurehes
2728 1614 26 22 of
2768 1613 39 24 the
2819 1619 83 18 metro-

2155 1647 57 29 polis
2225 1655 28 15 on
2273 1647 82 23 behalf
2369 1648 25 22 of
2409 1648 38 22 the
2459 1647 106 23 sufferers
2584 1646 58 23 from
2660 1647 39 22 the
2717 1651 78 19 recent
2813 1647 53 23 fires
2878 1652 23 19 at

2153 1681 95 24 Quebec
2258 1680 24 22 in
2296 1681 55 29 May
2363 1681 46 22 and
2421 1681 68 22 June.

2185 1722 55 22 Tus
2259 1722 82 22 Rtvat.
2360 1720 369 24 Anonaοι⸗τι
2554 1716 53 39 ës.
2606 1720 123 24 -Another
2741 1720 157 30 Archæologi-

2152 1755 33 22 cal
2206 1755 143 22 Association
2368 1759 47 18 met
2436 1759 23 18 at
2479 1754 146 22 Winchester
2647 1761 28 15 on
2698 1754 115 28 Tuesday.
2847 1754 49 22 The

2153 1787 104 29 Marquis
2269 1787 25 22 or
2309 1787 170 29 Northampton
2492 1793 45 15 was
2555 1786 24 22 in
2597 1786 39 22 the
2654 1786 72 26 chair,
2738 1786 46 21 and
2802 1793 14 14 a
2827 1786 72 22 consi-

2151 1820 93 23 derable
2257 1821 97 22 number
2367 1819 25 23 of
2407 1820 131 26 noblemen,
2550 1819 140 29 elergymen,
2702 1818 46 23 and
2766 1818 129 29 gentlemen

2150 1862 60 15 were
2221 1858 100 25 present.
2355 1853 51 23 The
2418 1852 104 30 Marquis
2533 1852 26 22 or.
2573 1852 171 28 Northampton
2756 1852 89 29 opened
2858 1853 36 22 the

2150 1887 159 30 proceedings.
2343 1886 50 22 The
2406 1886 65 22 Dean
2483 1886 27 21 of
2518 1884 163 23 Mestminster
2693 1885 54 22 read
2759 1892 14 14 a
2784 1892 53 22 very
2849 1886 46 21 elo-

2150 1924 72 26 quent
2233 1920 46 22 and
2291 1919 54 30 ably
2356 1919 78 22 draun
2447 1926 30 22 up
2489 1924 72 24 paper
2578 1924 29 15 on
2626 1917 38 22 the
2675 1916 94 30 general
2781 1919 82 28 objects
2875 1919 24 22 ot

2150 1954 40 23 the
2209 1952 140 24 institution.
2384 1952 50 23 The
2452 1950 151 31 proceedings
2619 1950 27 23 of
2661 1950 38 24 the
2719 1951 64 23 eck
2801 1959 57 15 vere
2875 1952 25 23 ot

2151 1991 66 25 great
2229 1986 58 22 local
2298 1986 104 22 interest.

2184 2020 57 21 Tus
2259 2019 209 22 ExvvEimRτ
2487 2018 145 24 SauadRα.
2643 2017 74 22 DThe
2736 2016 72 24 vhole
2820 2017 26 22 of
2859 2018 37 22 the

2151 2053 53 22 fleet
2216 2052 99 28 forming
2334 2051 39 22 the
2386 2050 175 30 Experimental
2577 2051 119 29 Squadron
2709 2050 17 22 is
2739 2058 48 14 nom
2800 2050 62 30 lving
2872 2051 23 22 in

2152 2085 39 22 the
2211 2085 101 21 harbour
2332 2083 82 23 ofethe
2433 2084 61 22 Cove
2515 2083 26 23 of
2557 2084 69 26 Cork,
2646 2083 75 22 uhere
2742 2083 28 22 its
2790 2091 107 21 presence

2152 2117 85 23 excites
2250 2117 39 22 the
2300 2121 101 25 greatest
2412 2116 103 23 interest.
2549 2116 22 23 It
2583 2116 18 23 is
2613 2116 73 23 stated
2702 2116 47 22 that
2762 2116 83 29 during
2858 2116 38 23 the

2152 2151 74 22 eruise
2245 2145 72 39 Rear-
2321 2145 103 39 Admiral
2443 2150 86 22 Parker
2540 2157 44 15 was
2602 2149 110 29 seriously
2725 2149 89 27 unmell,
2826 2149 69 29 being

2151 2184 34 23 for
2196 2184 107 30 upvards
2303 2178 31 40 of
2346 2191 13 15 a
2370 2183 112 29 fortnight
2494 2183 104 23 conſined
2611 2187 22 18 to
2645 2182 35 22 his
2689 2182 64 22 cabin
2767 2183 28 28 by
2807 2182 86 22 illness.

2183 2217 147 23 DiscovRv
2348 2223 30 16 o
2396 2223 33 16 AN
2448 2217 118 22 ANcIENτ
2584 2215 140 23 Bipιn-A
2743 2222 57 23 copy
2815 2215 26 22 of
2855 2215 38 22 the

2150 2250 49 24 first
2217 2251 112 29 complete
2349 2250 87 22 edition
2454 2250 26 22 of
2494 2250 38 22 the
2553 2249 96 29 English
2671 2249 68 26 bible,
2752 2248 91 29 printed
2862 2249 29 28 by

2151 2284 73 29 Myles
2237 2284 134 26 Coverdale,
2383 2283 95 28 bearing
2490 2283 38 22 the
2540 2283 52 21 date
2608 2283 64 26 l535,
2684 2289 46 14 was
2742 2281 150 28 aceidentallx

2148 2317 140 27 discovered,
2300 2324 13 15 a
2325 2316 42 22 fen
2379 2316 55 29 days
2446 2316 69 27 since,
2528 2315 23 22 in
2564 2315 38 22 the
2614 2314 56 23 false
2681 2315 87 21 bottom
2781 2313 25 22 of
2815 2321 27 15 an
2855 2314 36 22 old

2147 2350 43 22 oak
2204 2350 71 26 ehest,
2287 2353 23 18 at
2323 2349 118 22 Holkhàm
2454 2348 54 27 hall,
2522 2348 105 26 Norfolk,
2639 2348 40 21 the
2691 2351 48 18 seat
2755 2346 26 22 of
2790 2347 37 21 tne
2841 2346 50 22 Earl

2147 2383 26 21 of
2189 2382 122 23 Leicester.
2346 2382 75 22 There
2440 2388 38 15 are
2497 2387 124 16 numerous
2640 2380 120 29 imperfeet
2779 2378 72 30 copies
2869 2378 26 23 of

2147 2415 46 23 this
2214 2415 87 23 edition
2321 2414 26 23 or
2365 2415 39 22 the
2429 2414 62 29 Holy
2510 2413 128 30 Seriptures
2658 2412 23 22 in
2702 2412 124 25 existence,
2846 2416 41 18 to

2146 2449 71 29 being
2234 2448 120 31 deposited
2372 2447 23 23 in
2408 2447 38 23 the
2464 2446 97 31 Library
2572 2446 25 23 of
2614 2446 39 23 the
2671 2445 86 23 Britisn,
2777 2445 110 27 Museum,

2146 2490 44 15 one
2201 2483 23 22 in
2238 2482 38 23 thè
2289 2481 112 23 Bodleian
2415 2481 103 29 Library,
2531 2488 43 15 one
2594 2480 22 22 in
2630 2479 38 23 the
2681 2478 135 28 Cambridge
2830 2478 56 22 Uni-

2146 2516 85 29 versity
2244 2515 97 30 Library
2345 2507 49 42 Din
2411 2514 52 27 fact,
2475 2521 68 22 many
2556 2513 25 22 of
2595 2520 41 15 our
2648 2516 63 25 great
2731 2511 100 22 libraries
2843 2512 43 21 and

2145 2549 78 29 puhlic
2234 2548 150 27 institutions,
2396 2548 46 22 and
2460 2554 69 21 many
2541 2546 89 29 private
2647 2544 139 27 collections,
2804 2551 84 29 posses

2145 2581 120 30 imperfeet
2282 2581 84 30 copies,
2387 2581 41 22 but
2450 2580 38 22 the
2508 2579 91 22 voſume
2613 2579 50 29 qjust
2680 2577 129 23 discovered,
2827 2577 17 21 is
2863 2583 23 15 in

2144 2622 68 22 every
2224 2619 89 25 respect
2326 2614 93 30 perfect.
2457 2613 49 22 The
2519 2612 67 22 noble
2597 2611 129 30 proprietor
2738 2610 25 23 otf
2773 2609 111 23 llolkham

2143 2647 41 23 has
2204 2648 45 22 nad
2269 2648 40 22 the
2326 2647 60 23 vook
2405 2645 169 31 appropriately
2587 2645 85 27 Gound,
2685 2644 45 22 and
2749 2643 102 23 enclosed
2863 2642 22 22 in

2141 2687 28 15 an
2182 2681 75 22 oaken
2270 2681 52 26 box,
2335 2681 45 22 und
2398 2679 18 23 it
2427 2686 141 22 nongraces
2580 2678 39 22 the
2635 2678 90 22 shelves
2737 2677 26 22 or
2778 2676 34 23 his
2824 2683 60 22 mag-

2141 2712 96 23 nificent
2249 2713 92 29 library.

2172 2745 116 24 QunuNs
2305 2746 120 22 CovvEιι
2411 2737 20 38 ö
2486 2743 142 27 MEdtιι
2601 2737 27 38 tT,
2641 2741 249 24 BIR,
2807 2737 33 38 .
2842 2737 52 38 DAt

2139 2777 40 22 the
2190 2778 86 21 annual
2289 2778 104 28 meeting
2403 2777 27 23 of
2438 2777 39 22 the
2488 2783 133 22 governors,
2633 2775 55 22 held
2700 2783 29 14 on
2744 2775 147 29 Mednesday

2138 2809 49 27 last,
2208 2810 39 22 the
2268 2810 72 29 Right
2362 2810 60 22 Hon.
2445 2809 61 22 Lord
2526 2808 119 30 Lyttelton
2664 2815 45 15 vas
2728 2807 163 30 unanimously

2138 2842 88 23 elected
2246 2842 115 30 Principal
2378 2842 79 23 orfethe
2475 2842 94 29 college.
2605 2841 50 22 The
2673 2840 58 23 Rev.
2745 2840 32 23 Dr
2791 2840 98 23 Marne-

2137 2875 49 22 ford
2199 2875 40 22 has
2252 2875 107 29 signiſied
2370 2875 36 22 his
2417 2875 114 22 intention
2544 2874 26 23 of
2582 2874 93 28 placing
2693 2873 23 22 in
2728 2873 40 22 the
2779 2873 75 22 hands
2866 2873 26 23 of

2136 2908 39 22 the
2194 2908 57 23 Rev.
2273 2908 137 23 Chancellor
2430 2908 61 28 Lav,
2512 2907 40 23 the
2570 2907 57 22 Rev.
2642 2906 115 29 Vaughan
2778 2906 108 27 Thomas,

2136 2941 45 22 and
2202 2941 103 22 william
2324 2942 75 21 Sands
2417 2941 57 27 Cox,
2496 2940 63 29 Esq.,
2580 2940 39 22 the
2637 2939 137 22 munificent
2796 2946 50 15 sum
2864 2938 26 23 or

2135 2974 70 27 5001.,
2217 2977 22 19 to
2251 2974 73 23 afford
2342 2973 106 24 facilities
2459 2977 22 19 to
2494 2974 38 21 the
2550 2972 131 23 institution
2693 2972 25 22 or
2733 2971 149 30 preliminary

2135 3007 122 23 education
2276 3007 123 30 especially
2411 3006 112 24 available
2541 3009 22 19 to
2578 3006 40 22 the
2636 3013 52 15 sons
2706 3005 26 23 of
2747 3005 39 22 the
2805 3005 76 31 clergy

2134 3041 46 22 and
2192 3041 26 22 or
2226 3041 40 23 the
2277 3041 98 23 medical
2387 3040 135 31 profession.

2166 3074 20 23 A
2204 3074 89 23 NognE
2312 3075 128 23 INsraNαέ
2458 3072 266 24 oτσ⁊‚lτέr
2676 3066 57 42 Dll.
2738 3072 106 25 Hunton.
2861 3070 25 23 o

2134 3107 105 28 Carlisle,
2251 3108 51 22 vho
2315 3108 53 21 died
2387 3107 25 22 in
2426 3108 66 26 1840,
2505 3106 53 27 had,
2572 3106 23 22 in
2615 3106 38 22 the
2667 3112 54 22 year
2735 3106 67 26 1828,
2813 3104 67 22 vile

2132 3140 108 29 carrying
2257 3147 30 15 on
2306 3140 104 22 business
2430 3147 25 15 as
2474 3146 13 15 a
2505 3139 179 26 manufacturer,
2703 3139 57 20 been
2781 3136 102 28 obliged,

2132 3172 125 20 underethe
2275 3178 106 20 pressure
2393 3172 26 19 of
2434 3172 39 19 the
2489 3171 74 24 times,
2576 3174 23 16 to
2619 3170 68 19 maRe
2705 3176 13 13 a
2730 3169 149 26 composition

2132 3201 54 23 with
2206 3202 35 22 his
2260 3201 118 26 eteditors,
2395 3201 87 29 paying
2502 3201 64 22 them
2585 3207 68 15 seven
2672 3199 105 28 shillings
2796 3199 23 21 in
2841 3198 38 22 tne

2130 3235 87 28 pound.
2252 3234 37 22 He
2300 3233 67 30 again
2380 3233 147 22 commenced
2539 3232 112 25 business,
2662 3231 45 22 and
2719 3232 29 25 by
2760 3231 119 21 assiduous

2130 3266 107 31 industry
2248 3274 45 15 was
2305 3266 98 23 enabled
2415 3270 22 18 to
2455 3265 82 22 realise
2549 3272 12 15 a
2573 3263 157 23 considerable
2747 3270 58 15 sum.
2840 3263 38 22 He

2130 3301 53 23 died
2195 3301 105 27 in1840,
2312 3300 46 22 and
2370 3300 30 28 by
2412 3299 35 24 his
2460 3298 45 22 vwill
2518 3297 102 24 directed
2635 3297 50 22 that
2697 3296 38 23 the
2748 3296 95 23 balanee
2855 3296 28 23 o

2130 3334 60 22 their
2201 3338 108 18 accounis
2321 3332 83 23 shouſd
2422 3333 28 21 be
2465 3331 54 30 paid
2537 3335 22 18 to
2571 3330 39 22 the
2623 3330 73 22 vhole
2709 3328 25 23 of
2749 3329 35 22 his
2803 3330 76 22 eredi-

2130 3370 54 19 tors.
2218 3366 56 23 This
2287 3373 44 15 vas
2343 3364 158 29 immediately
2511 3363 60 23 done
2590 3363 30 28 by
2632 3362 36 22 his
2681 3362 88 28 widon,
2787 3363 47 22 and
2852 3370 30 15 on

2130 3399 42 23 her
2184 3399 76 27 death,
2273 3399 24 22 in
2312 3398 66 27 1844,
2390 3397 19 23 it
2420 3404 45 15 was
2483 3396 72 22 found
2573 3395 50 23 that
2636 3395 38 23 the
2696 3395 49 23 first
2764 3395 117 30 provision

2128 3432 24 22 in
2175 3432 42 22 Ker
2238 3432 46 22 will
2307 3438 44 15 vas
2375 3430 34 22 for
2430 3432 110 27 payment
2562 3429 26 21 of
2612 3428 97 22 interest
2732 3436 62 21 upon
2817 3429 65 21 those

2128 3465 107 23 balances
2255 3465 58 22 from
2334 3464 58 22 1822
2412 3466 22 18 to
2446 3462 40 22 the
2498 3461 55 23 time
2572 3460 27 23 of
2613 3461 77 22 deain.
2726 3461 76 23 These
2822 3469 57 22 pay-

2127 3502 76 19 ments
2215 3498 58 22 have
2288 3498 48 29 just
2348 3497 57 21 been
2417 3494 74 27 made,
2504 3493 137 30 amounting
2660 3499 22 17 to
2694 3501 13 15 à
2727 3501 50 15 sum
2796 3495 80 28 neariy

2127 3532 68 29 equal
2208 3535 22 20 to
2243 3531 39 23 the
2294 3530 112 23 balances.
2433 3527 36 23 An
2482 3527 103 23 instance
2594 3527 26 22 of
2628 3528 98 22 conduet
2738 3534 25 15 s0
2775 3527 103 24 honour.

2127 3565 51 23 able
2200 3566 105 21 deserves
2327 3566 23 20 at
2372 3563 56 22 least
2454 3565 22 18 to
2498 3561 28 22 be
2549 3561 158 22 recorded.
2717 3561 158 22 Cumberland

2127 3598 118 30 Pacquet.

2158 3664 177 24 PoNrsunN
2348 3668 31 18 o
2391 3668 15 16 A
2419 3662 120 22 Snιν
2556 3666 27 17 IN
2601 3660 197 23 DæNMaα
2752 3656 13 39 -
2811 3661 68 23 letter

2125 3697 60 22 from
2198 3697 164 30 Copenhagen,
2375 3695 25 22 ot
2408 3694 39 23 the
2459 3694 55 22 2tn
2528 3694 49 23 ult.
2588 3693 64 29 gives
2665 3701 25 15 us
2704 3694 39 22 the
2761 3694 118 30 folloving

2125 3737 60 21 ease,
2197 3730 104 28 showing
2313 3729 39 22 ihe
2370 3729 53 21 luus
2435 3726 25 23 of
2476 3726 119 23 Denmark
2607 3726 56 23 vith
2682 3728 83 27 regard
2783 3732 23 18 to
2824 3735 53 22 per-

2124 3770 54 15 sons
2190 3763 52 22 who
2254 3763 83 22 seduce
2356 3761 108 22 innocent
2482 3759 56 29 girls
2557 3759 74 23 under
2649 3760 113 29 promises
2774 3761 26 22 or
2815 3769 61 14 mar-

2124 3796 70 30 riage,
2218 3796 75 23 vhich
2318 3795 53 29 they
2394 3793 132 23 aftervards
2548 3792 77 23 refuse
2647 3797 23 19 to
2692 3794 101 30 perform
2809 3803 29 15 —
2837 3788 38 42 Iu

2124 3829 104 31 Ianuary
2241 3830 43 22 last
2302 3829 33 23 M.
2349 3828 102 23 Laurent
2469 3826 145 28 Mibbelsen,
2632 3834 14 15 a
2664 3827 148 29 blacksmith,
2831 3829 44 22 aud

2124 3863 174 22 Mademoiselle
2311 3862 68 22 Oline
2392 3860 124 23 Frederiea
2526 3860 126 30 Philipsen,
2665 3868 13 15 a
2690 3862 79 29 young
2781 3866 94 18 mantua

2122 3896 90 27 maker,
2239 3903 28 15 an
2291 3895 96 29 orphan,
2410 3893 96 22 without
2531 3893 76 23 father
2635 3901 25 15 or
2688 3895 99 26 mother,
2815 3902 58 15 vere

2121 3929 119 22 affianced.
2275 3928 28 22 In
2316 3927 56 22 faith
2385 3926 26 22 or
2419 3925 45 23 this
2475 3926 84 29 pledge
2572 3926 39 23 the
2623 3934 56 22 poor
2691 3928 44 29 girl
2748 3928 90 30 yielded
2850 3932 21 17 to

2121 3961 39 22 the
2172 3960 169 30 importunities
2353 3959 26 22 of
2387 3959 41 21 her
2440 3958 72 28 lover,
2522 3960 46 22 and
2589 3960 94 23 became
2695 3961 55 22 æith
2763 3961 61 22 ehild
2842 3961 29 27 hy

2121 3993 54 23 him.
2205 3994 32 22 As
2249 4001 54 15 soon
2316 4000 24 14 as
2352 3991 45 22 this
2410 3998 44 15 vas
2466 3992 68 23 made
2547 3993 85 23 Rnoun
2645 3997 23 20 to
2681 3994 39 23 the
2733 3992 136 25 blackoniith

2121 4026 29 23 he
2163 4031 40 18 not
2214 4027 55 29 only
2281 4025 119 23 reseinded
2421 4024 36 23 his
2469 4026 108 29 promise,
2596 4028 41 22 but
2650 4028 75 22 would
2745 4032 39 17 not
2802 4027 68 21 suller

2120 4060 39 23 the
2171 4060 44 29 girl
2227 4063 23 19 to
2262 4063 64 19 enter
2339 4057 35 23 his
2386 4058 74 23 doors.
2496 4059 105 32 Nothing
2613 4069 45 15 was
2671 4062 40 22 left
2723 4061 33 23 ſor
2769 4061 40 22 her
2822 4060 46 25 hut,

2119 4094 101 28 through
2240 4093 41 22 her
2298 4092 133 29 guardians.
2452 4096 24 20 to
2499 4094 106 24 institute
2624 4103 13 15 a
2657 4096 46 22 suit
2722 4094 88 29 against
2829 4093 40 22 her

2119 4127 107 22 deceiver
2243 4126 23 22 in
2280 4125 38 23 the
2331 4132 84 23 proper
2434 4127 111 30 tribunal,
2563 4129 75 23 vhieh
2657 4129 96 23 deereed
2773 4127 49 23 that
2840 4126 28 21 he

2118 4160 82 22 should
2220 4158 75 23 either
2314 4159 100 29 perform
2427 4161 39 23 the
2484 4163 114 29 marriage
2610 4167 109 22 contract,
2732 4168 24 15 or
2774 4168 51 22 pav,
2838 4160 29 27 by

2118 4200 49 22 way
2164 4188 41 40 of
2213 4192 115 29 damages,
2341 4199 13 16 a
2366 4200 50 16 sum
2428 4195 26 22 ot
2464 4196 21 28 2,
2488 4197 45 22 000
2546 4196 34 23 rix
2593 4196 84 23 dollars
2695 4197 96 20 bauco-
2798 4194 69 21 about

1724 4572 263 19 ſnninn
2094 4579 60 11 —
2178 4580 48 7 —
2250 4577 79 13 —

2119 4226 35 27 11,
2157 4221 85 41 00o0t.
2255 4225 99 29 Against
2365 4227 46 24 this
2423 4229 103 24 decision
2543 4230 134 23 Miukelson
2695 4226 117 31 appealed,
2826 4227 41 20 but

2116 4258 19 23 it
2143 4265 46 16 was
2198 4258 134 26 confirmed.
2367 4260 216 32 Notuithstanding
2592 4262 54 28 this,
2655 4262 28 22 he
2692 4260 90 24 refused
2793 4258 73 23 either

3053 2637 20 27 4

3055 2670 19 22 8

3047 3332 13 10 9

3051 3357 9 12 4

3054 3369 4 8 7

3053 3378 7 13 E

3360 281 114 70 1844

3328 422 25 20 to
3371 419 81 23 marry

3327 453 120 23 conseque

3326 483 29 24 of
3371 481 41 23 the
3423 474 19 37 EC

3327 514 72 29 cialiy
3419 519 50 23 api

3327 551 87 22 courts.

3326 582 42 23 the
3381 578 58 24 20th

3325 623 15 16 a
3352 611 91 26 sufficie

3324 647 46 24 and
3378 641 73 36 findir

3323 678 89 26 ducted
3425 677 22 23 hit

3322 713 72 23 Oline
3407 710 38 23 vit

3322 746 69 23 altar.
3426 743 18 22 T

3320 779 83 26 Court,
3416 776 23 22 th

3318 812 42 23 the
3372 810 76 23 marria

3317 845 43 29 ing
3378 844 40 23 the
3430 851 25 15 v

3317 883 46 18 two
3375 877 73 30 partie

3316 911 53 22 vho
3391 910 44 23 had

3315 944 88 29 lustily,

3316 977 51 24 The
3379 984 51 17 cere

3314 1015 24 18 to
3347 1011 83 29 depart
3440 1010 15 21 iq

3312 1044 33 27 by
3355 1042 93 23 instalm

3311 1076 43 23 the
3374 1075 71 22 lower

3310 1107 136 32 opprobriom

3344 1141 75 23 Dubu
3431 1139 17 23 F

3309 1175 69 31 place
3396 1177 24 19 at
3434 1172 35 23 41

3309 1206 124 31 Bourjolli,

3309 1241 28 23 of
3347 1240 32 23 M.
3395 1239 53 29 Dup

3342 1279 104 23 —
3402 1275 20 37 —
3463 1290 6 12 —

3308 1311 113 25 Prussian
3445 1320 7 11 q

3307 1349 67 20 ment
3387 1348 24 19 to
3423 1350 24 16 re

3308 1380 41 22 the
3362 1378 70 23 value

3307 1417 24 19 to
3352 1414 93 27 promot

3308 1445 85 28 hieh,
3417 1443 50 31 thi

3306 1478 88 24 thanles
3407 1481 23 18 to

3338 1517 58 23 Tus
3410 1516 36 22 Pn

3304 1549 28 23 of
3346 1549 42 22 the
3401 1549 65 21 detq

3302 1588 81 17 across
3396 1581 41 23 the

3300 1615 66 30 pally
3379 1618 24 19 to
3417 1614 31 23 Br

3302 1648 88 23 Works
3413 1651 49 19 anq

3299 1680 96 23 noticed:
3404 1688 39 15 —

3298 1713 115 29 E

3297 1746 69 23 three
3378 1746 67 22 miles

3297 1778 78 22 thirds
3387 1778 59 22 otethi

3296 1811 27 26 it,
3336 1810 47 23 and
3393 1815 75 19 entet

3296 1844 80 23 whom
3392 1844 40 23 the

3296 1877 76 23 buted
3391 1877 39 23 the

3294 1909 25 23 in
3331 1914 41 19 not
3381 1910 65 22 allou

3295 1943 70 30 Upon
3385 1943 45 23 this

3291 1983 47 16 was
3351 1976 41 24 left
3404 1977 23 22 in
3440 1981 7 18 t

3291 2009 41 23 the
3344 2008 124 29 breakwaf

3290 2042 66 28 eight
3368 2043 98 22 mouthi

3288 2082 85 19 waves,
3386 2076 45 21 and

3290 2107 62 23 done
3373 2108 55 22 such

3287 2140 158 27 coineidence,

3286 2176 83 26 strong
3381 2172 85 31 proolſt

3285 2213 31 16 on
3336 2205 40 24 the
3397 2206 44 23 Frecl

3285 2239 96 28 Pluton,
3391 2239 62 28 beini

3283 2271 43 29 ing
3339 2272 101 30 Treport

3284 2305 123 29 protected
3420 2306 13 22 b

3317 2343 58 23 Tus
3388 2350 47 16 eur

3282 2375 37 23 for
3332 2376 46 23 this
3390 2376 63 23 offiec

3282 2408 41 22 the
3335 2416 42 15 son
3389 2408 27 23 of
3426 2416 14 15 a

3281 2441 102 29 guished
3396 2447 51 25 part

3280 2481 71 16 name
3369 2475 27 22 of
3412 2475 53 23 àlit

3278 2507 69 23 vhen
3361 2508 40 22 the
3413 2508 34 22 ins

3277 2539 98 23 father's
3393 2540 47 22 first

3279 2571 50 23 into
3342 2572 38 23 the
3392 2579 73 15 woock

3280 2604 40 23 the
3342 2604 85 23 United

3280 2638 96 22 number
3387 2637 26 23 or
3421 2637 31 23 hit

3310 2676 123 23 TuRNixõ

3277 2709 78 22 naux
3383 2710 61 22 furnis

3276 2743 49 15 —
3335 2742 38 23 An
3385 2743 83 26 anciet

3277 2775 148 29 enjoyments
3450 2776 15 15 4

3274 2806 133 31 lamenting
3418 2808 34 23 tha

3273 2839 43 30 ing
3328 2848 91 21 season,
3431 2849 18 14 w

3273 2872 114 25 delicious
3405 2882 48 15 mo

3273 2911 43 23 cap
3340 2906 27 22 of
3386 2914 14 15 a
3421 2915 47 14 cott

3271 2935 119 26 informed
3404 2940 39 22 hini

3272 2968 176 31 Blasssτι˖W

3270 3001 95 25 desired
3389 3004 47 22 him

3268 3035 85 29 vhiech,
3366 3036 57 23 from
3435 3036 17 22 it

3268 3068 70 28 buck,
3352 3068 35 23 six
3405 3069 41 21 har

3269 3100 49 22 The
3330 3101 111 22 conducteſ

3267 3135 23 19 to
3302 3133 53 21 take
3367 3132 100 29 chargel

3267 3164 29 21 do
3309 3172 24 13 so
3344 3172 29 13 on
3394 3164 38 21 the

3265 3193 50 24 find
3328 3195 39 22 the
3378 3201 66 16 mean

3263 3230 25 18 at
3301 3226 123 24 Nanterre.

3262 3260 126 29 attending
3399 3260 39 23 the

3263 3293 146 24 conducteur
3430 3301 21 15 ag

3262 3326 119 29 receiving
3393 3327 73 27 6ot.4

3261 3357 85 24 bursed
3359 3360 31 28 by
3401 3359 48 23 him

3261 3391 144 23 conducteur
3425 3393 40 21 da

3257 3429 68 20 game
3338 3424 77 22 would
3433 3425 13 21 b

3257 3453 41 30 ing
3321 3456 116 29 morning.

3258 3486 88 32 having
3361 3489 106 29 passedi

3257 3523 68 26 treat,
3344 3529 26 16 or
3388 3530 46 23 any

3256 3553 87 26 cluded
3362 3556 50 23 that
3430 3557 14 22 h

3256 3586 78 25 divert
3346 3589 36 23 his
3394 3590 49 22 chag

3256 3617 77 26 Palais
3354 3621 83 31 Roval.

3255 3650 101 26 dueteur
3368 3655 81 23 stroliii

3254 3683 54 24 able
3330 3687 78 28 attire,
3431 3688 35 22 it

3253 3720 109 22 aceosted
3375 3721 30 29 by
3419 3720 23 23 M

3252 3748 85 37 basket
3349 3752 27 23 ol
3392 3761 52 21 gam

3252 3785 18 18 it
3291 3782 47 25 had
3357 3786 58 24 been
3437 3795 9 15 s

3252 3815 66 29 then,
3331 3825 25 17 as
3369 3827 39 24 my
3420 3821 28 22 balf

3250 3850 56 35 and,
3318 3852 91 31 suiting
3421 3855 24 22 thi

3249 3886 65 26 sixty
3327 3892 67 21 years
3407 3887 37 22 old

3249 3913 50 25 him
3318 3924 56 16 over
3393 3923 23 19 to
3436 3924 7 18 ti

3247 3945 64 26 front
3323 3950 27 22 of
3359 3951 40 23 the
3411 3954 55 28 pall

3284 3989 154 27 DiscoveRv

3244 4019 119 28 Accouuts
3376 4026 59 23 have

3242 4054 28 22 oi
3278 4055 69 25 black
3359 4058 52 25 lead
3424 4068 21 15 m

3243 4090 49 25 ton.
3305 4095 23 18 at
3343 4091 68 25 Leitu
3426 4094 18 22 R

3241 4127 31 16 on
3285 4123 80 30 hoard,
3378 4127 46 22 and

3240 4153 25 23 ot
3277 4158 95 26 povder
3384 4159 33 22 for
3430 4161 12 20 h

3241 4186 69 30 heàd,
3330 4191 101 30 loading,

3242 4218 51 26 The
3307 4223 83 24 Comet
3403 4226 44 22 aud
