4000 5029
616 2014 35 90 —

3453 421 66 55 No
3540 407 72 79 69
3653 444 24 33 1

1094 439 230 97 Tne
1441 402 1843 135 COUNTRVX..IOURNAL

1489 543 174 81 J
2022 546 389 96 ——1

986 623 500 113 CR
1571 621 668 106 AEFT
2378 619 447 117 SM
3003 624 106 95 A
3283 622 135 100 N.

824 753 55 6 —
1454 767 376 53 CAEBB
1885 764 408 59 DANVEERS
2348 763 487 52 GINE.
3394 776 3 3 —

1698 852 392 57 SATURDAT,
2138 852 294 39 FEERVARX
2473 860 65 41 I,
2593 859 155 39 IT42.

1236 910 156 87 pntcq
1422 939 63 44 for
1512 939 65 43 V.
1606 938 230 52 VARD,
1872 947 40 50 at
1942 937 67 45 the
2038 935 371 63 BLACNELtoN
2441 935 41 43 in
2513 931 352 58 Saliſbury-Court,
2902 927 129 66 Hleet-
3034 927 135 66 Street.

1146 1134 40 43 by
1206 1136 101 30 certain
1329 1136 119 36 Perſons,
1474 1141 33 23 at
1525 1135 47 31 the
1585 1143 65 21 nen
1659 1133 57 30 Di-

1068 1215 35 12 J
1146 1185 131 30 inction
1294 1183 107 37 vhich,
1421 1184 97 30 almoſt
1539 1176 176 45 univerſally,

1105 1231 171 41 prevails,
1296 1233 33 30 or
1347 1233 191 30 Hanoverioni
1560 1232 57 36 and
1639 1232 76 39 Eng-

1068 1285 44 37 El
1146 1280 130 39 bnen,
1309 1281 54 30 and
1396 1280 112 32 ſuitable
1541 1279 175 31 Endeavours

1086 1334 28 23 D
1147 1330 71 29 have
1244 1330 66 33 been
1338 1327 63 32 uſed
1429 1336 30 23 to
1485 1329 85 34 hew,
1608 1327 59 31 that
1694 1327 23 30 it

1146 1377 67 29 hath
1236 1386 37 19 no
1287 1375 171 32 Foundation
1479 1375 29 30 in
1523 1374 116 35 Reaſon,
1660 1374 55 29 and

805 1432 62 31 that
881 1431 22 30 it
924 1429 126 32 abounds
1070 1428 72 30 with
1164 1426 129 38 Dangers
1312 1425 30 30 in
1367 1424 46 31 the
1434 1424 58 30 Uſe
1515 1423 55 30 and
1584 1421 132 42 Applica-

808 1488 69 21 tion.

850 1525 94 31 —
947 1513 67 53 —
1006 1524 125 38 ⏑
1172 1513 19 53 ⏑
1369 1519 46 40 —
1430 1518 140 38 —
1644 1517 73 39 —

806 1575 70 41 they
890 1575 37 30 do
943 1581 47 24 not
1012 1574 80 30 affect
1105 1573 87 29 ECreat
1207 1570 122 29 Britain.
1369 1568 33 38 If
1419 1568 74 30 there
1515 1568 24 29 is
1561 1576 55 30 any
1630 1566 87 30 Cauſe

805 1625 43 30 ſor
865 1625 45 29 ine
925 1622 177 35 Diſtinction,
1123 1622 23 30 it
1160 1621 23 29 is
1196 1629 52 21 one
1261 1619 35 30 of
1309 1619 46 29 the
1369 1617 89 39 vorſt.
1465 1626 43 21 ve
1519 1616 70 30 have
1604 1623 32 23 to
1644 1615 73 33 fear:

805 1673 56 31 and
877 1673 73 29 thoſe
967 1671 67 31 who
1057 1680 67 28 gave
1139 1669 65 29 Riſe
1228 1675 28 22 to
1277 1667 23 29 it
1322 1677 66 29 may
1404 1666 83 31 thank
1506 1663 158 32 themſelves
1676 1663 42 30 for

806 1721 51 29 the
873 1719 214 40 Conſequences.
1130 1717 54 29 But
1196 1725 29 19 as
1240 1721 28 23 to
1280 1715 53 40 the,
1342 1713 223 42 Foundation
1524 1706 53 57 on
1585 1710 98 30 vhich
1695 1711 23 29 it

806 1767 25 30 is
846 1767 80 34 built,
946 1766 95 29 aſem
1065 1761 197 43 ſupplemental
1285 1760 152 40 Thonghts
1460 1769 67 31 may
1548 1767 50 23 not
1620 1758 34 31 be
1667 1767 50 37 un-

804 1814 160 32 ſeaſonable.

844 1861 96 34 call
964 1863 76 31 them
1066 1861 205 40 ſupplemental,
1292 1859 110 30 betauſe
1427 1858 27 30 ſo
1478 1867 87 29 many
1584 1856 132 31 excellent

806 1913 197 31 Obſervations
1016 1912 71 28 have
1100 1912 67 28 been
1186 1909 83 30 made
1289 1908 94 39 public
1396 1907 109 38 already
1519 1916 36 19 on
1571 1904 54 32 this
1645 1906 79 28 Sub-

801 1959 77 37 ject;
896 1958 86 31 and
997 1958 79 29 Ithinte
1098 1957 66 38 they
1180 1956 57 28 will
1262 1963 50 22 not
1333 1954 33 29 be
1388 1951 197 44 unſeaſonable,
1607 1950 109 30 becauſe

804 2016 18 20 a
835 2016 65 31 neo
919 2016 25 29 m
946 2004 131 41 ———
1090 2003 97 30 Fachet
1197 2004 32 28 of
1239 2002 95 30 Poiſon
1348 2002 23 28 is
1380 2000 56 39 juſt
1448 2008 69 29 gone
1530 1997 83 35 ſorth,
1628 1996 87 29 under

805 2055 51 34 the
865 2054 79 30 Title
955 2054 32 29 of
995 2063 35 20 an
1043 2051 147 31 Antidote.

846 2096 94 45 Erery
954 2099 79 40 Body
1048 2093 108 41 allovs,
1174 2097 60 31 that
1254 2095 115 32 Intereſt
1385 2094 23 30 is
1430 2093 47 31 the
1486 2086 79 59 firſt
1560 2094 103 40 Mover
1686 2090 27 30 in

806 2154 49 32 the
868 2153 117 38 Piojects
997 2151 32 29 of
1046 2149 116 35 Princes,
1184 2158 29 19 as
1232 2147 114 30 welras
1368 2145 74 29 thoſe
1455 2143 34 31 of
1506 2143 104 40 private
1624 2141 90 30 Men;

804 2203 53 30 but
868 2202 35 29 of
920 2201 76 28 hat
1007 2199 89 33 Kind
1121 2198 59 29 that
1198 2196 113 30 Intereſt
1328 2195 34 33 is,
1384 2192 68 30 hath
1465 2192 78 34 been,
1548 2185 167 48 generally,

804 2250 107 30 Matter
934 2247 33 29 or
986 2247 128 37 Diſpute.
1158 2243 150 33 Miniſters,
1329 2241 33 29 of
1380 2239 38 30 all
1441 2240 85 33 Sorts,
1548 2237 166 38 uniformly,

803 2297 82 34 inſiſt,
910 2288 59 37 that
982 2296 46 28 tne
1041 2294 116 31 Intereſt
1168 2292 34 30 of
1210 2292 46 42 the
1270 2291 116 43 Cabinet
1401 2289 23 29 is
1437 2298 64 20 ever
1519 2287 103 38 graſied
1636 2295 76 29 upon

804 2346 79 30 Tnat
895 2346 31 28 of
944 2341 45 33 the
1002 2344 109 38 People.
1153 2342 31 29 If
1203 2342 47 29 the
1260 2329 95 57 Voice
1367 2339 33 29 of
1418 2338 45 29 the
1482 2337 105 38 motle
1603 2337 105 39 Junto,

803 2404 70 21 nom
886 2394 27 29 in
936 2392 46 30 the
999 2392 102 35 Secret,
1122 2390 22 29 is
1167 2399 28 29 to
1207 2389 33 29 be
1261 2387 144 39 depended
1419 2395 85 29 upon,
1527 2385 47 29 the
1586 2385 126 28 Servants

801 2440 37 30 of
855 2441 63 28 ine
972 2473 8 6 ——
1048 2438 69 29 ave
1130 2436 103 39 proved
1249 2434 158 30 themſelves
1429 2441 28 21 to
1469 2433 45 34 be,
1535 2432 110 34 indeed,
1656 2431 57 29 the

804 2489 115 30 Friends
940 2488 34 29 ol
993 2487 47 30 tne
1053 2484 255 32 Commonvealih.
1352 2482 54 29 But
1429 2482 46 28 the
1495 2480 78 38 Tree
1589 2480 73 30 muſt
1681 2480 33 29 be

805 2532 105 30 Enodon
922 2533 39 38 by
975 2534 35 27 its
1024 2533 111 30 Fruits;
1154 2530 68 35 ind
1233 2531 24 27 it
1278 2527 200 38 unſortunately
1502 2527 131 36 happens
1644 2520 78 38 that,

804 2581 31 29 aa
846 2580 149 36 Exchaage
1008 2580 42 29 ſor
1072 2579 46 29 the
1130 2569 127 39 Millions
1276 2574 131 39 annually
1422 2571 106 41 levy'd,
1549 2568 55 33 and
1620 2570 94 39 ſquan-

806 2625 87 36 der'd,
915 2627 65 37 they
996 2626 69 29 have
1088 2624 116 37 nothing
1227 2630 29 22 to
1278 2621 121 39 produce
1420 2620 51 29 but
1492 2618 101 30 certain
1613 2617 99 30 annual

806 2674 136 31 Volumes
954 2675 32 31 of
996 2674 185 38 inſignificant
1194 2671 133 30 Treaties.

846 2724 66 35 But,
932 2730 29 22 to
975 2732 78 19 wave
1067 2720 173 38 Retroſpects
1259 2721 42 26 for
1327 2717 47 30 the
1388 2716 113 38 preſent,
1524 2723 44 19 we
1583 2722 46 20 are
1652 2723 62 28 par-

807 2771 127 37 ticularly
950 2770 71 35 told,
1043 2769 59 29 that
1124 2768 47 30 the
1184 2767 124 29 Meaſure
1332 2764 95 28 vhich
1450 2771 70 28 gave
1534 2761 64 30 Riſe
1622 2768 30 22 to
1668 2762 46 27 the

806 2817 155 30 obnoxious
974 2815 170 30 Diſtinction
1169 2803 85 51 above
1262 2803 158 51 ſpecify'd,
1449 2810 22 27 is
1493 2819 15 17 a
1532 2816 58 21 true
1604 2807 111 38 Englob

808 2863 136 35 Mealure,
965 2863 57 29 and
1045 2862 121 29 deſerves
1188 2866 49 23 not
1261 2865 31 22 to
1317 2858 34 29 be
1373 2853 171 40 ſtigmatized
1572 2853 71 29 with
1669 2853 46 28 the

806 2909 92 29 Brand
912 2910 32 26 or
956 2908 33 29 H
986 2916 154 22 n:
1167 2907 54 27 and
1239 2906 21 28 if
1286 2914 43 19 ve
1342 2905 105 37 require
1462 2902 53 29 this
1529 2900 140 29 Aſſertion
1683 2907 30 22 to

808 2955 35 29 be
864 2955 81 27 made
968 2954 82 36 good,
1071 2954 23 28 it
1117 2954 22 27 is
1164 2951 108 39 reply'd
1297 2951 29 27 in
1340 2950 100 35 Effect,
1461 2949 79 27 That
1555 2953 28 22 to
1602 2945 114 29 humble

809 3001 101 29 France
932 3001 22 27 is
971 3000 46 29 tne
1041 2997 188 31 fundamental
1250 2996 114 29 Intereſt
1378 2995 31 29 ol
1428 2992 146 40 Ergland;
1606 2990 60 30 that
1687 2997 29 21 to

809 3048 69 30 aſſiſt
891 3048 46 27 the
950 3046 96 38 Queen
1059 3046 32 28 or
1101 3046 33 28 H
1247 3044 24 28 is
1287 3043 45 28 the
1352 3041 102 30 neareſt
1468 3040 74 38 Way
1559 3047 29 21 to
1601 3036 115 31 humble

810 3096 121 30 France;
956 3095 56 28 and
1037 3094 58 29 that
1118 3093 46 29 the
1189 3092 102 28 neareſt
1305 3090 74 38 May
1393 3097 30 21 to
1436 3088 66 29 aſſiſt
1518 3088 46 28 the
1577 3086 96 39 Queen
1687 3085 34 28 of

810 3144 36 30 H
943 3141 59 36 is
1021 3149 29 23 to
1067 3141 59 31 take
1147 3140 59 31 into
1220 3137 110 41 Engliſh
1343 3137 56 39 Pay
1423 3135 46 32 the
1484 3130 182 36 Mercenaries
1686 3133 33 31 o

815 3183 28 53 HM
855 3183 133 53 —r.

851 3242 91 35 Non,
961 3251 29 21 as
1004 3240 79 31 hat
1095 3250 45 21 ve
1152 3239 56 40 buy
1232 3238 127 30 becomes
1371 3245 51 21 our
1442 3242 78 28 oτqͥ„
1543 3233 16 30 L
1572 3243 46 20 am
1632 3231 82 40 ready

809 3287 32 34 to
855 3300 88 28 agree,
965 3290 61 29 that
1048 3289 53 30 this
1119 3288 123 29 Meaſute
1262 3287 23 28 is
1306 3295 34 18 an
1354 3283 111 38 Ergliſv
1487 3282 134 29 Meaſare.
1663 3280 54 28 We

812 3339 69 28 have
893 3345 49 21 not
954 3337 66 39 only
1034 3336 107 36 bought
1153 3335 34 34 it,
1209 3334 50 29 but
1278 3343 28 18 as
1319 3331 65 30 dear
1397 3341 29 18 as
1439 3329 124 42 poſſible,
1577 3327 30 29 it
1623 3327 93 35 ſeems,

811 3393 51 22 not
873 3393 52 20 one
946 3383 73 31 Item
1036 3382 103 37 having
1161 3381 67 30 been
1252 3380 99 35 forbot,
1374 3377 96 29 Vhich
1492 3375 84 29 could
1602 3373 113 30 inflame

813 3434 47 29 ine
872 3431 125 37 Rargain,
1018 3430 35 30 of
1068 3429 96 30 vhich
1186 3428 46 28 the
1257 3416 65 56 139,
1328 3434 54 29 313
1400 3425 20 28 4.
1429 3416 108 56 Levy.
1541 3416 113 56 Money,
1677 3420 41 29 ſor

810 3480 112 39 Troops
932 3480 108 39 already
1056 3478 83 30 raiſed
1154 3477 42 29 ſor
1210 3476 46 28 the
1278 3475 108 28 Serviee
1407 3472 35 29 of
1462 3470 69 30 tneir
1552 3478 67 22 oun
1637 3471 80 28 Sove

812 3530 86 36 eign,
928 3529 56 29 and
1007 3529 48 29 the
1077 3527 101 29 ſixteen
1205 3523 119 37 Months
1350 3528 28 23 to
1401 3521 47 29 the
1469 3519 81 35 Vear,
1580 3527 45 21 are
1648 3517 68 31 moſt

814 3578 139 29 noſorious
975 3572 147 34 Inſtances.
1166 3572 64 35 But,
1251 3576 100 32 except
1373 3568 28 29 in
1422 3567 56 30 this
1502 3576 54 20 one
1570 3565 107 30 Artiele
1689 3564 33 30 of

814 3627 47 28 the
875 3624 142 35 Purchaſe,
1038 3623 16 29 I
1076 3622 40 30 ſee
1136 3630 37 20 no
1188 3619 105 30 Colour
1313 3617 45 29 for
1370 3615 95 38 giving
1474 3614 26 46 it
1511 3618 54 35 any
1579 3612 65 30 ſuch
1658 3612 59 30 De-

813 3666 182 47 nomination.

855 3717 128 39 Ergland
994 3714 68 32 hath
1085 3722 39 21 no
1137 3711 167 32 Dominions
1327 3719 36 21 on
1388 3708 47 30 the
1449 3706 160 37 Continent,
1627 3705 88 31 conſe-

813 3767 113 39 quendy
942 3774 55 21 vas
1018 3765 29 28 in
1060 3771 38 21 no
1110 3760 161 31 immediate
1284 3759 113 35 Danger
1411 3757 71 29 from
1506 3755 46 30 the
1571 3759 145 35 numetous

814 3814 125 38 ſtandiug
952 3812 111 32 Atmies
1074 3810 33 31 of
1127 3810 109 34 France,
1258 3816 51 21 nor
1321 3806 69 30 from
1403 3815 54 30 any
1472 3803 161 39 Enterprize
1647 3803 69 31 their

799 3859 128 48 mighty
942 3852 143 41 Monareh
1100 3857 95 31 ſhould
1209 3854 169 32 undertake;
1395 3853 56 31 and
1464 3863 29 19 as
1514 3860 28 21 to
1555 3852 48 29 her
1616 3852 97 36 Fleets,

815 3922 73 21 were
903 3912 65 39 iney
980 3921 29 20 as
1029 3906 165 33 formidable
1206 3915 29 20 as
1250 3905 83 41 when
1357 3903 64 38 they
1443 3901 121 38 ensated
1586 3901 67 29 both
1669 3902 45 30 the

813 3958 114 40 Engliſb
945 3957 56 31 and
1015 3954 95 35 Dutcb
1132 3954 29 29 in
1181 3950 194 40 Coniunction,
1396 3949 44 29 off
1458 3949 34 29 of.
1510 3949 128 37 Malaga,
1660 3949 52 29 and

813 4008 119 38 actaally
946 4017 36 20 on
1000 4006 46 31 the
1059 4005 81 30 Point
1160 4003 34 29 of
1212 4000 109 40 puttiak
1335 4006 29 23 to
1377 3998 48 34 des
1437 3998 103 38 againſt
1554 4007 40 26 us,
1614 3996 100 30 Lcan-

814 4063 61 28 not,
896 4055 41 29 for
960 4065 53 28 my
1026 4053 73 33 Life,
1121 4049 121 38 ĩmagine
1258 4050 72 27 hov
1352 4047 72 29 theſe
1444 4047 65 28 dear
1520 4045 103 37 bought
1637 4045 74 29 Mer⸗

813 4101 117 30 cenaries
942 4099 82 31 couid
1038 4096 154 32 coniribute
1205 4105 53 29 any
1272 4095 75 39 Way
1364 4101 28 23 to
1405 4103 51 20 our
1468 4092 194 30 Preſervation.

855 4146 120 30 Neither
986 4144 60 31 had
1063 4152 44 21 ve
1118 4151 53 31 any
1188 4141 60 30 Call
1270 4148 28 23 to
1319 4141 79 29 malte
1411 4139 185 40 Acquiſitions
1615 4148 37 20 on
1668 4139 45 30 the

816 4192 170 32 Continent;
1017 4189 35 31 all
1078 4197 50 21 our
1140 4186 132 33 Hiſtories
1290 4187 110 38 bearing
1425 4185 118 36 wimeſs,
1566 4184 59 30 that
1648 4184 63 31 ſuch

815 4232 187 46 Aequiſiuions
1013 4237 72 30 have
1105 4244 64 29 ever
1190 4235 70 32 been
1270 4244 50 20 our
1333 4234 82 29 Bane.
1450 4232 75 30 God
1547 4231 103 38 ſorive
1662 4242 51 21 our

816 4286 153 36 Anceſiors,
982 4284 25 29 if
1017 4284 66 38 tney
1098 4291 72 20 were
1182 4281 128 30 miſtaken
1326 4281 27 29 in
1367 4279 54 29 this
1429 4278 158 34 Particular,
1601 4278 56 29 and
1671 4288 40 27 us,

814 4332 45 30 for
869 4328 149 40 inheriting
1032 4329 69 31 their
1110 4327 170 39 Prejudices]
1308 4326 53 29 But
1376 4326 13 33 L
1403 4335 44 20 am
1462 4323 149 40 grievouſly
1625 4323 84 31 afraid

817 4380 66 39 ihey
907 4379 68 34 will,
995 4376 132 35 liteviſe,
1146 4374 117 39 deſcend
1289 4382 27 21 io
1340 4382 49 21 our
1402 4371 144 36 Children,
1568 4371 85 30 unleſs
1666 4372 46 30 the

816 4428 124 30 Services
960 4436 44 20 ve
1028 4436 46 19 are
1103 4433 65 23 von
1197 4431 28 22 to
1252 4430 64 33 reap
1343 4421 69 29 fcom
1439 4430 49 19 our
1515 4420 97 29 Union
1638 4420 73 30 with

881 4475 117 19 SVE
1023 4473 94 33 ſhould
1131 4481 75 31 open
1218 4480 48 22 our
1284 4469 81 40 Eyes,
1386 4468 55 33 aud
1454 4476 116 22 remove
1581 4467 75 33 them
1668 4466 44 32 for

812 4525 71 45 good
893 4523 59 39 and
964 4522 46 36 all.

1018 1102 94 36 —
1134 1088 137 31 —⏑
1370 1071 88 48 —
1474 1086 127 33 ꝛs'B
1625 1078 127 43 ——

1794 1084 56 31 But
1864 1083 48 32 the
1925 1084 97 40 Queen
2036 1084 35 31 of
2077 1086 34 29 H.
2230 1093 81 28 „our
2323 1084 71 37 good
2409 1082 78 41 Ally,
2509 1082 69 30 hatn
2591 1081 67 30 been

1755 1131 116 42 ſtrippid
1888 1132 35 30 of
1940 1142 53 20 one
2014 1133 34 30 of
2067 1133 49 30 her
2137 1133 54 30 beſt
2213 1133 155 35 Provinces,
2397 1132 39 39 by
2463 1132 47 29 the
2534 1131 77 37 King
2632 1130 33 30 orf

1754 1181 139 41 Pd—,
1921 1182 114 30 unother
2059 1181 34 31 of
2113 1191 54 21 our
2192 1181 70 38 good
2287 1181 96 30 Allies.
2426 1180 64 30 Nor
2517 1179 72 30 muſt
2614 1177 45 30 the

1754 1226 63 31 Laſt
1831 1227 44 29 be
1896 1229 84 29 outed
2003 1229 92 42 again,
2116 1238 52 21 nor
2191 1229 72 30 muſt
2287 1229 48 29 the
2354 1227 70 30 Firſt
2447 1227 33 29 be
2501 1236 17 19 a
2530 1224 127 31 Sufferer.

1756 1274 86 44 Nhat
1861 1277 127 37 remains,
2014 1269 75 46 then,
2116 1278 51 30 but
2191 1285 29 23 to
2241 1278 80 30 mabe
2345 1277 48 29 her
2412 1275 136 35 Amends,
2569 1283 28 22 at
2612 1274 46 31 the

1754 1321 131 39 Expence
1897 1322 32 31 otf
1941 1325 54 42 the
2015 1334 132 21 common
2160 1324 129 40 Enemy;
2319 1324 67 34 and,
2406 1333 29 19 as
2448 1331 44 20 ve
2511 1320 147 36 connived,

1756 1374 28 22 to
1798 1368 46 40 ſay
1858 1379 36 19 no
1908 1379 87 27 more,
2015 1380 29 21 at
2068 1372 50 29 her
2141 1371 56 29 ſaid
2210 1371 75 34 Loſs.
2306 1371 68 30 vho
2394 1370 51 29 but
2469 1377 44 21 we
2525 1368 90 40 ought
2628 1374 30 23 to

1755 1411 33 30 be
1800 1420 29 23 at
1843 1415 47 30 the
1902 1415 132 40 Expence
2045 1417 34 30 of
2088 1417 138 40 repairing
2238 1417 44 30 it?

1793 1461 80 30 Hom
1886 1463 39 30 far
1940 1464 47 31 the
2010 1464 150 40 prorerbial
2174 1463 159 41 Expreſſion
2355 1464 34 29 of
2408 1461 110 40 robbing
2542 1457 114 35 Pnρ

1754 1513 26 25 lo
1797 1516 54 33 pey
1874 1511 108 36 Pau,
2002 1512 24 30 is
2038 1512 34 29 of
2081 1511 152 41 Authority
2248 1512 30 30 in
2293 1511 117 35 Polities
2433 1511 15 28 I
2471 1511 75 29 leave
2570 1517 28 22 to
2613 1510 47 29 the

1753 1567 74 28 great
1841 1559 114 30 Maſters
1968 1559 30 30 in
2013 1560 57 39 that
2085 1559 128 32 intticate
2226 1559 109 31 Science
2350 1568 29 22 to
2392 1559 161 40 determine.
2595 1556 63 35 But,

1754 1607 149 38 according
1928 1614 28 23 to
1980 1617 50 30 my
2044 1608 179 38 glimmering
2237 1607 185 40 Perceptions,
2445 1607 47 29 the
2506 1605 111 30 Intereſt
2631 1603 33 34 of

1754 1653 129 38 England
1899 1655 23 29 is
1937 1665 67 29 very
2019 1656 126 42 litile,
2105 1648 41 54 if
2161 1663 28 22 at
2208 1655 46 36 all,
2276 1655 146 30 concern'd
2437 1664 34 19 on
2486 1653 87 30 either
2585 1652 72 29 Side.

1753 1701 61 31 Till
1829 1703 75 31 there
1920 1703 23 30 is
1957 1714 37 20 no
2007 1705 97 30 Pover
2125 1714 37 22 on
2187 1705 47 29 the
2255 1705 153 31 Continent
2421 1703 59 30 able
2493 1710 28 23 to
2535 1702 74 30 ſtand
2630 1702 28 29 in

1755 1747 169 40 Oppoſition
1952 1759 28 22 to
1993 1752 79 29 That
2090 1751 34 31 of
2142 1752 111 35 Frante,
2277 1762 43 20 ve
2343 1752 81 34 have,
2446 1749 212 40 demonſtrably,

1753 1805 37 21 no
1802 1798 80 30 other
1896 1798 112 32 Intereſt
2023 1807 29 24 to
2065 1801 97 38 purſue
2177 1801 86 35 there,
2287 1801 65 30 than
2364 1792 79 38 Phat
2462 1800 33 29 of
2509 1809 50 20 our
2574 1799 85 30 Com-

1754 1843 110 36 merce,
1877 1853 29 22 at
1918 1847 106 38 preſent
2039 1847 27 30 ſo
2079 1847 70 30 little
2162 1849 131 29 attended
2316 1855 47 26 to;
2392 1847 205 39 conſequently,
2619 1846 41 30 till

1754 1892 132 37 Holland,
1916 1895 128 37 Pruſſia,
2076 1897 153 33 Hanoter,
2249 1897 60 30 &c.
2344 1907 73 19 vere
2440 1895 130 35 invaded,
2603 1896 53 28 had

1754 1941 74 37 try'd
1852 1942 72 41 their
1945 1953 67 21 on
2035 1945 138 37 Strength,
2196 1946 53 29 and
2273 1945 86 29 found
2382 1945 23 29 it
2428 1943 165 34 ineffectual.
2615 1953 44 20 we

1754 1996 72 21 were
1836 1990 86 29 under
1933 2000 36 20 no
1980 1992 159 37 Obligation
2152 1998 28 24 to
2190 1993 113 29 exhauſt
2316 1993 45 27 the
2372 1990 167 31 Remainder
2549 1991 32 28 of
2587 2000 70 19 ours.

1776 2034 104 37 That,
1904 2037 142 36 theefore,
2069 2048 43 20 ve
2127 2039 80 29 made
2229 2033 131 36 ourſelves
2372 2038 109 34 Parties,
2499 2044 29 23 at
2553 2037 27 29 ſo
2604 2037 54 29 vaſt

1748 2090 40 21 an
1814 2083 129 41 Expence
1966 2086 54 29 and
2034 2083 123 43 Riſque,
2185 2088 52 28 and
2263 2098 44 19 are
2330 2098 36 19 on
2384 2087 51 30 the
2458 2086 83 32 Point
2563 2084 33 30 of
2615 2085 44 28 be-

1753 2131 116 39 coming
1893 2133 162 39 Principals,
2089 2135 28 28 in
2127 2127 86 51 this
2221 2135 183 30 troubleſome
2428 2133 55 30 and
2509 2133 150 37 dangerous

1755 2179 98 36 Affair,
1876 2183 70 28 muſt
1965 2182 41 29 be.
2017 2182 95 38 oing
2133 2190 28 23 to
2182 2184 71 29 ſome
2270 2184 82 29 other
2365 2183 113 30 Intereſt
2501 2182 67 30 than
2582 2182 77 29 That

1752 2226 33 29 of
1794 2228 144 38 England:
1959 2236 27 24 at
1999 2230 61 30 leaſt
2073 2229 22 31 it
2117 2231 70 29 muſt
2210 2231 35 41 be
2268 2232 28 29 ſo
2320 2230 152 40 preſumed,
2494 2230 41 29 till
2559 2239 43 19 we
2616 2238 43 20 are

1753 2273 132 32 furniſt'd
1899 2273 73 33 with
1996 2277 85 31 better
2094 2277 100 38 Lights
2215 2279 64 30 than
2302 2280 75 29 thoſe
2397 2287 43 20 vve
2453 2277 70 30 have
2537 2276 69 31 been
2617 2276 43 29 hi-

1754 2323 89 31 therto
1856 2325 122 30 favour'd
1996 2327 83 28 with.

1794 2371 30 29 It
1836 2372 22 28 is
1869 2382 133 30 apparent
2014 2374 119 37 enough,
2156 2374 69 36 that,
2247 2377 50 26 not
2309 2374 66 37 long
2388 2382 60 29 ago,
2471 2372 47 30 the
2536 2370 125 32 Intereſts

1754 2418 33 29 of
1795 2420 136 37 Euglaud,
1952 2422 59 32 and
2028 2422 73 29 thoſe
2119 2422 36 28 of
2163 2423 68 28 moſt
2242 2422 34 28 of
2294 2423 45 28 the
2353 2422 110 29 Princes
2476 2422 32 29 of
2517 2422 142 35 Germany,

1757 2476 70 20 were
1840 2468 97 39 totally
1950 2469 132 39 oppoſite,
2105 2469 26 29 if
2149 2477 49 22 not
2221 2470 225 30 irreconcileable.
2491 2469 65 29 The
2570 2467 91 29 Gran-

1752 2513 71 29 deur
1835 2516 34 26 of
1884 2515 47 29 the
1944 2516 94 28 Houſe
2050 2516 35 29 of
2091 2516 123 38 Auſirio,
2237 2516 96 29 vhich
2356 2525 57 19 was
2427 2525 16 18 a
2458 2515 111 28 Circum
2572 2509 89 50 ſtance

1755 2559 27 27 ſo
1794 2559 157 33 favourable
1975 2568 27 23 to
2029 2571 42 25 us,
2093 2571 57 19 was
2175 2571 16 19 a
2212 2562 104 28 Terror
2339 2568 29 23 to
2389 2561 93 32 them;
2516 2559 55 29 and
2585 2558 77 29 vhat

1754 2608 172 37 contributed
1942 2617 30 23 to
1986 2610 131 30 maintain
2144 2610 47 30 the
2203 2610 117 30 Balance
2340 2610 33 30 of
2389 2611 117 36 Europe,
2528 2617 56 26 was
2595 2607 64 34 held

1755 2655 62 30 fatal
1832 2663 28 24 to
1875 2658 80 29 That
1968 2659 35 29 or
2012 2659 46 29 the
2072 2658 122 39 Empire.

1799 2703 81 31 With
1904 2705 55 30 this
1983 2706 81 35 Clue.
2085 2706 23 29 it
2132 2706 33 36 is,
2188 2707 127 38 perhaps,
2339 2707 63 38 eaſy
2427 2713 28 21 to
2480 2704 111 30 unravel
2615 2702 46 31 the

1756 2751 136 30 Meaſures
1906 2754 88 33 taben,
2018 2754 42 28 for
2074 2764 84 28 many
2174 2754 85 31 Vears
2274 2755 135 36 together,
2431 2761 29 21 to
2476 2752 112 29 humble
2603 2752 58 29 that

1748 2797 159 32 obnoxious
1921 2801 115 31 Houſe;
2067 2801 64 35 and,
2153 2801 170 36 conſidering
2337 2802 49 29 the
2407 2801 54 29 late
2472 2799 149 30 Surrender
2633 2798 29 28 of

1758 2848 105 36 Siliſia,
1884 2849 23 29 it
1927 2859 66 29 may
2009 2849 33 29 be
2061 2859 29 19 as
2111 2849 59 39 euſy
2188 2858 28 20 to
2235 2858 118 21 account
2372 2849 42 30 ſor
2435 2848 47 30 the
2494 2854 74 32 great
2580 2846 81 30 Pains

1757 2903 43 20 ve
1811 2905 46 19 are
1870 2905 66 20 nov
1951 2896 91 36 taking
2056 2903 27 21 to
2097 2897 64 27 raiſe
2169 2897 26 31 it
2210 2907 38 28 up
2259 2897 90 36 aain.

1798 2940 64 29 The
1875 2941 113 28 Balance
2001 2942 32 28 ol
2044 2944 106 36 Europe
2165 2953 61 28 may
2227 2935 80 50 then
2313 2943 40 27 be
2370 2941 83 29 tald
2465 2940 38 35 ol,
2525 2939 50 29 but
2585 2939 75 29 there

1756 2986 24 29 is
1790 2987 71 29 ſome
1875 2988 105 30 Reaſon
1994 2995 27 22 to
2034 2988 57 31 fear
2104 2989 47 29 tue
2163 2978 114 40 Baſance
2290 2989 33 29 of
2332 2989 136 37 Germany
2480 2988 21 28 is
2515 2987 68 30 moſt
2596 2996 62 20 con-

1758 3033 111 32 ſiderd:
1892 3033 55 30 and
1962 3035 97 39 ſurely,
2074 3036 25 32 if
2105 3037 22 28 it
2138 3038 33 28 be
2180 3036 112 37 allo'd
2304 3045 54 25 me,
2380 3045 29 19 as
2422 3034 109 30 Iithin
2545 3034 24 29 it
2578 3034 81 34 muſt,

1760 3080 58 30 that
1832 3081 34 29 H
2027 3083 21 28 is
2071 3083 90 42 rather
2185 3094 76 19 more
2273 3083 146 30 concermd
2440 3082 27 29 in
2482 3082 87 35 That,
2594 3082 65 29 than

1758 3128 26 29 E
1905 3129 28 34 d,
1958 3129 46 30 the
2017 3126 166 48 Diſtinction
2197 3131 85 31 above
2295 3130 96 32 hioted
2404 3137 38 29 at,
2462 3129 23 30 is
2505 3136 51 24 not
2577 3129 81 30 mith-

1757 3181 50 23 out
1819 3184 16 20 a
1845 3185 67 29 very
1928 3175 65 30 ſolid
2007 3177 184 32 Foundation.

1799 3218 54 49 But
1857 3222 104 30 ſhould
1975 3234 43 19 ve
2040 3225 58 29 take
2116 3226 24 29 it
2155 3226 42 30 for
2209 3226 126 37 granted,
2356 3226 71 36 that,
2445 3225 29 31 in
2484 3225 116 38 aſſiſting
2614 3225 45 30 the

1759 3272 96 38 Queen
1865 3270 33 30 or
1907 3272 162 34 H——.,
2093 3273 48 29 ihe
2153 3269 102 41 grealer
2263 3264 114 40 Balance
2387 3284 57 20 vas
2455 3274 66 39 only
2532 3273 125 33 attended

1759 3327 38 26 to,
1818 3319 52 29 and
1884 3319 45 30 the
1938 3320 57 35 leſs,
2016 3329 51 22 not
2080 3321 26 29 ſo
2119 3322 86 29 much
2218 3332 27 19 as
2258 3322 118 38 thought
2388 3317 38 41 of,
2447 3324 23 28 it
2491 3321 59 30 will
2564 3321 95 30 thence

1760 3365 103 36 follov,
1885 3366 60 30 that
1970 3367 47 30 the
2041 3378 76 19 more
2135 3369 124 30 effectual
2283 3379 44 20 we
2350 3370 125 29 render'd
2497 3369 58 30 that
2569 3367 90 30 Aſſiſt-

1759 3424 77 26 ance,
1852 3415 46 29 the
1909 3425 76 19 mote
1997 3415 154 40 effectually
2161 3426 49 22 we
2225 3417 91 30 ſerved
2329 3427 51 20 our
2393 3418 147 38 Country;
2567 3410 91 36 vhere

1761 3463 118 39 Money
1894 3463 23 28 is
1941 3463 112 30 become
2066 3474 15 18 a
2095 3464 86 43 ſcarce
2194 3464 195 39 Commodity,
2409 3466 56 30 and
2491 3458 164 46 Oeconomy

1760 3513 22 27 is
1796 3511 27 29 ſo
1836 3509 86 31 much
1934 3511 119 35 wanted,
2072 3511 59 29 that
2142 3511 23 29 it
2176 3511 120 30 deſerves
2307 3519 27 22 to
2348 3512 33 30 be
2393 3512 74 37 held,
2487 3513 33 29 of
2535 3511 34 30 all
2584 3513 72 38 poli-

1762 3558 62 28 tical
1837 3557 121 34 Virtues,
1980 3557 47 28 the
2040 3558 131 37 ſupreme.

1802 3604 65 35 But,
1888 3603 26 29 if
1919 3612 64 22 one
2006 3603 75 30 Half
2094 3605 35 28 of
2150 3597 47 37 tne
2210 3605 109 39 Money
2342 3605 97 30 vhich
2462 3605 48 30 the
2533 3606 124 30 Meafure

1761 3653 89 29 under
1869 3651 245 30 Conſideration
2083 3647 34 45 is
2127 3658 27 23 to
2176 3653 57 29 ooſt
2255 3663 41 25 us,
2309 3653 63 29 had
2387 3653 66 29 been
2474 3653 139 31 advanced
2629 3662 28 22 to

1762 3702 45 29 the
1820 3702 94 38 Queen
1926 3698 33 31 of
1968 3699 69 29 H-
2112 3710 29 30 9,
2156 3699 21 29 it
2193 3700 80 29 ſeems
2284 3700 47 31 ſne
2343 3701 95 29 would
2451 3700 70 30 have
2533 3701 75 36 been,
2625 3711 28 24 to

1761 3750 46 29 the
1820 3748 60 35 full,
1906 3757 28 19 as
1947 3746 64 29 well
2031 3747 112 34 aſſiſted,
2163 3747 54 36 and
2243 3755 43 20 we
2299 3746 54 29 had
2368 3747 66 29 been
2449 3742 69 48 700,
2525 3742 52 48 oOOO
2592 3749 20 29 I.
2625 3749 28 30 in

1759 3796 110 35 Pocket,
1890 3793 106 36 which,
2016 3793 29 28 in
2058 3792 85 31 much
2157 3793 86 30 better
2261 3793 109 36 Times,
2389 3795 94 29 would
2504 3795 71 29 have
2588 3795 65 30 been

1761 3842 118 37 thought
1889 3850 36 20 no
1938 3838 209 31 inconſiderable
2161 3839 111 37 Saving.

1801 3890 103 34 When,
1925 3887 140 34 therefore,
2080 3882 51 47 Ne
2153 3895 79 21 come
2253 3894 29 21 to
2307 3886 123 31 conſider
2450 3894 31 23 at
2504 3887 91 30 vhoſe
2607 3888 45 29 In-

1759 3938 88 30 ſtance
1861 3937 54 30 this
1925 3935 123 31 Meaſure
2061 3934 63 30 took
2136 3934 89 35 Place,
2246 3933 38 40 by
2298 3931 96 33 whom
2406 3934 22 29 it
2446 3944 57 20 was
2515 3935 135 34 enforced,

1760 3986 72 30 with
1844 3986 76 29 what
1933 3983 216 30 Circumſtances
2158 3983 24 29 it
2205 3991 57 20 was
2273 3982 137 35 attended,
2430 3984 56 28 and
2500 3984 65 29 vho
2579 3994 73 20 were

1760 4040 28 21 to
1800 4036 32 27 be
1845 4034 47 28 the
1904 4031 127 33 Gainers,
2040 4030 43 28 'tĩs
2096 4029 149 39 impoſſible
2257 4029 42 30 for
2309 4040 34 18 an
2355 4029 135 39 impartial
2504 4031 83 29 Mind
2604 4040 47 20 not

1760 4088 28 21 to
1801 4080 90 37 thin,
1904 4079 59 29 that
1976 4078 46 29 the
2033 4077 54 29 ſaid
2099 4076 175 35 Diſtinction,
2289 4076 130 30 however
2431 4076 217 38 miſrepreſented

1759 4124 37 42 by
1812 4126 73 29 thoſe
1888 4120 174 50 principally
2068 4120 121 50 affected
2202 4124 36 39 by
2250 4123 36 37 it,
2305 4133 57 19 was
2364 4119 76 46 well
2445 4119 136 46 founded,
2602 4135 49 20 nor

1759 4184 28 23 to
1799 4175 37 30 do
1849 4167 118 48 Honour
1967 4178 41 24 to
2018 4172 60 30 him
2092 4171 66 33 xho
2169 4171 54 30 firſt
2237 4172 79 32 made
2327 4171 32 31 it.

1799 4224 29 29 It
1836 4223 22 29 is
1871 4223 64 29 well
1948 4223 102 29 Enoun
2065 4230 28 21 to
2113 4222 48 29 the
2185 4221 105 36 World,
2315 4221 69 40 thas
2405 4220 84 31 hen
2511 4231 17 19 a
2548 4222 102 31 certain

1758 4279 76 32 great
1858 4267 127 34 Miniller
2006 4271 32 29 of
2059 4271 102 29 former
2180 4270 99 30 Times
2299 4280 56 18 was
2364 4270 82 33 sſicd,
2471 4270 76 29 Hov
2562 4270 22 29 it
2596 4280 55 21 vas

1758 4320 108 42 poſſible
1885 4318 41 31 ſor
1939 4318 59 30 him
2013 4325 29 23 to
2053 4318 125 42 diſpateh
2189 4318 65 30 ſuch
2266 4329 16 19 a
2294 4317 113 41 Variety
2431 4318 34 31 of
2478 4317 109 37 Affairt,
2615 4319 37 30 he

1758 4367 116 40 reply'd,
1894 4366 40 39 Ey
1949 4365 75 39 doim
2034 4375 45 24 one
2092 4370 31 26 at
2136 4376 18 18 a
2169 4364 83 31 Dme.

1796 4417 91 33 Nov,
1906 4409 125 35 vhether
2040 4415 49 29 the
2099 4414 70 29 War
2179 4413 70 29 with
2261 4414 80 38 Spain
2362 4422 56 19 was
2442 4422 16 19 au
2482 4411 83 39 right,
2591 4423 31 20 or
2636 4424 14 18 à

1758 4472 96 29 wrong
1880 4460 133 36 Meaſure,
2035 4462 60 37 (ſor
2117 4461 16 29 I
2153 4460 109 40 ſuppoſe
2288 4460 45 30 the
2353 4460 96 39 Junto
2469 4468 45 21 are
2537 4468 48 21 not
2605 4466 47 32 vyet

1756 4512 104 38 agreed
1876 4512 88 39 upon
1978 4510 60 33 that
2062 4510 101 40 Head]
2178 4509 23 31 it
2218 4517 57 22 was
2299 4507 128 40 certainly
2451 4506 45 31 the
2509 4515 44 21 eue
2566 4506 84 39 Pirg

2700 1079 110 36 neegſul
2826 1086 27 24 to
2873 1080 33 30 be
2917 1080 165 40 diſpateh'd,
3103 1082 27 29 if
3141 1082 45 30 tihe
3210 1081 113 32 Intereſt
3345 1082 32 31 ot
3390 1083 88 30 Great
3489 1083 113 30 Britain

2701 1128 52 28 had
2767 1128 65 29 been
2843 1128 111 39 ſteadily
2970 1129 127 38 purſuer.
3119 1131 64 34 For,
3199 1130 26 29 if
3232 1132 23 28 it
3265 1141 55 20 was
3331 1142 15 18 a
3359 1140 98 29 wrong
3467 1132 135 35 Meaſure,

2700 1175 35 29 all
2748 1185 51 20 our
2807 1176 117 30 Addreſ:
2935 1176 94 31 ſnould
3041 1179 71 29 nave
3126 1179 64 29 been
3205 1181 139 39 employ'
3323 1171 18 53 d
3362 1190 27 21 to
3400 1182 78 37 bring
3493 1183 22 28 it
3528 1191 28 20 io
3566 1192 35 20 an

2702 1223 166 30 honourable
2879 1224 113 33 Period;
3013 1226 64 36 and,
3101 1227 24 28 if
3137 1237 15 19 a
3168 1227 95 37 Right,
3285 1230 37 29 all
3347 1239 51 20 our
3411 1231 139 38 Strength,
3572 1238 29 24 to

2702 1281 113 30 procure
2828 1281 31 20 us
2870 1272 67 30 borh
2950 1272 238 32 Indemnification
3203 1278 53 27 and
3269 1277 138 39 Revenge.

2741 1320 54 29 But
2806 1322 107 30 neither
2927 1323 34 28 of
2967 1322 71 30 theſe
3047 1324 78 35 Ends
3138 1325 79 36 ſeem,
3242 1335 28 20 as
3297 1334 56 31 yet,
3388 1335 27 22 to
3442 1327 70 30 have
3533 1317 66 41 been

2701 1368 128 29 attended
2842 1376 39 28 to,
2899 1371 85 28 unleſs
2998 1372 26 28 in
3037 1373 207 31 Subordination
3257 1384 29 21 to
3296 1386 83 30 many
3391 1378 97 34 others,
3504 1378 95 30 vhich

2703 1414 57 29 vill
2775 1423 48 22 not
2833 1416 88 32 admit
2933 1419 32 28 of
2972 1427 53 30 any
3041 1418 178 39 Compariſon
3231 1422 70 29 with
3319 1423 106 37 Regard
3441 1432 28 21 to
3492 1425 46 28 the
3552 1425 47 30 Iu-

2703 1460 75 39 tereſt
2787 1461 33 30 ol
2824 1462 87 30 Great
2921 1464 120 29 Britain.
3067 1465 50 29 Me
3120 1476 67 20 nou
3203 1467 78 31 ſuſſer
3291 1469 45 29 the
3347 1470 66 30 War
3426 1478 27 21 to
3463 1456 136 57 languim,

2684 1503 88 63 moſt
2788 1508 171 41 ſhameſully,
2983 1513 84 29 vhile
3078 1523 44 20 ve
3146 1514 94 30 labour
3261 1517 84 28 under
3358 1518 34 28 all
3409 1518 46 29 tne
3469 1518 132 31 Difncul-

2705 1563 48 22 ties
2766 1558 141 39 attending
2933 1561 32 36 it,
2985 1563 52 29 and
3054 1572 43 20 we
3120 1565 79 29 make
3221 1575 36 20 no
3278 1568 145 30 Advances
3451 1572 118 28 tomards
3582 1581 18 19 a

2702 1604 94 38 Peace,
2821 1607 103 38 though
2945 1608 46 31 the
3010 1611 174 38 Advantages
3196 1611 31 32 of
3245 1624 16 18 a
3274 1615 70 37 good
3359 1626 51 20 one
3425 1626 73 22 vere
3517 1627 82 21 never

2703 1663 77 21 more
2795 1657 148 40 neceſſary.

2743 1704 78 34 And,
2847 1705 83 42 vVhile
2944 1707 29 28 in
2989 1706 54 30 this
3065 1707 151 40 deplorable
3229 1710 86 32 Situat
3320 1713 56 36 ion,
3397 1723 50 21 our
3462 1713 76 29 Land
3543 1700 59 53 In-

2692 1749 86 28 tereſt
2807 1757 43 21 eat
2877 1757 50 23 out
2950 1751 71 29 with
3049 1761 17 30 a
3070 1745 76 54 Four
3149 1755 223 40 Shilling·
3309 1745 77 54 Tax,
3402 1761 93 32 xhieh
3526 1760 75 30 there

2703 1798 20 28 is
2749 1799 105 30 Reaſon
2884 1807 28 22 to
2937 1799 56 30 fear
3020 1800 58 30 will
3111 1803 33 28 be
3169 1808 149 35 perpetual,
3351 1817 49 19 our
3414 1794 101 53 Poor-
3519 1794 81 53 Rates

2703 1847 94 37 higher
2811 1848 64 29 than
2884 1858 61 20 ever
2955 1849 65 40 ihey
3032 1859 71 20 were
3117 1853 101 29 knoren
3234 1855 27 28 in
3276 1856 45 29 the
3333 1857 129 39 Memory
3473 1859 32 28 of
3514 1859 84 36 Man,

2700 1907 50 20 our
2764 1897 205 29 Manufactures
2982 1899 28 28 in
3034 1899 99 36 Ruins,
3154 1902 53 28 and
3223 1912 50 20 our
3294 1904 161 30 Merchanta
3468 1907 133 36 groaniug

2702 1945 86 29 under
2801 1946 35 28 all
2851 1947 47 28 the
2913 1947 254 40 Diſcouragements
3190 1950 33 36 (IL
3236 1961 44 20 am
3296 1952 56 31 loth
3368 1960 29 22 to
3410 1956 79 28 make
3506 1955 53 29 Uſe
3570 1955 36 29 of

2691 1998 36 35 a
2747 1989 101 29 ſeverer
2874 1992 174 40 Expreſſion)
3084 1996 121 37 poſſible,
3238 2007 43 23 ve
3305 2000 154 38 needleſsly,
3492 2001 106 39 madly,

2700 2035 164 46 deſperately
2877 2041 116 37 provole
3006 2050 15 18 a
3037 2042 89 30 Land.
3137 2031 77 57 MWar:
3239 2047 93 29 vhich
3344 2056 44 21 ve
3403 2048 69 30 have
3483 2049 118 38 nothiog

2701 2095 29 20 to
2749 2086 38 29 do
2803 2089 91 32 with;
2915 2089 95 30 vhich
3031 2100 39 21 ve
3081 2095 50 27 are
3151 2102 48 21 not
3211 2095 62 30 able
3295 2103 28 23 to
3337 2098 121 38 ſupport,
3482 2099 120 31 vithout

2702 2135 172 39 mortgaging
2887 2137 142 34 ourſelves,
3049 2148 28 20 as
3088 2141 63 29 well
3165 2151 27 19 as
3202 2151 51 21 our
3266 2144 93 30 Lands
3369 2146 52 28 and
3441 2148 160 30 Revenues;

2700 2181 55 30 and
2771 2182 36 40 by
2821 2184 96 31 vhieh
2928 2185 23 30 ĩt
2961 2186 21 29 is
2995 2186 149 39 impoſſible
3162 2190 59 43 We
3238 2191 93 41 mould
3347 2195 32 28 be
3393 2194 125 31 Gainers.

2741 2231 65 31 The
2827 2234 50 30 Sea
2903 2236 22 28 is
2949 2246 51 20 our
3019 2239 210 37 ackriovledged
3248 2240 137 38 Element,
3407 2243 41 29 for
3474 2239 123 46 Intereſt,

2700 2277 129 39 Strength
2842 2282 54 29 and
2911 2282 111 40 Glory:
3043 2285 54 29 and
3119 2286 25 27 if
3162 2287 75 28 tpere
3247 2288 22 28 is
3289 2289 56 28 this
3359 2299 128 30 apparent
3501 2291 100 30 Neceſ-

2701 2324 53 40 ſity
2769 2334 27 21 to
2810 2328 113 30 humble
2933 2332 108 35 Frauce,
3065 2341 42 20 we
3121 2333 96 29 ſhould
3233 2334 69 31 have
3313 2337 118 29 attact
3412 2320 19 55 d
3446 2338 48 29 her
3508 2338 29 29 in
3551 2339 49 29 ner

2695 2375 119 29 weakeſt
2826 2376 54 29 and
2892 2379 68 28 moſt
2975 2379 108 29 ſenſible
3097 2380 73 33 Part.
3186 2381 49 29 her
3247 2383 93 29 Trade
3352 2385 53 28 and
3404 2381 195 47 Navigation.

2700 2422 47 28 To
2759 2433 16 17 a
2789 2423 102 38 Deſign
2905 2426 34 29 of
2956 2427 59 29 that
3026 2428 119 35 Nature,
3168 2435 73 23 tnere
3265 2432 92 29 vould
3380 2420 62 42 not
3452 2434 68 29 hae
3533 2435 68 29 been

2700 2479 52 20 one
2765 2471 124 37 negative
2905 2474 88 30 Voice
3003 2476 28 29 in
3050 2476 88 29 Great
3159 2477 130 34 Britain;
3310 2481 109 29 becauſe
3431 2483 73 28 there
3517 2482 84 30 could

2703 2516 69 28 have
2796 2519 66 27 been
2890 2528 37 20 no
2953 2520 127 38 Diſpute,
3101 2522 125 29 vhether
3250 2524 45 28 the
3323 2526 114 28 Intereſt
3460 2526 34 28 of
3513 2528 88 33 Great

2702 2564 122 36 Britain,
2846 2576 32 28 or
2889 2568 138 35 Hanover,
3049 2578 56 20 was
3119 2570 66 29 molſi
3197 2573 144 29 concern'd
3366 2573 28 29 in
3410 2575 31 28 it.
3483 2574 119 31 Neitner

2704 2618 72 22 were
2784 2612 45 29 the
2843 2615 68 27 moſt
2922 2614 129 38 plauſible
3060 2615 140 30 Pretences
3211 2619 123 36 wanting
3348 2627 27 21 to
3384 2614 142 36 authoriae
3535 2622 65 29 ſuch

2701 2667 16 18 a
2732 2658 143 34 Meaſure;
2897 2661 109 33 witneſs
3020 2663 45 28 the
3080 2663 93 29 hoſtile
3188 2667 181 36 Appearance
3380 2667 32 28 of
3422 2669 70 27 their
3515 2670 84 38 Squa-

2701 2704 92 38 drone,
2809 2706 72 30 both
2892 2708 28 28 in
2935 2708 46 29 the
3022 2709 50 37 τU
3080 2710 84 28 ndies
3184 2712 53 27 and
3260 2714 45 28 tne
3321 2714 226 37 Mediterrancan,
3569 2718 31 28 in

2703 2749 116 55 Concert
2835 2755 72 28 with
2917 2765 52 20 our
2978 2766 70 28 open
3061 2758 53 28 amd
3125 2759 110 28 avov'd
3246 2760 126 30 Enemies
3387 2763 45 27 the
3442 2763 159 36 Spaniards

2701 2799 101 32 Inſults
2813 2801 33 29 of
2855 2803 65 28 ſuch
2933 2814 15 17 a
2959 2805 139 28 notorious
3109 2806 117 36 Nature,
3249 2808 58 30 that
3320 2819 36 19 no
3370 2810 75 28 M—
3471 2823 44 26 y,
3533 2811 67 29 wvho

2702 2847 81 30 made
2806 2851 45 26 ide
2867 2850 111 30 Intereſt
2991 2852 34 28 of
3040 2852 86 29 Great
3138 2849 113 34 Britain
3264 2856 69 29 their
3351 2852 151 43 governing
3519 2859 78 28 Prin-

2701 2894 81 37 eiple,
2803 2896 80 28 could
2897 2897 71 28 have
2982 2898 165 37 overlool'd,
3170 2909 31 19 or
3215 2902 92 28 vould
3335 2912 48 19 not
3396 2903 69 29 have
3479 2904 118 29 reſented

2702 2942 70 28 with
2799 2944 48 27 the
2861 2944 91 29 whole
2965 2945 85 30 Force
3064 2947 95 30 vhich
3173 2947 67 29 God
3263 2950 53 28 and
3339 2951 108 29 Nature
3470 2953 54 30 had
3547 2950 51 47 put

2701 2990 59 28 into
2771 2999 50 19 our
2832 2990 111 42 Hands.

2741 3036 89 35 That,
2852 3038 141 36 thereſore,
3017 3039 65 40 they
3097 3040 93 30 ſhould
3204 3043 63 35 give
3279 3050 58 29 out,
3360 3044 59 29 tnat
3439 3052 28 22 to
3485 3047 116 29 humbe

2699 3082 101 30 France
2812 3093 56 19 was
2880 3084 45 29 the
2937 3085 81 29 chief
3033 3085 111 31 Intereſt
3165 3089 31 28 of
3209 3089 88 28 Grcat
3310 3092 133 31 Britain;
3461 3093 54 27 and
3538 3089 65 46 yet,

2701 3129 27 30 in
2740 3130 152 45 Contempt
2903 3132 31 29 of
2953 3132 46 29 the
3012 3133 172 39 Experience
3208 3135 35 30 of
3248 3137 68 38 paſt
3339 3136 109 39 Times,
3470 3139 53 29 and
3553 3140 46 30 ihe

2701 3178 229 31 Common·Senſe
2943 3180 31 28 of
2992 3180 45 29 the
3049 3174 112 52 preſent,
3169 3182 72 40 that
3255 3183 66 39 they
3340 3184 95 30 ſnould
3461 3187 89 39 perſiſt
3568 3189 29 29 in

2701 3225 89 37 takins
2803 3226 46 29 the
2863 3225 60 30 Bull
2938 3226 38 39 by
2989 3227 46 28 the
3048 3228 117 31 Horns;
3185 3229 77 30 That
3272 3231 22 28 is
3303 3238 27 22 to
3345 3232 54 39 ſay,
3421 3235 29 27 in
3462 3231 130 47 attacking

2700 3271 45 30 the
2754 3271 108 40 Enemy
2875 3272 28 29 in
2915 3274 42 29 his
2971 3273 50 30 full
3031 3275 137 36 Strength,
3190 3276 100 36 againſt
3305 3278 46 29 the
3363 3272 181 38 Inclinations
3568 3284 34 28 c

2699 3320 46 29 the
2758 3320 108 38 People,
2889 3321 80 29 vhen
2985 3322 63 38 they
3061 3322 90 36 might
3173 3323 64 30 hurt
3249 3324 60 31 him
3329 3327 85 28 ſnuch
3429 3337 81 21 more
3509 3313 84 58 grie·

2699 3367 103 40 vouſly,
2824 3368 37 42 by
2891 3368 91 37 acting
3003 3369 146 37 agreeable·
3169 3376 27 23 to
3222 3371 45 28 the
3287 3372 180 30 Inclinations
3492 3376 44 31 of
3550 3378 46 29 ine

2699 3415 106 39 People,
2827 3415 99 30 affords
2939 3416 132 29 ſufficient
3086 3416 142 37 Grounds,
3232 3411 47 50 to
3288 3421 139 36 conclude,
3450 3423 76 30 That
3538 3426 57 29 the

2698 3463 109 30 Intereſi
2818 3463 33 30 of
2858 3464 88 31 Great
2957 3461 114 31 Britain
3094 3464 46 29 has
3157 3473 65 20 nor
3248 3465 65 32 been
3337 3469 109 39 ſleadily
3468 3473 127 35 purſued,

2697 3512 53 29 and
2767 3511 58 29 that
2839 3511 45 31 the
2895 3511 165 45 Diſtinction
3083 3512 35 29 of
3136 3513 187 43 Hanoverians
3343 3518 53 28 and
3412 3519 180 37 Eugliumer,

2697 3558 87 37 ought
2803 3568 64 20 ever
2891 3567 28 21 to
2941 3559 33 28 be
2994 3559 61 38 kept
3077 3567 48 29 up,
3149 3568 30 19 as
3197 3559 66 38 long
3280 3571 27 19 as
3328 3563 75 29 there
3421 3565 26 30 is
3470 3566 46 28 the
3529 3568 63 28 leaſt

2697 3604 102 30 Reaſon
2814 3612 30 22 to
2865 3605 63 36 fear,
2951 3606 58 28 that
3023 3606 45 28 the
3083 3605 108 29 Wealth
3205 3607 53 28 and
3271 3608 126 37 Strength
3421 3611 32 28 of
3472 3611 46 30 the
3531 3620 62 23 vne

2685 3658 53 22 are
2750 3652 156 35 exhauſted,
2929 3662 27 20 to
2964 3653 93 29 enrich
3067 3652 54 31 and
3131 3654 162 36 aggrandize
3303 3656 47 30 the
3362 3657 88 30 other.

2924 3753 61 29 Di
3026 3755 64 36 Do
3130 3747 49 34 cr-
3212 3741 138 50 pubd.

2859 3791 36 29 JMn
2933 3793 73 28 ORE
3051 3793 146 28 Vovumæ
3237 3793 28 26 in
3305 3793 112 34 Octaco,

2693 3841 140 30 REMA
2844 3838 83 31 RES
2955 3850 35 19 on
3013 3839 45 29 the
3079 3840 196 40 HISTORC
3297 3840 288 41 OIENGLANH.

2731 3888 720 41 ByHUMFHREYOLDCASTLE,
3481 3894 63 36 EIgS

2730 3939 109 29 Printed
2858 3938 41 29 for
2919 3938 38 29 R.
2972 3937 215 33 RRaNCLLIM,
3207 3938 29 32 in
3258 3937 94 38 REuſſil
3358 3939 93 35 Sircct,
3473 3941 113 30 Cevent.

2690 3978 119 29 Garden.
2865 3983 40 14 —
2991 3976 100 29 Where
3105 3986 63 28 may
3183 3976 33 28 be
3227 3976 65 35 had,

2730 4018 28 27 A
2761 4011 112 42 Disss
2879 4023 156 21 RTATIoN
3067 4023 87 20 uVON
3179 4015 160 29 PARTIES.

2691 4055 45 29 the
2749 4055 88 36 Right
2850 4054 80 29 Hon.
2945 4054 42 28 Sir
3004 4054 56 28 Ro
3075 4062 35 20 τ⁊
3156 4053 103 29 traι
3258 4049 79 47 ̃ι;

3380 4016 150 31 Dedicated
3552 4024 29 24 to

2698 4120 71 8 —

2809 4150 307 31 FOREIGN
3170 4150 289 30 AEFFAIERES.

2729 4192 92 33 Nrin,
2844 4192 134 38 February
2996 4199 24 20 1.
3060 4190 66 30 The
3147 4189 45 29 laſt
3207 4188 103 31 Letters
3323 4190 69 29 ſrom
3406 4188 111 30 Tonlon
3530 4186 49 31 ad-

2688 4233 65 34 viſe,
2773 4232 60 28 that
2851 4230 125 30 Admirãt
2991 4229 126 30 Navarro
3135 4229 47 28 has
3201 4228 120 30 received
3335 4229 103 29 Orders
3450 4238 15 19 a
3480 4228 96 28 lecond

2687 4272 86 28 Tim̃e
2787 4277 27 22 to
2829 4277 91 23 return
2936 4277 28 21 to
2978 4269 91 30 Cadis
3080 4268 69 29 æith
3171 4268 46 28 the
3241 4268 112 37 Spaniſn
3373 4267 83 33 Fleet,
3476 4267 56 28 and
3555 4265 25 27 is

2689 4309 142 39 pieparing
2843 4317 29 22 to
2885 4308 70 38 obey
2981 4308 92 29 them:
3093 4306 49 28 but
3167 4306 57 28 that
3237 4305 96 30 ſereral
3349 4305 103 30 French
3466 4305 68 40 Men
3545 4302 34 29 of

2689 4349 68 29 Ver
2770 4348 57 29 viũñ
2839 4348 36 29 ſet
2876 4337 55 51 ſail
2940 4337 81 51 aloag
3042 4345 63 28 with
3113 4345 70 34 him,
3205 4345 108 28 becauſe
3334 4344 67 38 they
3423 4341 150 38 teaſouably

2688 4388 156 39 apprehend
2861 4387 70 29 ſome
2945 4386 87 28 Inſuit
3041 4385 71 28 from
3127 4383 45 28 the
3183 4382 123 36 Engliſz.

2728 4426 129 39 Tboa,
2889 4425 132 36 February
3051 4431 26 19 1.
3132 4422 61 26 Fart
3223 4420 33 27 Sl.
3274 4419 125 29 Admiral,
3425 4417 147 29 Natnecs

2687 4466 142 39 Squaqion
2843 4464 105 29 cruiaes
2971 4472 43 29 qn
3031 4460 45 30 the
3091 4458 90 31 Coaſs
3194 4457 31 29 ol
3243 4456 98 39 Genda
3355 4458 54 32 and
3423 4456 130 41 Tuſcany

2746 4504 48 32 ſ
2807 4503 32 31 or
2848 4503 21 30 it
2882 4503 22 28 is
2918 4509 26 22 at
2959 4501 72 31 Nice
3042 4499 54 30 and
3109 4494 75 33 Villa
3194 4496 23 30 F
3219 4505 86 37 ranca.
