1240 1796
44 67 53 65 Er
109 74 114 46 denn
251 72 73 53 alſo
344 73 90 55 deſto
454 75 213 52 grimmiger
684 73 138 54 vergeb⸗

60 143 60 34 ten
130 137 73 38 vnd
217 134 135 47 bezalen
364 134 90 39 wird
469 136 21 39 /
502 143 81 31 was
594 129 59 47 Er
663 141 74 33 vns
748 137 74 42 ſetzt

61 187 105 53 auffs
186 188 181 52 Kerbholtz
384 189 136 50 borget.

143 240 121 45 —
276 244 124 49 —
411 240 213 51 ——
635 242 99 41 —
745 237 78 50 —

61 304 95 39 dran
168 310 17 28 /
199 311 54 29 ein
266 300 33 49 ſo
311 308 89 41 gros
419 297 210 52 vngehewer
647 294 175 53 Muſter
786 290 33 63 /

60 360 70 37 das
143 357 91 37 einer
246 352 108 51 dafuͤr
364 352 208 51 erſchrecken
583 363 85 31 mus
681 360 19 31 /
712 349 109 45 Vnd

61 412 128 41 kondte
208 420 50 37 jm
279 411 167 47 mancher
458 410 33 44 ja
502 407 36 50 ſo
549 407 104 50 ſchier
670 409 54 39 ein
738 408 86 48 zim⸗

62 468 67 47 lich
151 476 68 39 par
236 465 125 50 Hoſen
373 473 163 41 erzeugen
547 468 17 36 /
581 468 94 36 denn
686 464 56 41 ein
758 460 68 52 ſol⸗

63 523 86 49 chen
161 518 253 51 vnflat
281 511 33 65 /
313 518 93 51 Noch
425 518 70 49 ſols
513 518 198 53 wolſichen.

144 572 120 45 Eines
278 572 138 54 groſſen
427 584 198 31 vornemen
642 571 180 45 Mannes

65 628 146 55 Sohn
167 623 33 64 /
224 630 61 52 hat
297 640 31 35 jm
333 637 32 32 /
378 641 48 28 an
437 632 55 37 ein
505 640 68 40 par
582 628 147 50 Hoſen
695 623 44 64 /
739 637 86 42 zum

63 685 164 52 verdrieß
246 693 169 43 getrewer
433 682 202 54 Prediger
610 678 32 63 /
655 683 37 51 ſo
711 683 117 41 dawi⸗

67 745 62 41 der
139 742 230 50 geprediget
356 732 33 64 /
379 736 111 56 Drey
506 739 126 52 Hoſen
652 736 73 50 Laͤt
747 747 79 34 ma⸗

68 799 85 50 chen
166 794 120 52 laſſen.

146 849 191 53 Mancher
353 848 153 54 Junger
527 847 122 52 Geſell
660 852 20 38 /
691 852 60 40 der
768 848 59 46 ein

65 908 154 50 zeitlang
237 911 208 46 gewandert
473 910 74 38 vnd
566 902 122 55 auſſen
712 914 116 42 gewe⸗

68 963 58 50 ſen
137 962 38 50 iſt
185 967 19 36 /
216 960 135 43 dencket
362 968 20 34 /
398 972 38 30 er
448 960 90 53 habs
558 971 69 41 gar
645 962 71 40 wol
737 969 90 32 aus⸗

69 1018 135 51 gericht
214 1022 20 36 /
245 1027 106 31 wenn
362 1027 35 31 er
408 1018 37 41 in
456 1018 112 40 einem
590 1014 133 52 ſolchen
733 1013 95 54 Plu⸗

71 1076 62 37 der
153 1071 142 51 anheim
322 1081 152 41 gezogen
492 1071 154 51 koͤmpt
617 1067 40 60 /
664 1081 108 31 wenn
791 1080 38 31 er

43 1127 137 50 gleich
208 1127 132 50 ſonſten
367 1128 119 49 nichts
516 1124 214 52 ſonderlichs
759 1125 70 43 mit

70 1183 139 49 bringt.
260 1179 96 44 Das
376 1182 37 50 iſt
424 1190 41 41 zu
485 1183 120 48 nichts
616 1180 75 44 nuͤt
706 1185 20 35 /
737 1179 92 53 ohne

71 1240 75 41 das
163 1236 46 49 ſie
224 1234 149 53 hernach
384 1241 21 35 /
415 1247 104 41 wenn
531 1236 46 51 ſie
595 1232 157 46 Weiber
771 1246 64 39 ge⸗

70 1296 206 37 nommen
226 1285 40 60 /
293 1293 53 39 die
357 1290 181 51 Schnitte
556 1301 50 30 an
624 1289 130 52 Hoſen
773 1299 59 41 zu⸗

72 1345 162 55 ſammen
246 1346 109 52 nehen
365 1350 20 38 /
400 1348 69 39 das
482 1344 130 51 Futter
630 1343 124 54 herfuͤr
774 1355 59 30 ne⸗

72 1408 112 33 men
153 1395 33 64 /
197 1405 101 37 vnnd
319 1405 66 37 den
406 1399 167 45 Kindern
602 1399 231 53 Harnkeplin

73 1461 79 38 vnd
168 1452 227 57 Schweiflin
415 1460 114 41 draus
548 1457 149 51 machen
707 1454 124 51 laſſen.

473 1509 42 47 E
544 1512 54 52 iüij
732 1507 106 53 Das
