1240 1796
413 103 63 30 em
486 94 21 45 /
516 93 75 41 vnd
601 87 146 56 ſprach:
767 83 83 54 Ach
862 84 52 44 die
926 91 109 46 guten
1047 79 128 55 Geſel⸗

416 156 58 38 ien
491 149 112 53 haben
622 145 73 52 ſich
714 152 94 34 etwa
818 144 57 40 ein
893 143 74 40 mal
978 144 83 38 oder
1071 142 108 46 zwier

417 209 70 40 mit
499 209 79 37 dem
598 200 163 45 Donato
772 197 62 51 fuͤr
844 200 66 39 den
926 196 172 52 Hindern
1111 194 67 52 laſ⸗

419 262 59 52 ſen
491 258 157 53 ſchlahen
661 260 21 40 /
702 245 129 73 darumb
846 245 147 73 muͤſſen
1010 251 47 52 ſie
1068 249 111 51 ſolche

421 316 165 52 Heublin
603 321 129 42 tragen
744 314 17 37 /
784 312 70 37 das
873 309 51 40 die
941 304 118 54 Kunſt
1079 307 101 48 nicht

421 375 114 39 wider
546 369 88 42 oben
646 363 198 53 ausfehret.
880 360 107 44 Oder
1005 361 175 48 vielleicht

421 426 117 55 haben
553 424 46 53 ſit
609 427 68 38 den
687 418 99 52 boͤſen
798 420 121 50 grind.
947 415 114 51 Doch
1074 418 107 51 thuts

422 482 171 51 mancher
604 489 70 32 aus
686 474 87 53 noth
782 478 21 42 /
815 471 97 51 Das
924 472 62 55 hat
996 472 89 52 ſeine
1095 473 88 42 mei⸗

425 548 121 40 nung.

545 651 104 62 Die
660 653 176 67 Berthe
846 649 163 68 muͤſſen
1019 652 166 62 jetzund

428 727 137 54 geſtutzt
576 726 92 51 ſein
667 712 25 73 ·
681 722 84 44 Wo
777 728 81 36 aber
869 724 119 49 nicht
959 712 37 73 /
1001 720 33 50 ſo
1046 716 142 53 muͤſſen

433 784 49 51 fie
504 793 69 39 gar
591 779 123 54 huͤbſch
731 778 190 52 gekemmet
941 780 84 37 oder
1035 772 155 55 gefloch⸗

432 848 61 32 ten
504 837 99 51 fein/
615 833 142 45 Damit
769 840 152 46 pranget
932 840 103 34 man.
1068 827 65 55 Jn
1145 829 47 43 ei⸗

432 904 64 31 ner
508 887 262 57 namhafftigen
780 886 130 44 Stadt
920 889 22 43 /
959 886 85 53 habe
1064 885 52 50 ich
1146 884 46 42 ei⸗

432 959 72 30 nen
525 946 134 52 ſolehen
688 944 130 51 Barth
845 954 49 30 an
920 945 114 39 einem
1065 944 126 37 todten

431 1001 165 51 Schedel
616 1002 90 48 noch
725 998 135 53 hengen
880 997 97 52 ſehen
988 1001 20 37 /
1028 999 60 38 der
1102 995 90 51 doch

431 1059 121 50 etliche
562 1055 106 53 Jahr
679 1057 37 41 in
725 1058 59 39 der
806 1050 126 46 Erden
942 1054 143 49 gelegen
1096 1059 97 31 war.

579 1176 127 57 Das
717 1170 197 72 Hembde
925 1168 180 71 beſtehet
1124 1167 70 69 ſei⸗

433 1255 71 35 nen
522 1245 162 44 Standt
702 1248 119 49 auch/
840 1243 69 44 Ob
920 1241 183 53 daſſelbige
1121 1236 75 44 wol

434 1314 77 30 von
522 1301 197 46 Materien
738 1302 96 50 nicht
853 1298 35 53 ſo
907 1309 70 42 gar
986 1296 136 51 koͤſtlich
1134 1293 63 52 iſt

436 1356 103 48 (Da
559 1361 134 37 anders
714 1359 64 39 alle
800 1355 99 53 mahl
918 1356 80 41 eins
1016 1361 64 30 am
1099 1348 98 42 Leibe

433 1413 68 52 iſt)
522 1417 75 37 vnd
626 1413 182 40 bisweilen
836 1421 76 31 voͤn
940 1407 132 53 grober
1097 1401 100 44 Lein⸗

433 1473 129 38 wandt
572 1473 20 40 /
612 1464 75 47 So
698 1477 86 35 mus
795 1468 89 52 doch
906 1464 89 46 oben
1006 1457 126 53 drauff
1137 1459 62 100 7

1080 1523 54 37 —
