1240 1796
453 109 56 49 die
518 102 199 60 Zwickeln
689 94 24 72 /
727 101 37 55 ſo
775 94 69 72 mit
855 94 109 72 Lilien
974 99 244 55 eingemachet

455 167 88 59 ſein.

553 256 104 56 Die
669 253 279 58 Vberkleider
962 250 166 69 muͤſſen
1139 249 83 73 ſich

459 330 175 49 vergehen
646 333 20 37 /
688 325 168 42 Wicwol
868 329 52 36 die
938 323 106 47 fuͤrtze
1063 333 51 29 an
1125 326 99 36 eines

459 387 84 39 teils
565 383 74 50 ſehr
659 381 166 50 ergertich
837 380 71 51 iſt
904 372 34 65 /
928 376 232 51 Sonderlich
1175 385 51 32 an

463 445 69 35 den
544 436 158 53 Kappen
715 442 60 34 der
785 433 159 53 Jungen
956 431 180 52 Geſellen.
1149 429 77 46 So

462 496 92 40 weis
583 495 52 47 ich
655 493 90 47 auch
767 494 122 47 nicht
871 484 42 62 /
917 499 74 31 was
1002 484 132 62 hinden
1158 496 69 32 am

464 548 187 50 Schnitt
617 537 33 65 /
666 550 52 38 die
729 545 252 52 außgeſtoͤpten
991 541 152 53 Roſen
1115 537 23 65 /
1155 543 69 44 wie

465 607 56 38 die
542 601 234 52 Federſpieß
758 591 33 66 /
807 602 55 44 bis
881 597 147 56 hinauff
1053 595 86 52 auff
1162 600 69 38 den

464 659 149 42 Ruͤcken
627 664 18 35 /
658 657 74 44 nuͤt
744 655 68 52 ſein
823 660 18 39 /
853 658 90 50 ohne
957 659 69 37 das
1046 653 47 50 ſie
1114 652 119 50 leicht⸗

467 714 179 54 fertigkeit
658 703 214 69 anzeigen.
887 712 90 50 Bey
988 710 146 49 etlichen
1151 707 82 52 ſind

466 771 51 51 ſie
536 780 42 39 zu
597 779 68 41 gar
675 767 243 49 vberprechtia
929 770 20 38 /
967 769 74 36 vnd
1055 774 90 31 were
1156 772 79 31 von

467 826 156 51 noͤthen
593 813 35 68 /
636 828 67 34 das
714 823 114 38 carolus
838 833 121 39 nagnus
979 822 91 48 auch
1082 824 60 35 der
1158 817 79 41 mal

470 885 83 37 eins
564 881 68 39 mit
643 887 80 38 jnen
735 876 81 49 auff
826 879 53 39 die
891 875 103 52 Jagt
1008 874 227 41 ritte
1096 870 32 62 /
1127 874 104 41 damit

472 936 49 51 ſie
532 934 178 54 ſehen
624 925 34 67 /
657 925 74 67 was
738 942 56 30 an
807 937 67 35 den
883 942 69 40 gar
968 929 182 52 koͤſtlichen
1160 932 78 43 vnd

471 995 160 48 ihewren
651 986 175 51 Kleidern
838 985 69 55 ſey.

597 1080 142 60 Man
764 1079 108 67 lieſet
894 1089 106 42 vom
1027 1076 213 64 gemelten

475 1149 134 54 Keyſer
619 1155 73 37 eine
704 1150 107 49 ſolche
822 1147 199 51 Hiſtorien.
1055 1142 59 45 Er
1124 1148 60 47 lag
1196 1145 44 40 ei⸗

476 1218 76 30 nen
563 1204 159 44 Winter
732 1207 52 41 im
795 1201 163 53 Fenſter
935 1195 34 67 /
969 1204 75 37 vnd
1057 1199 96 54 ſahe
1130 1195 35 67 /
1170 1203 70 37 das

479 1266 56 38 die
557 1258 236 53 Deudtſchen
811 1269 76 31 von
908 1262 65 36 den
984 1253 256 51 Venediſchen

480 1315 237 50 Kauffleuten
770 1310 279 54 außlendiſche/
1088 1310 152 50 koͤſtliche

480 1370 135 52 Futter
624 1368 191 50 kaufften
794 1359 34 67 /
837 1371 75 38 vnd
928 1368 178 40 darinnen
1125 1363 115 55 herein

481 1422 283 58 prangten
655 1415 35 69 /
701 1415 52 69 Oa
775 1423 134 52 muſten
924 1421 46 52 ſie
981 1419 85 50 auff
1075 1422 74 39 eine
1160 1423 80 46 zeit/

486 1482 73 53 alſo
571 1483 179 43 bekleidet
727 1472 35 67 /
764 1484 45 38 da
821 1490 38 34 es
870 1479 109 53 gleich
991 1486 131 43 regnen
1137 1476 103 39 wolt,

1110 1541 49 32 an
1178 1534 62 42 da
