1240 1796
82 97 74 56 fien
168 109 74 32 ven
255 94 199 58 Sachfen/
464 99 69 43 mit
546 99 76 48 iren
634 99 210 55 Hembdern

79 162 79 36 vnd
180 154 152 53 Krägen
353 158 87 40 pmb
461 161 65 36 den
537 159 132 51 Halß
639 150 36 69 /
690 163 152 52 mahlet/

89 221 93 40 taug
194 214 94 44 sticht
301 212 113 51 mehr,

163 263 170 51 Fornezu
347 274 64 33 den
427 264 153 46 Crmeln
601 270 134 51 müſſen
750 275 92 52 auch

78 319 170 52 Kraujen
262 321 131 52 heraus
406 321 225 54 gehen/Wie
645 333 67 35 das
727 328 116 51 Hellia

81 379 72 46 ſche
176 374 124 51 Fewer
319 388 40 41 zu
381 382 91 38 alten
493 370 166 70 Fenjiern
671 370 173 70 außſchles

78 439 77 44 get.

131 540 115 46 Was
256 539 62 54 für
328 540 213 57 Bppigkeit
551 549 68 40 mit
632 546 209 48 Wammes

73 605 83 40 pnd
177 597 93 52 Puſf
291 597 143 53 Jacken
453 604 174 47 getrieben
638 607 91 40 wird
739 615 19 33 /
770 612 70 36 das

78 653 89 52 ſihet
188 661 118 34 man
278 648 43 68 /
326 652 87 45 Der
431 655 79 43 Leib
530 669 61 30 am
611 658 229 47 Wammes/

79 709 46 38 veb
145 718 37 30 er
203 712 71 37 wel
292 707 72 52 fein
384 713 77 48 glat
488 717 215 49 angemacht
725 719 116 43 wird/

79 760 76 44 So
168 775 86 30 mus
265 776 36 29 er
314 768 85 48 doch
411 765 219 45 mitSeiden
642 774 107 49 durch
761 778 77 36 vnd

79 819 227 51 vmbſiöppet
344 819 98 51 ſein
438 815 17 66 /
496 820 150 51 Fornen
690 825 150 52 ſelzame

79 872 274 50 Kneuffelöran
364 880 105 38 /von
482 877 146 49 Gtein/
641 878 198 51 Eorallen/

78 927 111 52 Glaß
202 933 112 38 /oder
326 931 128 51 Horn.
505 931 223 48 Dbeneinen
739 936 101 45 Kras

77 994 71 41 gen
169 983 122 51 drauff
301 990 21 39 /
352 991 59 37 der
431 990 82 39 weit
540 989 135 52 hinaus
701 993 137 50 flarret,

78 1036 135 44 Ermel
222 1042 112 41 dran/
345 1044 51 39 dic
407 1044 116 43 einer/
533 1055 121 40 wegen
668 1050 60 38 der
738 1049 100 50 gröſ»

78 1091 116 52 ſcond
207 1097 129 43 weite
315 1087 35 69 /
354 1097 106 41 kaum
477 1109 48 29 an
546 1098 140 45 Armen
706 1109 131 43 tragen

78 1149 85 41 kan-
165 1154 130 39 darein
306 1153 169 51 mancher
486 1153 67 49 ſein
565 1155 90 52 Hab
668 1162 73 38 und
756 1145 77 66 dus

77 1205 180 49 verſieckt/
275 1204 95 45 Wie
380 1216 96 40 jener
487 1206 105 52 Fürſt
603 1220 40 41 zu
654 1214 112 40 einem
778 1213 59 49 ſei-

76 1267 66 32 ner
156 1256 140 45 Diener
307 1260 76 53 ſagt
394 1270 20 38 /
434 1260 78 54 Ich
524 1264 75 51 halt
609 1271 48 36 du
667 1267 71 52 haſi
754 1270 81 40 dein

75 1310 127 44 Rieker
229 1312 87 46 Gut
345 1319 64 40 inn
438 1321 52 39 die
517 1317 130 45 Ermel
663 1323 172 50 geficcher.

77 1365 115 51 Dieſe
211 1367 127 46 Ermel
358 1372 137 52 müſſen
507 1373 103 48 forne
621 1380 89 48 auch
721 1381 114 48 einge-

75 1420 113 52 faiten
201 1422 68 52 ſein
280 1432 18 36 /
310 1432 66 36 das
389 1428 46 52 ſie
454 1428 154 51 Krauſſe
619 1436 214 47 gewinnen/

76 1474 82 54 Ole
177 1486 113 47 treget
315 1493 89 34 man
423 1495 50 29 an
492 1482 141 47 Armen
647 1494 17 27 /
694 1490 66 39 wie
778 1491 56 41 die

436 1532 14 69 CE
501 1541 26 52 jj
666 1541 167 49 Garten

100 1607 10 13 ‘
