1240 1796
485 97 77 55 Nie
580 102 90 37 mus
689 92 53 51 ich
752 89 76 44 eine
836 84 115 56 Regel
961 81 143 57 ſtellem'/
1115 82 56 48 die

407 166 44 47 zu
460 154 113 52 dieſen
583 154 137 49 dingen
737 145 177 53 dienſilich
926 142 67 52 ſein
1010 145 110 41 wird.

503 245 107 60 Die
631 240 272 72 Haußvcter
927 235 133 70 ſollen
1071 232 109 71 zuſes

411 320 163 56 Hen/das
585 316 49 52 fie
645 319 66 37 den
721 312 139 53 Pracht
878 312 98 46 nicht
988 306 103 52 felber
1101 316 82 31 ercie

411 380 68 40 ben
492 382 17 30 /
528 370 122 46 Denn
661 379 39 32 es
715 368 37 51 ifi
772 365 213 50 onntüglich
997 371 19 33 /
1027 361 73 52 daß
1110 364 73 38 das

414 412 138 69 Weib,
558 412 142 69 Kinder
709 424 76 40 end
800 418 184 53 Befinde/
998 416 109 52 ſolche
1118 427 70 40 vp-

416 487 131 56 pigfeit
557 482 149 52 abebue/
719 487 106 33 wenn
840 480 61 36 der
911 475 103 48 Herr
1023 473 89 49 ſeibs
1124 471 68 52 luſt

425 549 112 43 darzu
548 539 79 53 hat.
657 531 106 46 Vnd
776 530 200 44 widerumb
987 534 20 38 /
1018 526 121 43 Denn
1150 536 43 31 es

420 598 82 52 heift
513 610 10 27 :
535 598 45 35 Sic
591 596 94 48 azitur
696 589 111 51 cerfurs
819 618 9 15 ,
843 601 38 30 er
893 585 37 50 fie
942 585 134 48 exempla
1087 593 107 40 parans

421 662 48 30 tr
473 662 63 36 cum
556 651 95 40 index,
661 646 70 34 alios
741 644 68 48 god
820 650 105 33 mior.et,
936 641 58 47 ıpje
1003 637 89 49 facit»

1163 693 77 28 |

491 740 78 59 S.
595 734 254 68 Bernhard
861 730 100 70 ſagt
973 741 86 54 gar
1079 726 120 55 wolt

430 810 179 53 Kößiliche
619 806 144 44 Kleider
774 810 71 35 ond
858 803 146 47 vbriger
1016 798 182 51 ſchmuck/

429 869 39 50 it
481 871 55 38 ein
545 862 151 58 Zeichen
706 864 60 38 der
776 854 307 56 £eichtfertigkeit.
1117 845 79 62 Ein

431 926 107 46 Kleid
558 927 71 35 das
649 916 133 53 köſilich
793 915 37 50 iſt
841 919 19 37 /
873 918 71 35 Das
956 909 123 49 macht
1097 905 105 52 fchele

432 980 137 49 Augen
582 981 17 36 /
619 977 75 39 vnd
726 966 222 53 verdroſſene
980 962 224 51 Nachbarn.

435 1034 95 42 Kere
539 1033 70 38 viel
621 1026 98 53 mehr
729 1024 82 52 fleiß
821 1035 49 29 an
885 1027 20 39 /
922 1027 70 35 den
1002 1018 130 42 Leuten
1144 1025 61 39 zu?

438 1085 155 54 gefallen
607 1086 39 41 in
664 1091 111 45 guten
785 1077 155 56 Thaten
949 1078 24 45 /
988 1073 111 42 alsin
1107 1062 101 62 Klei-

443 1148 103 38 dern.

536 1248 118 58 Von
672 1251 75 51 der
767 1241 182 60 Weiber
972 1230 238 70 Schmuck

443 1329 96 54 ſaget
556 1330 144 50 Petrus
718 1326 104 52 alſo
797 1317 19 70 /
847 1336 27 30 1.
894 1321 111 53 Petri
1022 1331 29 32 3.
1074 1297 138 75 Der

445 1384 184 57 Weiber
644 1378 182 68 fchmucf
846 1378 59 66 ſol
917 1378 70 50 nit
1000 1376 216 50 auswen-

446 1460 75 59 dig
532 1453 212 68 ſcin
632 1438 33 87 /
664 1453 80 68 mit
757 1442 458 74 Haarflechten/
1116 1438 104 87 ond

1062 1506 153 76 Goldt
