1240 1796
470 113 154 53 Teuffel
641 111 136 56 ſchicket
795 113 60 40 der
873 107 156 53 Frawen
1047 110 55 41 die
1115 107 110 47 Guͤr⸗

470 178 48 38 tel
530 177 108 37 wider
648 175 22 40 /
681 172 90 47 nicht
783 169 150 38 darumb
946 174 20 34 /
976 173 68 33 das
1055 177 38 28 er
1112 166 35 49 ſo
1167 179 57 39 ge⸗

470 231 97 48 recht
580 233 115 34 were
666 216 35 67 /
707 230 72 35 vnd
791 225 144 47 vnrecht
946 220 89 45 Gut
1047 222 111 40 wider
1167 234 57 39 ge⸗

470 286 67 41 ben
550 277 249 46 wolte
657 269 32 62 /
688 277 83 46 Nein
770 269 22 62 /
814 276 150 51 ſondern
975 277 249 41 darumb
1111 269 43 62 /
1153 277 68 41 das

469 340 50 51 ſie
536 336 98 55 mehr
654 333 143 44 Suͤnde
815 338 73 35 vnd
908 332 183 52 Hoffarth
1107 336 118 37 damit

468 395 122 41 tricb-.
643 388 303 52 Denn
741 380 75 64 die
821 388 125 52 groͤſte
961 386 265 52 Hoffarth
1130 380 33 64 /
1162 380 65 64 die

468 453 77 40 eine
558 447 133 51 Fraw
653 437 34 65 /
704 455 47 30 an
764 445 86 45 jrem
863 441 94 44 Leibe
969 447 132 37 treiden
1111 444 117 47 maa
1195 437 22 65 /

468 509 72 37 das
554 505 37 52 iſt
603 505 73 44 vnd
688 499 75 53 ſind
776 501 51 40 die
839 498 224 52 beſchlagnen
1070 493 154 68 Gurtel.

468 558 220 45 Warumb?
710 552 71 48 Da
794 554 35 52 iſt
847 553 182 50 allermeiſi
1050 555 55 38 die
1125 548 100 45 Ma⸗

469 622 80 45 tery
561 618 60 37 der
630 608 271 52 Demuͤtigkeit
885 600 36 71 /
914 614 60 36 der
984 606 242 51 Magen
1127 600 37 71 /
1163 606 63 51 der

466 667 209 54 Kochſack/
724 664 73 42 Alo
825 668 59 37 der
913 663 167 54 Prophet
1105 661 121 63 ſatt

466 722 161 58 Deine
646 718 213 67 Demuth
881 721 47 63 iſt
951 723 49 47 in
1013 724 74 45 der
1099 723 126 44 mitte

466 797 51 49 in
532 795 165 49 deinem
708 780 131 73 Leibe.
846 793 76 46 Ein
932 795 183 54 Fuͤdrichs
1120 780 103 73 Faß/

462 864 74 39 mit
548 859 187 51 koͤſtlichem
746 854 232 49 Wein
858 849 34 65 /
896 854 82 49 mag
997 862 89 33 man
1097 853 69 40 mit
1176 856 49 35 et⸗

462 919 117 48 lichen
596 911 141 50 Reiffen
749 912 126 40 binden
886 915 20 38 /
915 911 75 38 vnd
1002 907 103 50 koſtet
1128 908 97 39 ciner

463 981 100 31 etwa
582 974 83 45 drey
687 965 202 54 Pfeming.
918 959 109 45 Vnd
1049 964 67 38 den
1130 959 97 44 Kot⸗

463 1025 77 50 ſack
552 1031 64 35 den
629 1020 185 52 Leib
708 1011 35 68 /
748 1020 66 52 muß
826 1029 88 33 man
926 1018 68 41 mit
1008 1017 96 43 einer
1116 1015 111 45 Guͤr⸗

463 1083 51 39 tel
526 1081 155 41 binden
639 1065 32 62 /
693 1080 51 39 die
755 1085 91 33 etwa
860 1070 151 53 dreiſtig
1031 1074 86 37 oder
1134 1069 93 43 vier⸗

464 1145 66 43 tzig
542 1131 152 46 Guͤlden
705 1136 110 38 werdt
827 1130 38 50 iſt
875 1133 19 35 /
908 1138 46 30 e.

560 1197 128 57 Was
700 1197 73 67 fuͤr
791 1195 226 66 Vnkoſten
1038 1191 110 61 auch
1162 1203 70 39 an

463 1270 57 42 die
539 1266 155 47 Maͤntel
704 1270 178 48 zewendet
902 1267 150 38 worden
1065 1267 19 36 /
1095 1265 71 37 das
1180 1261 47 50 ſi⸗

462 1326 60 51 het
532 1333 88 31 man
633 1320 60 52 fuͤr
705 1321 144 51 Augen.
886 1317 113 48 Man
1012 1317 65 41 kan
1090 1316 37 50 ſo
1139 1324 87 33 tew⸗

462 1392 41 29 er
531 1376 191 45 Gewandt
750 1378 94 49 nieht
872 1376 238 40 bekommen
1087 1368 33 64 /
1135 1380 92 30 man

462 1436 152 49 braucht
632 1444 38 30 es
691 1435 136 47 darzu?/
847 1427 105 46 Vnd
967 1429 126 47 weiche
1108 1423 117 52 Fraw

464 1494 69 37 den
562 1488 195 49 tycwerſten
777 1486 92 53 hat/
889 1490 69 36 das
975 1484 42 48 iſt
1039 1484 54 38 die
1124 1480 101 52 beſte.

461 1542 85 57 Die
556 1542 274 57 Jungkfrawen
849 1540 237 54 desgleichen.

1175 1601 22 32 u
