1240 1796
24 92 99 45 einer
140 90 181 45 darinnen
339 90 152 55 pauſet
468 85 32 64 /
503 94 65 43 wie
577 95 57 42 ein
650 91 137 52 Mals⸗

22 149 76 51 ſack
108 157 20 35 /
138 147 111 48 Man
261 158 87 33 mus
359 154 83 44 drey
460 149 213 54 Kelberheut
688 163 40 38 zu
739 155 47 38 ei⸗

23 215 83 31 nem
120 217 66 39 par
199 204 127 52 haben.
379 202 104 45 Vnd
495 212 44 34 da
559 207 89 52 ſonſt
660 210 128 48 nichts

6 268 266 42 auogeiogens
285 264 91 36 dran
389 260 63 51 iſt
439 255 31 61 /
467 260 34 51 ſo
514 271 84 31 mus
609 265 87 47 doch
718 267 62 36 der

19 313 176 45 Stroser
216 317 94 44 (wie
322 315 45 50 ſic
378 326 39 45 es
426 321 158 43 nennen)
603 328 179 41 ausgezo⸗

16 382 72 37 gen
100 369 100 49 ſein
180 365 32 63 /
217 375 75 36 vnd
313 379 105 32 vnter
435 374 52 38 die
507 371 134 52 Auzen
663 372 113 52 ſchen.

16 424 107 54 Pfuh
137 428 58 38 der
207 424 156 53 ſchande.
391 424 109 48 Man
511 430 137 50 machet
658 428 120 42 Oicb⸗

14 482 87 49 ſecke
112 483 99 38 drein
224 486 20 37 /
253 487 69 35 das
335 492 86 31 man
435 485 65 39 wie
521 484 52 41 die
593 481 180 53 Spitzbu⸗

15 538 65 39 ben
93 543 20 33 /
123 538 141 52 allerley
277 535 179 55 Gattung
476 541 78 40 bald
564 538 119 53 hinein
696 538 77 54 raf⸗

16 590 60 54 fen
87 601 102 41 mag.

77 683 105 58 Die
195 684 195 71 Schuhe
411 688 91 68 ſind
516 690 117 62 nicht
646 690 124 66 mehr

10 755 54 43 im
76 758 95 38 alten
190 754 181 54 Muſter/
390 764 74 37 vnd
483 758 83 49 auff
582 766 65 35 den
668 766 99 36 alten

9 807 117 54 Leſten
137 817 20 33 /
187 808 189 46 Sondern
393 813 136 51 muͤſſen
545 812 220 55 Spaniſch⸗

8 863 172 52 Lackeiſch
192 870 20 37 /
228 867 181 51 zerhackt
383 859 24 68 /
428 868 225 53 jerſchnitten
672 872 92 51 ſein
735 859 23 68 /

4 918 86 50 auff
106 919 69 52 daß
196 925 69 39 das
284 920 154 56 Waſſer
458 925 79 41 bald
557 928 110 40 wider
689 928 75 49 her⸗

5 985 74 32 aus
90 976 166 42 kommen
265 976 81 43 kan.
398 977 169 45 Wiewol
578 990 40 39 zu
631 978 131 44 Som⸗

3 1040 101 31 mers
115 1033 107 48 zeiten
233 1035 52 38 die
295 1035 303 52 ausgeſchnittene
608 1042 74 34 vnd
693 1045 70 41 zer⸗

4 1084 190 52 ſchnittene
213 1087 141 51 nuͤtzlich
374 1089 99 51 ſein
451 1080 33 66 /
483 1090 35 49 ſo
538 1091 110 50 tugen
671 1093 87 49 doch

2 1142 55 38 die
75 1141 155 50 Hoͤrner
249 1146 116 38 daran
375 1155 66 39 gar
452 1147 150 49 nichts/
614 1146 71 51 ohn
696 1157 64 39 zur

0 1193 141 52 koffart
191 1194 110 55 Noch
313 1206 148 44 tragens
481 1204 89 49 auch
583 1204 79 40 eins
674 1203 82 51 thei

0 1250 54 42 die
67 1248 233 55 Geiſtlichen.

92 1341 112 58 Der
227 1345 269 71 Struͤmpffe
516 1363 62 39 an
604 1350 152 69 Hoſen

0 1408 89 103 —
113 1415 56 59 ich
196 1424 69 41 gar
292 1419 77 39 bald
398 1418 207 52 vergeſſen/
635 1419 117 53 Doch

36 1469 52 42 eis
108 1469 54 52 ich
181 1472 118 53 nichts
311 1477 112 41 daran
436 1465 44 68 zů
487 1479 119 43 tadeln
615 1486 25 40 /
657 1478 94 51 ohnc

697 1534 57 43 dit

194 1588 18 11 D
