1240 1796
550 44 16 8 -

421 110 70 39 den
522 102 263 53 Allmechtigen
816 99 140 47 Dre,
1008 96 58 47 Er
1096 101 83 44 aber

425 163 149 50 ſprach
561 151 34 66 :
602 157 78 54 Ich
702 161 59 39 bin
782 160 96 48 nicht
890 158 148 51 thöricht
1055 167 19 34 /
1089 156 91 51 weiß

422 219 92 49 guch
527 218 69 39 wol
609 225 80 30 was
701 216 51 48 ich
765 219 76 34 rede
851 219 20 37 /
894 211 90 43 Wic
996 214 49 48 ich
1057 212 126 51 geſagt

421 274 120 51 Habe
510 264 33 65 /
560 271 69 48 alſo
651 279 86 32 mus
768 280 38 32 es
828 268 173 52 ergehen
977 264 34 65 /
1022 271 43 36 da
1088 268 95 40 wird

423 329 123 48 nichts
558 330 131 35 anders
703 323 87 47 auß.
819 321 119 43 Wem
949 322 63 51 ſolt
1024 324 51 48 ich
1088 322 96 49 mich

419 384 156 47 billicher
595 390 60 31 am
672 377 111 44 Tode
796 376 150 53 befehlen
958 384 18 32 /
997 381 91 36 denn
1103 382 83 34 dem

423 439 56 48 ich
502 438 155 49 gedienet
676 434 66 52 hab
762 443 61 30 am
834 436 92 37 leben
943 438 15 34 ?
978 429 87 47 Mit
1079 430 109 44 Gote

424 482 67 66 Hab
505 494 51 47 ich
575 491 117 49 nichts
714 499 40 39 zu
767 487 88 52 thun
866 487 153 52 gehabt
997 482 26 66 /
1032 486 156 41 darumb

424 560 39 29 er
483 550 132 37 meiner
626 547 70 43 jest
706 545 89 49 auch
808 544 109 49 billich
930 539 128 54 müſſig
1069 541 118 51 gehet.

505 599 81 44 Die
600 598 112 51 Fraw
727 598 144 53 ſprach:
893 596 108 44 Was
1022 600 90 37 wolt
1132 596 57 52 Ihr

427 658 172 40 dennmit
612 657 70 39 mir
693 655 146 48 machen
852 658 15 34 ?
888 650 59 43 Ex
965 659 223 35 antwortet:

426 710 77 44 Ou
515 710 65 50 ſolt
590 711 87 50 auch
690 711 66 39 mit
767 710 70 38 mir
852 708 154 41 brennen
1016 712 20 37 /
1059 708 51 40 im
1122 706 68 52 hel-

429 767 125 47 liſchen
577 762 123 53 Fewer
713 763 170 50 ewiglich.
921 759 72 45 Da
1007 761 116 53 ſchlug
1135 762 54 40 die

428 819 114 52 Fraw
553 827 66 33 das
632 817 122 44 Creus
767 816 61 49 für
843 817 91 50 ſich/
945 822 73 36 vnd
1031 817 123 51 ſpra:h
1177 827 13 29 :

428 875 76 43 Oa
516 875 119 51 behüte
646 876 92 48 mich
753 871 103 45 Gott
867 871 75 51 für.
955 870 58 44 Er
1024 880 165 33 antwor-

429 940 71 32 tet:
520 928 61 44 Es
602 932 90 39 wird
713 931 50 49 hie
790 928 72 40 kein
884 926 121 47 Creus
1031 925 161 53 helffen/
1204 921 25 63 .

430 990 75 37 vnd
517 997 80 29 was
617 983 113 52 ſagſiu
746 993 74 30 von
833 980 129 45 Gott?
989 979 104 45 Gott
1113 982 80 50 hatt

430 1044 70 37 mit
520 1042 53 37 dir
593 1041 118 47 nichts
722 1037 132 52 zuthun
866 1038 90 46 noch
970 1034 219 51 zuſchaffen/

434 1092 76 44 Ou
532 1093 59 49 biſt
621 1094 56 38 ein
703 1092 122 49 vrſach
846 1090 183 52 geweſen
1007 1084 24 62 /
1050 1094 69 34 das
1140 1088 54 48 ich

432 1149 94 50 mich
538 1152 76 37 dem
626 1143 149 51 Teuſfel
789 1147 85 40 vmb
885 1143 92 45 Gelt
988 1148 75 39 vnd
1077 1142 116 44 Guts

430 1205 120 39 willen
561 1210 16 31 /
591 1202 145 50 ergeben
749 1201 97 51 habe.
888 1198 80 53 Jch
980 1200 125 43 kondte
1116 1199 78 49 dich

431 1260 88 48 doch
538 1258 95 47 nicht
654 1258 68 40 mit
750 1254 194 53 Schmuck
973 1260 101 37 vnnd
1094 1251 100 44 Kleis

437 1318 101 45 dung
557 1311 147 47 erfüllen
723 1316 20 35 /
763 1313 90 48 noch
868 1313 118 39 deiner
1010 1306 187 54 Hoffarth

438 1378 119 41 genug
569 1366 110 52 thun/
692 1366 110 52 mujie
813 1368 95 39 mein
918 1364 129 52 ehrlich
1061 1364 137 48 Hand?

436 1423 110 40 werck
565 1419 104 52 laſſen
681 1425 16 32 /
710 1427 75 34 vnd
796 1424 55 38 ein
868 1417 211 51 Kauffiman
1101 1428 88 29 wer»-

434 1481 97 46 den
499 1467 26 69 /
543 1479 51 44 die
606 1467 84 69 Leut
693 1476 184 54 betriegen
887 1480 21 45 /
924 1476 69 42 mit
1005 1471 191 45 Worten/

990 1527 206 47 Wersfen/
