1240 1796
70 85 54 55 ſer
143 84 120 58 Wuſt
281 87 69 46 mit
367 87 137 54 gewalt
513 87 108 55 daher
629 94 23 46 /
670 90 93 49 Wie
773 93 68 56 fuͤr

67 144 153 53 Augen.

151 198 90 44 Wil
250 204 71 38 nur
331 200 40 42 in
382 202 141 50 gemein
534 201 160 54 hin
602 194 33 65 /
634 201 60 54 von
705 204 129 48 Man⸗

67 265 74 32 nen
160 261 73 35 vnd
253 254 279 45 Weibsbildern
545 265 21 35 /
585 271 87 30 vom
693 260 141 53 Schei⸗

67 313 45 39 tel
124 310 57 41 bis
191 308 83 52 auff
282 315 51 38 die
345 309 135 44 Solen
491 318 17 36 /
532 317 66 38 den
610 313 151 45 Grewel
772 323 60 39 ein

65 368 121 48 wenig
198 367 146 44 beruͤren
355 372 21 40 /
397 365 141 55 Groſſe
548 377 149 37 wunder
707 379 123 49 wirſiu

65 420 115 53 ſehen.

126 505 145 82 Von
288 508 480 88 Mannsbildern.

92 635 127 57 Das
232 640 169 72 Haupt
412 651 78 53 am
510 648 247 70 Menſchen
771 643 56 76 iſt

61 708 58 40 ein
138 705 92 46 Edel
248 710 195 55 Rlcynot
414 701 38 74 /
454 723 177 40 darianen
644 726 53 36 die
716 719 109 45 Siu⸗

60 772 72 31 nen
150 768 64 40 des
236 763 204 59 Menſchen
459 773 225 55 verſchloſſen
704 778 120 49 ligen/

59 819 69 40 wie
141 820 38 39 in
191 821 113 44 einem
313 821 183 56 Keſtlein/
508 819 107 55 Vnd
625 833 57 50 iſ/
688 835 58 39 wů
763 833 60 42 ein

58 870 147 53 ſchoͤnes
225 873 184 59 Schloß
379 866 25 75 /
436 884 85 51 auff
535 888 113 42 emen
667 886 156 51 ſchonen

59 924 145 55 —.—
224 933 10 39 ꝓ
284 928 147 59 ⏑:
425 920 14 78 ꝓ
523 941 7 42 —
568 941 35 53 ⏑

57 985 72 60 das
148 983 63 52 hat
236 984 87 52 ſeine
340 989 176 48 Marter.
566 995 83 45 Die
668 994 152 46 Notuͤr⸗

57 1037 113 52 lichen
198 1041 149 51 Haar
306 1033 39 76 /
375 1050 56 40 die
458 1054 46 37 da
531 1053 76 42 eine
641 1047 84 58 Zier
752 1058 66 34 des

57 1092 162 65 Haupts
233 1096 99 51 ſein
303 1088 38 75 /
350 1105 69 40 wie
438 1106 57 42 ein
512 1104 144 55 ſchoͤnc?
676 1104 142 46 Walde

58 1146 86 51 auff
150 1160 112 34 einem
273 1155 130 52 Berge
393 1142 24 69 /
444 1161 54 41 die
507 1163 121 50 nimpt
641 1165 89 39 man
741 1164 77 44 jm
787 1157 32 61 /

55 1205 77 37 vnd
152 1208 118 50 macht
288 1220 39 43 es
346 1211 163 55 kolbicht.
557 1213 105 47 Vnd
674 1217 143 41 wiewol

56 1258 71 62 das
147 1257 69 50 ſein
232 1263 282 58 enſchuͤldigung
533 1270 95 53 hal⸗
647 1274 67 40 wie
724 1272 93 41 man

53 1317 188 40 weis
133 1311 36 72 /
169 1317 72 40 vnd
253 1320 114 42 dienet
376 1330 65 43 zur
449 1325 234 54 geſundheit/
696 1325 119 52 Doch

56 1371 91 40 mus
169 1372 52 39 die
239 1373 185 59 Hoffarth
444 1383 69 39 mit
530 1390 106 34 vnler
652 1380 164 51 iauffen⸗

57 1424 71 40 das
148 1434 89 34 man
254 1430 162 53 gepufftẽ
433 1433 142 47 Kolben
586 1420 142 72 macht/
732 1420 83 72 dar⸗

52 1486 73 35 aus
145 1489 87 37 man
255 1483 120 55 ſihet
345 1473 36 70 /
392 1492 68 43 wic
470 1493 57 43 ein
544 1480 118 122 rauis
704 1490 109 54 Jgel.

677 1549 138 53 arnach
