1240 1796
423 122 105 46 einen
536 115 63 54 fůr
608 116 67 41 den
688 112 138 42 andern
835 104 133 45 kennen
978 100 112 54 mag⸗
1103 94 67 51 Da

426 183 70 40 mit
517 177 93 49 nicht
631 178 60 35 der
711 169 102 50 Herr
832 164 61 50 fuͤr
912 166 67 38 den
997 157 184 46 Muͤller/

425 238 79 39 nd
516 236 59 36 der
595 225 148 47 Muͤuer
763 219 62 52 fuͤr
834 224 65 35 den
910 217 125 51 Herrn
1047 210 141 54 angeſe⸗

426 293 70 50 hen
507 286 143 43 werde
625 273 38 74 /
667 278 94 43 Wie
755 273 99 74 dort
853 273 66 74 ein
931 269 95 54 mahl
1049 267 139 52 geſcha⸗

429 350 57 50 he.
526 340 109 43 Oder
653 341 69 35 das
746 342 90 30 man
854 333 66 36 den
937 325 138 43 Reuter
1085 330 104 31 anre⸗

431 407 43 36 de
486 406 17 36 /
515 405 105 32 wenn
632 401 89 32 man
730 390 129 40 meinet
879 393 38 31 es
937 380 54 53 ſey
1002 383 60 37 der
1055 373 136 56 Herr.

431 454 121 49 Doch
564 452 60 49 iſis
645 458 40 40 zu
700 445 75 40 mal
786 444 55 38 ein
853 438 162 49 herrlichẽ
1025 426 167 62 Tugend

434 511 67 54 ſar
522 506 103 43 Gon
643 505 75 38 dnd
738 500 87 39 alet
834 485 139 51 Weit/
991 487 137 45 WBenn
1140 486 56 42 die

437 568 131 47 Herrn
585 558 72 50 alſo
675 553 73 52 fein
769 548 156 53 einfeltig
938 546 117 52 herein
1065 542 132 51 ziehen.

438 619 125 45 Denn
574 614 47 52 ſie
632 613 114 50 zeigen
758 606 113 41 damit
882 607 71 36 an
927 602 34 68 /
970 606 68 36 das
1051 598 45 51 ſie
1108 595 94 50 auch

440 679 103 39 nen
565 665 149 54 HErrn
733 667 50 37 im
796 652 161 71 Himmel
971 656 110 52 haben
1095 656 19 40 /
1135 651 68 49 bey

442 729 168 49 welchem
622 723 74 42 kein
716 716 144 53 anſchen
874 718 58 37 der
943 709 186 56 Perſonen
1141 704 61 53 iſt
1180 700 24 69 /

442 780 140 57 Epheſ.
604 784 35 35 6.

526 839 193 55 Auguſtus
747 838 60 39 der
832 828 164 55 Keyſer/
1016 828 192 40 vermanet

447 904 56 40 die
512 899 142 42 Roͤmer
664 900 19 37 /
695 898 44 35 da
751 891 47 50 ſie
816 888 64 51 luſt
899 887 123 51 hatten
1041 890 60 39 zur
1119 887 90 32 aus⸗

449 954 195 51 lendiſchen
662 946 185 46 Kleidung
861 948 18 35 /
893 942 68 39 mit
972 941 131 43 langen
1114 943 97 31 wor⸗

451 1019 84 35 eu
549 1008 120 41 danon
681 996 296 55 abzuſiehen
867 986 36 72 /
903 986 72 72 vnd
992 990 71 51 ſich
1074 998 47 31 an
1132 985 81 43 Roͤ⸗

453 1065 147 48 miſcher
618 1059 184 44 Kleidung
821 1049 165 53 genuͤgen
1014 1054 42 41 zu
1074 1041 140 51 laſſen
1185 1037 23 69 /

454 1117 110 48 Vnd
581 1115 95 52 ſagte
686 1117 67 37 den
762 1099 94 72 Verß
892 1104 137 49 vergilij:

509 1219 145 30 omanoz
672 1216 93 25 rerum
770 1188 77 65 Dom
859 1199 58 37 inus
927 1192 142 55 gentemq
1079 1188 48 65 tos
1133 1193 87 31 ttam⸗

458 1300 100 38 Nach
567 1299 27 30 A
602 1299 100 29 andes
718 1282 56 60 gbr
781 1282 78 60 auch
876 1286 50 38 ſol
944 1291 75 26 man
1027 1282 57 38 ſich
1094 1277 132 37 klerden
1200 1268 29 56 /

534 1342 139 31 —
713 1335 124 32 —
850 1330 144 29 —
1000 1327 47 37 —
1057 1314 92 50 verme
1160 1330 8 19 ·
1169 1314 39 50 dẽ

459 1388 59 32 So
527 1385 77 37 lang
615 1388 42 22 im
672 1376 180 37 Koͤmiſchen
864 1362 150 52 Regiment
1017 1366 25 33 /

538 1427 63 28 Da
617 1425 61 34 ing
687 1420 86 34 richt
792 1417 84 38 ſiund
885 1413 51 33 iot
945 1408 128 38 Jntent.

462 1466 76 37 Das
550 1464 62 30 alte
629 1465 74 26 vent
726 1458 82 30 vorr
815 1457 100 33 anden
924 1459 22 21 ð
943 1443 65 45 aren
1018 1447 23 30 /

535 1507 79 36 Vad
630 1499 113 46 hielten
759 1502 46 31 die
821 1495 127 39 Brech
960 1494 47 30 o
1021 1477 112 101 vorſc

1158 1535 42 31 ar
