1240 1796
395 126 257 61 vermanung/
661 132 71 32 aus
743 124 62 40 det
816 113 172 53 Teuffels
1001 111 156 53 Rachen

400 196 170 42 erretten.
608 179 107 45 Wen
730 179 83 47 euch
833 180 93 34 denn
948 170 112 42 meine
1082 166 84 44 Ge⸗

399 239 185 59 ſellſchafft
595 238 33 55 ſo
640 237 72 39 wol
722 231 141 54 geliebet
873 228 61 52 hat
944 232 19 37 /
982 224 36 52 ſo
1029 224 67 50 ſolt
1109 223 58 52 jhr

405 301 93 50 auch
527 289 255 51 nimmermehr
801 289 40 38 in
861 281 179 52 Ewigkeit
1050 284 20 39 /
1091 288 81 31 von

407 358 158 40 Neinem
577 347 113 52 Tiſch
700 342 197 54 geſcheiden
908 336 67 53 ſein
985 341 18 38 /
1016 334 155 51 ſondern

406 409 186 51 Ewiglich
611 405 67 40 mit
698 402 72 39 mir
781 393 88 54 eſſen
882 400 22 38 /
922 396 38 40 in
970 383 198 62 Abgrundt

410 472 63 37 der
484 465 128 50 Hellen
623 463 19 38 /
658 454 73 44 Da
743 454 82 53 habt
836 450 83 51 euch
929 449 88 49 nach
1029 455 41 41 zu
1083 445 93 48 rich⸗

411 531 84 33 u
514 516 145 52 Soiche
680 509 127 50 Arbeit
827 507 63 45 wil
917 503 134 54 ſolchen
1071 497 105 63 Lohn

415 571 130 68 haben.
921 559 77 6 m

498 667 97 45 Das
614 665 38 54 iſt
670 664 56 43 ein
747 655 193 57 ſchrecklich
959 651 217 52 Geſchicht
1152 647 14 76 /

417 731 121 37 daran
557 724 68 50 ſich
644 722 58 40 ein
721 721 95 44 jedes
834 712 179 53 frommes
1024 706 158 44 Weibs⸗

417 785 74 40 vid
509 780 112 46 billich
632 771 150 58 ſtoſſen
763 758 38 75 /
802 772 103 40 vnnd
924 767 70 52 ſich
1013 762 63 53 fuͤr
1100 765 84 45 dem

418 839 153 50 vbrigen
582 831 139 56 Pracht
740 835 105 45 gerne
856 822 109 55 huͤten
978 820 123 53 ſollen.

519 923 342 69 Chryſoſtomus
871 916 117 67 ſaget:
1024 905 161 74 Vber⸗

423 999 152 51 meſsige
593 990 83 58 Jer
694 994 76 39 vnd
788 988 141 54 Pracht
951 988 59 37 der
1019 979 167 45 Kleider
1156 975 27 79 /

426 1057 42 48 iſt
486 1056 73 38 em
571 1047 248 51 Abaotterey!
840 1039 121 44 Denn
972 1042 47 35 du
1039 1035 73 52 haſt
1133 1043 54 29 an

426 1111 126 39 dincn
571 1102 171 44 Kiadern
760 1096 63 52 luſt
835 1101 20 35 /
876 1097 102 39 vnnd
995 1085 193 52 verwareſt

427 1164 84 52 fic/
531 1159 107 53 gleich
660 1157 68 48 wie
748 1153 51 46 die
829 1147 262 52 Goͤtendiener
1115 1141 76 55 ſhre

434 1212 157 58 Goͤtzen.

524 1268 102 56 Die
647 1264 151 69 heilige
823 1255 207 67 Schrifft
1048 1252 145 68 ſchrei⸗

430 1348 37 34 et
486 1348 78 41 zum
592 1330 232 53 offlenmahl
853 1330 91 47 auch
964 1324 125 55 hefftig
1113 1324 82 36 dar⸗

433 1398 140 39 wiber/
588 1391 73 42 Ais
671 1385 129 54 Eſa.3
821 1381 101 53 Cap.
941 1385 75 37 vnd
1036 1376 89 52 ſonſt
1147 1383 51 31 an

433 1452 115 39 viclen
559 1445 163 53 Orthen.
766 1439 115 46 Doch
894 1440 120 47 nichts
1026 1433 90 50 deſto
1128 1439 70 31 we⸗

437 1508 103 49 niger
560 1502 97 54 gehel
677 1501 62 50 bey
758 1501 69 41 den
849 1491 258 47 Weltkindern
1127 1486 70 107 as

1159 1548 38 40 et
