1240 1796
62 100 208 48 inneruna
239 92 35 68 /
285 96 101 44 Aber
397 108 39 32 es
448 100 92 43 wird
552 108 43 43 zu
606 101 228 55 weitleuffig.

62 155 92 44 Wil
167 159 98 46 nicht
274 156 100 50 mehr
384 154 129 52 ſagen
490 149 41 61 /
523 154 122 45 Oenn
657 162 70 39 das
738 170 93 33 man

16 211 95 54 ſie
132 209 75 50 alſo
226 210 74 50 fein
318 221 76 31 von
411 208 178 56 Kindheit
601 212 82 52 auff
690 225 21 31 /
723 217 111 50 allge⸗

6 267 206 51 mehlich
223 265 181 52 gewehnet
415 276 19 30 /
445 261 46 67 das
510 267 63 52 ſie
586 268 68 52 ſich
674 269 158 55 hernaͤch

60 325 41 43 in
121 324 113 48 ſhrem
262 327 145 45 gautzen
425 320 109 44 Leben
553 324 117 44 vber/
679 327 70 40 mit
768 330 63 40 der

0 376 249 52 Hoffarth
267 377 87 51 deſte
372 376 102 52 beſſer
492 377 167 52 behelffen
671 380 160 44 konnen.

59 380 187 98 J
266 439 94 34 denn
381 435 52 39 die
453 432 132 44 Eltern
612 428 123 61 GOtt
747 442 80 38 dem

58 484 157 57 HErrn
237 491 57 40 ein
315 487 146 52 ſchwere
474 489 252 57 rechenſchafft
738 504 91 31 wer⸗

0 550 128 45 den
140 554 91 50 thun
243 550 315 57 muͤſſen
383 539 37 73 /
425 550 133 57 Matth.
570 566 49 32 .
638 543 117 57 Wer
767 562 63 38 er⸗

58 617 99 56 gert
177 607 139 64 dieſen
336 610 241 63 geringſten
591 615 124 49 einen
728 629 19 33 /
760 620 69 47 die

0 671 125 60 An
138 677 113 55 mich
261 676 207 63 gleuͤben
450 665 45 90 /
490 672 123 61 Dem
624 691 112 44 were
749 683 82 68 beſ⸗

7 737 103 88 ſer
130 757 20 35 /
161 748 90 49 das
262 749 72 47 ein
353 741 230 69 Muͤlſtein
602 762 61 39 an
684 749 144 65 ſeinen

55 813 138 62 Hals
203 811 200 66 gehenckt
415 816 170 52 wuͤrde
556 798 32 94 /
602 821 91 49 vnd
706 833 45 39 er
763 834 64 39 er⸗

10 878 195 68 ſeuffet
225 892 64 42 im
300 878 143 64 Neer
454 896 19 38 /
486 887 59 49 da
557 888 49 47 es
618 897 77 43 am
716 888 111 68 tieff⸗

56 950 92 68 ſten
158 949 69 65 iſt.

113 1030 175 76 Vom
300 1036 201 71 dritten
518 1035 244 75 Stuͤcke.

0 1129 164 74 Wie
173 1136 70 51 die
252 1134 226 71 Hoffarth
500 1143 65 49 die
577 1139 108 59 Leut
698 1144 127 70 mehr

0 1204 341 64 Verſielle
313 1200 41 80 /
357 1213 112 46 denn
489 1206 56 68 ſie
567 1209 191 67 ſchmuͤck

323 1280 90 48 vnd
427 1274 129 68 ziere.

183 1353 81 68 Hr
307 1363 86 54 viel
444 1361 134 67 laſſen
637 1360 83 70 ſich
759 1361 66 53 be⸗

190 1428 333 47 duͤncken
361 1424 32 62 /
397 1428 105 47 Wenn
535 1432 46 49 ſie
593 1443 71 30 nur
675 1435 92 39 viel
744 1424 32 62 /
784 1443 38 33 ja

183 1484 115 41 alles
319 1497 81 31 was
421 1487 46 51 ſie
487 1487 145 52 haben
606 1480 34 65 /
651 1498 49 31 an
716 1489 108 50 Hals

8 1530 153 59 hencken
162 1542 75 45 /
248 1538 84 57 anff
341 1543 254 51 mancheriey/
607 1543 215 52 viſicrliche
795 1526 26 76 ⸗

439 1595 94 54 —
673 1597 153 53 ſeltame
