1240 1796
82 97 74 56 flen
168 109 74 32 ven
255 94 199 58 Sachſen
418 90 34 68 /
464 99 69 43 mit
546 99 76 48 jren
634 99 210 55 Hembdern

79 162 79 36 vnd
180 154 152 53 Kraͤsen
353 158 87 40 vmb
461 161 65 36 den
537 159 132 51 Halß
638 150 35 69 /
690 163 152 52 mahlet
811 150 35 69 /

89 221 93 40 taug
194 214 94 44 nicht
301 212 113 51 mehr.

163 263 121 51 Forne
294 279 39 35 zu
347 274 64 33 den
427 264 153 46 Ermeln
601 270 134 51 muͤſſen
750 275 92 52 auch

78 319 170 52 Krauſen
262 321 131 52 heraus
406 321 225 54 gehen
516 315 34 68 /
555 321 75 54 Wie
645 333 67 35 das
727 328 116 51 Hei⸗

81 379 72 46 ſche
176 374 124 51 Fewer
319 388 40 41 iu
381 382 91 38 allen
493 377 166 55 Fenſiern
671 370 173 70 außſchle⸗

78 439 77 44 get.

131 540 115 46 Was
256 539 62 54 fuͤr
328 540 213 57 Vppigkeit
551 549 68 40 mit
632 546 209 48 Wammes

73 605 83 40 vnd
177 597 93 52 Puff
291 597 143 53 Jacken
453 604 174 47 getrieben
638 607 91 40 wird
739 615 19 33 /
770 612 70 36 das

78 653 89 52 ſihet
188 661 118 34 man
283 648 35 68 /
326 652 87 45 Der
431 655 79 43 Leib
530 669 61 30 am
611 658 229 47 Wammes/

79 709 46 38 ob
145 718 37 30 er
203 712 71 37 wel
292 707 72 52 fein
384 713 77 48 glat
488 717 215 49 angemacht
725 719 116 43 wird/

79 760 76 44 So
168 775 86 30 mus
265 776 36 29 er
314 768 85 48 doch
411 769 69 40 mit
489 756 131 71 Seiden
642 774 107 49 duͤrch
761 778 77 36 vnd

79 819 227 51 vmbſtoͤpptt
344 819 69 51 ſein
423 831 19 34 /
496 820 150 51 Fornen
690 825 150 52 ſeltzame

79 872 173 50 Kneuffel
262 878 91 37 dran
364 880 20 37 /
393 887 76 31 von
482 877 146 49 Stein
600 868 33 65 /
641 878 198 51 Corallen
806 868 33 65 /

78 927 111 52 Glaß
202 935 18 36 /
231 933 83 38 oder
326 931 128 51 Horn.
505 931 113 48 Oben
629 938 99 41 einen
739 936 101 45 Kra⸗

77 994 71 41 gen
169 983 122 51 drauff
301 990 21 39 /
352 991 59 37 der
431 990 82 39 weit
540 989 135 52 hinaus
701 993 137 50 ſtarret.

78 1036 135 44 Erme
222 1042 112 41 dran
287 1032 36 71 /
345 1044 51 39 die
407 1044 116 43 einer
494 1032 36 71 /
533 1055 121 40 wegen
668 1050 60 38 der
738 1049 100 50 groſ⸗

78 1091 32 52 ſe
120 1099 74 37 vnd
207 1097 129 43 weite
315 1087 35 69 /
354 1097 106 41 kaum
477 1109 48 29 an
546 1098 140 45 Armen
706 1109 131 43 traͤgen

78 1149 217 44 kan
140 1145 33 66 /
173 1149 122 44 darein
306 1153 169 51 mancher
486 1153 67 49 ſein
565 1155 90 52 Hab
668 1156 169 45 vndGut

77 1205 180 49 verſteckt
254 1200 34 66 /
275 1204 95 45 Wie
380 1216 96 40 jener
487 1206 105 52 Fuͤrſt
603 1220 40 41 zu
654 1214 112 40 einem
778 1213 59 49 ſei⸗

76 1267 66 32 ner
156 1256 140 45 Diener
307 1260 76 53 ſagt
394 1270 20 38 /
434 1260 78 54 Jch
524 1264 75 51 halt
609 1271 48 36 du
667 1267 71 52 haſi
754 1270 81 40 dein

75 1310 127 44 Ritter
229 1312 87 46 Gut
345 1319 64 40 inn
438 1321 52 39 die
517 1317 130 45 Ermel
663 1323 172 50 geſlecket.

77 1365 115 51 Dieſe
211 1367 127 46 Ermel
358 1372 137 52 muͤſſen
507 1373 103 48 forne
621 1380 89 48 auch
721 1381 114 48 einge⸗

75 1420 113 52 Aiten
201 1422 68 52 ſein
280 1432 18 36 /
310 1432 66 36 das
389 1428 46 52 ſie
454 1428 154 51 Krauſſe
619 1436 214 47 gewinncn/

76 1474 82 54 Die
177 1486 113 47 treget
315 1493 89 34 man
423 1495 50 29 an
492 1482 141 47 Armen
647 1494 17 27 /
694 1490 66 39 wie
778 1491 56 41 die

423 1537 41 48 E
501 1541 26 52 ij
666 1541 167 49 Garten⸗

100 1607 10 13 4
