1240 1796
66 94 125 47 Denn
200 104 88 41 Quot
299 99 147 49 eaplta,tet
462 98 122 55 ferfu/
602 103 105 48 Bd
719 108 108 55 ad

65 151 183 50 abundatfso
265 152 89 53 fenf.

146 208 80 46 Cin
254 211 126 44 Leinen
408 213 164 52 Hembde
589 215 82 51 auff
698 220 124 49 bioffer

61 266 115 50 Haut
186 273 18 36 /
215 267 39 51 iſt
265 277 68 40 gar
342 271 54 40 ein
408 269 141 53 näglich
559 269 131 47 Kleid/
701 278 52 40 die
764 293 53 22 va«

58 327 111 45 pores
146 319 34 67 /
189 323 119 51 dünjte
328 327 73 38 vnd
420 324 173 52 ſchweiß
564 319 26 67 /
605 327 34 46 ſo
658 340 71 31 aus
749 337 85 45 des,

58 374 207 55 Menſchen
286 376 143 55 Cörper
448 382 184 52 ausziehen
643 390 22 35 /
681 398 137 39 perporos

55 429 235 56 auffzufahen
301 442 21 35 /
333 436 52 40 die
397 438 45 37 da
453 440 225 50 wochentlich
690 444 126 37 wider-

54 487 90 41 umb
180 492 140 38 daraus
361 490 139 42 fünnen
534 495 279 51 ausgewafchen

52 547 175 37 werden
196 540 32 61 /
247 545 146 51 welches
407 544 87 53 ſonſt
506 549 56 40 ein
572 553 110 37 ander
699 550 109 45 Kleid

51 607 79 31 von
160 596 140 44 .Wolle
327 605 84 38 oder
435 606 148 38 anderer
612 603 162 55 Matery
788 612 23 37 /

50 652 101 50 nicht
161 654 104 41 liede/
278 655 110 42 neben
400 659 100 39 dem/
510 661 68 37 das
588 671 38 29 es
639 665 77 37 dem
728 661 79 43 Leib

47 707 231 55 verdrießlich
298 714 75 37 ond
385 710 232 56 beſchwerlich
628 714 68 52 ſein
709 718 97 42 wür»

91 790 11 14 |
124 815 126 52 Hoſen
260 821 76 41 vnd
347 817 209 49 Wammes
576 821 72 52 fein
668 826 136 52 zuſam-

0 863 15 54 .
44 875 258 48 mengemacht
311 881 21 35 /
352 879 69 39 das
433 879 46 49 ſie
488 889 149 40 geraum
658 889 74 33 vnd
743 894 57 40 ge-

0 925 206 53 fügeſein
216 934 19 35 /
247 930 106 51 iſtein
364 930 143 53 nüßlich
517 932 105 44 Kleid
633 941 21 34 /
673 935 61 49 für
745 941 55 39 die

0 979 360 48 Menneriinallen
372 984 199 46 Stenden“
587 987 106 45 Vnud
706 994 89 48 weiß

39 1038 122 48 nichts
181 1041 119 39 daran
319 1052 41 39 zu
373 1045 147 40 tadeln
495 1034 35 67 /
541 1046 71 51 ohn
623 1048 103 40 allein
739 1050 56 39 die

0 1088 160 48 Läge
124 1084 38 74 /
180 1094 52 40 die
251 1096 109 49 geben
378 1107 70 42 gar
466 1109 40 41 zu
526 1103 67 39 viel
614 1105 180 49 vppizkeit

34 1157 80 29 von
133 1145 101 53 ſich
216 1141 35 68 /
262 1149 118 53 Alſo
361 1141 26 68 /
404 1156 67 36 das
498 1158 115 47 michs
643 1163 149 36 wunder

33 1202 152 48 nimpt/
204 1206 64 39 wie
279 1218 39 28 es
339 1209 53 40 die
411 1209 126 43 erbarn
556 1208 234 55 Deudtſchen

31 1255 38 50 ſo
90 1257 104 49 lange
212 1258 112 51 haben
335 1263 127 40 dulden
473 1264 152 45 können,
671 1265 116 54 Doch

31 1311 69 42 wie
127 1311 51 49 ich
216 1324 72 32 aus
325 1319 92 40 allen
454 1316 201 47 Gemclden
684 1324 104 39 abne-

29 1366 191 47 menkan
186 1362 45 70 /
246 1377 103 35 vnnd
368 1373 90 51 auch
479 1376 38 39 in
546 1381 135 38 meiner
707 1374 80 54 Jus

27 1425 111 46 gende
154 1421 100 52 ſelber
272 1425 142 53 geſchen
425 1428 85 53 habe
519 1436 20 35 /
562 1430 33 51 ſo
606 1431 117 53 haben
734 1441 50 33 et

24 1484 64 42 Wa
107 1477 52 46 die
176 1479 128 55 Hoſen
334 1480 257 60 Altoäteriſche
610 1486 96 46 Lage
724 1498 57 39 ge-

673 1542 109 53 habt/

111 1600 38 18 yo.
