1240 1796
430 101 67 51 ben
509 106 20 40 /
550 96 170 51 Wiewol
748 95 78 56 jhm
852 92 182 55 gleichwol
1063 90 136 54 ſolches

431 164 92 48 auch
534 161 90 42 keine
635 157 147 52 ſchande
770 145 61 71 iſt
841 159 17 35 /
859 149 114 45 Denn
985 161 35 29 er
1034 153 94 45 dazu
1140 159 56 40 ge⸗

433 216 154 54 ſchaffen
598 215 50 51 iſt.
680 209 128 45 Oder
775 201 38 73 /
824 209 55 41 als
890 216 104 32 wenn
1006 206 119 39 ciner
1092 201 37 73 /
1139 209 60 36 der

433 277 103 41 Men
547 266 292 55 Fuchßſchwantz
860 272 59 31 am
934 258 110 53 Halſe
1062 260 138 50 treget
1174 254 25 71 /

434 330 126 43 darein
571 328 55 40 ein
638 320 136 45 Strick
789 316 195 54 geflochten
1009 316 88 45 (wie
1110 325 91 31 man

435 395 95 33 twa
551 385 52 40 die
623 380 140 49 jenige
737 365 34 68 /
786 374 34 51 ſo
832 379 64 35 den
915 369 178 45 Stranck
1122 380 81 30 ver⸗

436 441 152 51 ſchuldet
600 440 18 41 /
630 439 73 36 vnd
715 431 106 53 jhnen
834 429 85 58 doch
931 434 69 33 das
1021 423 113 43 Leben
1145 434 59 41 ge⸗

438 493 152 55 ſchenckt
617 491 124 52 hatte/
762 482 176 56 ſiraffete)
962 483 121 39 damit
1112 481 93 40 wolc

439 551 197 54 pranagen/
665 542 220 43 Sondern/
906 537 35 50 ſo
962 536 70 51 offt
1052 536 46 49 ſie
1118 534 122 52 dieſe

439 608 157 41 Beltzln
606 595 251 56 angeſchen
781 588 34 67 /
814 588 51 67 iſt
870 593 107 53 jhnen
987 594 57 39 ein
1059 592 146 40 Bluts⸗

442 658 162 54 tropffen
615 666 87 32 vom
724 654 126 51 hertzen
861 646 151 54 gefallen
1024 650 21 40 /
1055 651 77 38 vnd
1145 644 61 53 ha⸗

441 720 67 39 den
518 713 154 53 ſeufftzen
682 704 157 55 muͤſſen
824 695 26 75 /
856 703 209 52 geſchweige
1076 706 70 35 das
1159 699 48 51 ſie

443 778 61 36 der
515 767 135 56 hoffart
661 764 84 52 ſolte
755 762 176 52 geſtochen
942 760 128 51 haben.
1091 754 121 44 Wie⸗

444 830 153 38 Goͤrder
614 820 118 51 Troſt
751 818 87 48 aͤuch
859 818 66 38 mit
946 822 110 32 vnter
1071 808 140 55 gelauf⸗

444 882 91 52 fen/
556 888 70 32 aus
637 882 80 36 dem
729 872 172 44 Lemblein
918 866 172 47 GOttes
1100 871 21 40 /
1142 867 69 43 wie

446 939 91 41 oben
549 934 205 43 vermeldet.

538 1023 155 74 Aber
655 1015 44 86 /
704 1027 83 50 wie
806 1020 242 59 nachmals
1058 1019 83 50 mit
1152 1026 64 40 er⸗

448 1096 222 51 wachſender
680 1093 110 43 Welt
800 1098 21 38 /
844 1091 110 47 durch
976 1086 154 44 Grewel
1148 1086 65 37 des

450 1148 358 52 Teuffels
632 1134 24 70 /
655 1148 153 52 allerley
828 1144 177 44 Suͤnde
988 1134 36 70 /
1025 1138 190 52 Schande

450 1213 75 38 Md
538 1206 113 52 Laſier
661 1203 198 51 vberhandt
869 1199 238 52 genommen
1072 1186 39 76 /
1124 1190 93 47 Da⸗

450 1262 111 43 rumb
580 1266 92 36 denn
691 1260 90 49 auch
800 1256 100 45 Gott
914 1256 55 37 die
979 1251 112 44 Weit
1101 1258 115 42 grew⸗

450 1321 68 47 iich
529 1313 177 57 geſtraffet
716 1313 62 53 hat
788 1317 19 38 /
818 1309 93 45 Wie
923 1306 166 51 Moyſes
1103 1303 114 47 anxi⸗

451 1381 75 43 get.
581 1369 86 51 Alſo
687 1371 90 47 auͤch
797 1372 60 36 der
879 1362 143 55 Pracht
1050 1362 75 39 vnd
1146 1354 74 46 V⸗

454 1426 165 53 Lermuth
651 1427 65 39 inn
753 1420 210 47 Kleidern/
1015 1416 39 50 iſt
1073 1415 68 42 mit
1162 1421 59 42 ge⸗

454 1485 90 41 wali
562 1477 233 58 gewachſen/
820 1475 93 46 Wie
925 1478 97 39 denn
1040 1474 61 39 der
1118 1465 102 49 Tere

1084 1521 137 53 klerlich
