1240 1796
415 93 49 55 ſie
476 90 243 57 gemeiniglich
730 88 347 57 vnter
847 84 74 68 den
921 88 156 57 Wahlen
1087 91 79 41 vnd

419 149 212 52 Frangoſen
652 157 40 41 zu
705 149 135 49 kriegen
852 145 168 54 pflegen/
1039 156 140 31 namen

419 207 49 50 ſic
488 204 167 50 derſelben
676 203 104 40 kurse
803 200 149 47 Mentel
970 205 73 38 vnd
1060 199 119 44 Roͤck⸗

421 264 71 38 iein
502 271 63 30 an.
602 257 72 42 Da
685 259 117 39 Carous
811 270 120 39 Magnus
942 257 128 52 ſolches
1082 255 101 51 ſahe
1157 250 22 63 /

422 320 106 36 ward
549 326 36 29 er
595 317 125 47 zornig
731 327 15 24 /
764 320 88 35 vnnd
870 304 138 65 ſchrye:
1058 308 47 44 O
1126 309 59 53 jhr

425 369 221 51 Deudſchen
658 374 72 35 vnd
741 367 94 51 freve
847 365 180 52 Francken
1037 371 20 40 /
1085 363 99 44 Wie

423 426 69 51 ſeid
502 426 57 51 jhr
571 423 33 51 ſo
615 423 320 51 vnbeſonnen
826 415 33 66 /
859 415 66 66 das
946 435 32 35 ir
987 427 104 37 deren
1107 419 80 42 klei⸗

423 482 179 49 dung
509 471 33 64 /
547 482 55 49 die
625 480 56 51 jhr
700 481 240 39 vberwunden
958 482 75 38 vnd
1052 475 133 51 beſtrit⸗

421 546 62 31 ten
495 536 210 52 habt
572 530 32 62 /
608 536 97 52 deren
717 535 124 49 Herrn
853 543 31 36 r
876 530 84 62 ſeid
969 539 32 36 /
1010 534 168 51 annemet
1145 530 32 62 /

422 589 66 44 Es
508 591 38 51 iſt
565 592 96 48 nicht
670 591 65 40 ein
747 597 105 43 gutes
854 579 149 67 Zeichen
1015 598 14 33 /
1055 583 40 45 Es
1102 585 84 42 be⸗

392 651 151 37 deutet
554 647 119 48 nichts
685 652 87 43 guts
783 647 19 40 /
818 643 82 55 Jhr
910 652 116 35 nemet
1038 646 82 48 jnen
1134 648 52 46 jre

424 699 244 52 Kleidung
596 692 32 64 /
628 692 48 64 ſo
679 707 138 34 werden
828 699 47 52 ſie
885 702 81 48 euch
978 710 91 31 ewer
1082 703 100 49 Her⸗

426 767 69 30 ten
509 766 125 31 nemen
646 761 23 40 /
686 753 109 43 Was
806 754 103 49 ſollen
921 755 83 49 dieſe
1013 753 172 55 Weiſche

425 809 146 52 Flecken
591 813 74 38 vnd
686 811 151 48 Hader?
869 808 81 44 Sie
969 810 121 43 decken
1114 815 70 39 den

425 875 145 42 gantzen
582 863 77 44 Leib
671 866 96 49 nicht
776 869 21 37 /
816 863 105 52 laſſen
933 865 61 52 jhn
1015 869 71 39 wol
1104 867 83 51 halb

426 921 82 50 bloß
520 928 20 36 /
558 920 68 50 ſein
636 923 114 37 weder
759 918 62 52 fuͤr
838 920 76 51 hitzee
925 921 90 49 noch
1026 919 62 51 fuͤr
1098 922 83 42 kelte

425 975 153 53 gut
481 966 34 66 /
514 975 64 53 fuͤr
588 974 127 52 Regen
724 977 89 48 noch
825 974 61 50 fuͤr
897 971 126 45 Wind
1033 983 37 35 /
1079 973 109 45 Vnd

427 1043 59 28 wo
498 1034 93 35 einer
602 1032 50 37 im
665 1027 102 50 Felde
779 1028 107 50 ſeines
895 1030 169 50 gemachs
1076 1037 20 36 /
1113 1035 71 36 mit

428 1084 158 51 zuͤchtem
598 1091 40 41 zu
650 1086 246 39 melden
780 1078 32 62 /
816 1086 80 39 mus
909 1084 107 52 thun⸗
1018 1078 171 62 bedecken

429 1139 47 51 ſie
487 1142 99 38 einen
598 1140 119 50 nicht
686 1132 33 64 /
726 1136 165 49 erfrieren
902 1141 115 38 einem
1028 1141 53 40 die
1092 1140 96 41 Bei⸗

426 1205 59 30 ne.
521 1191 78 43 Lics
619 1194 171 49 demnach
811 1196 55 39 ein
887 1191 143 45 Gebott
1057 1203 133 40 ausge⸗

426 1249 68 52 hen
505 1253 21 37 /
555 1245 95 46 Das
680 1258 88 31 man
796 1249 105 48 ſolche
930 1246 258 54 Frantzoͤſiſche

427 1302 182 47 Kleider/
632 1305 65 38 inn
726 1300 322 53 Deudtſchlande
1027 1295 32 62 /
1073 1307 117 37 weder

427 1357 142 49 kauffen
581 1359 89 50 noch
682 1357 203 50 verkauffen
896 1357 96 51 ſolte.
1006 1356 76 53 Jm
1094 1360 92 38 win⸗

428 1422 53 35 ter
494 1421 83 43 trug
588 1425 34 28 er
636 1414 266 50 gemeiniglich
915 1426 7 27 /
929 1415 79 49 nach
1018 1419 79 35 dem
1119 1423 70 39 gar

431 1471 96 46 alten
537 1469 173 52 gebrauch
721 1473 19 42 /
752 1474 67 48 der
829 1461 209 68 Deudſchen
1052 1476 16 28 /
1086 1470 103 43 einen

1018 1520 172 56 Wolffa⸗
