1240 1796
436 94 157 55 Waſſer
610 97 75 42 vnd
706 96 63 41 der
787 91 222 58 Suͤndfluth
1029 95 112 54 dieſes
1155 97 55 43 al⸗

432 159 55 37 les
499 152 247 56 verſchwem̃et
758 151 75 52 hat.
845 149 104 45 Vnd
962 152 172 51 ſintemal
1146 157 53 38 die

435 208 187 51 Leutnaͤch
634 212 60 37 der
704 204 160 51 Straffe
873 215 24 31 /
907 208 101 48 ſelten
1022 206 183 50 froͤmmer

435 270 165 37 werden
562 254 32 63 /
616 263 151 50 ſondern
779 260 216 51 erger
877 254 43 63 /
924 260 71 51 Wie
1008 269 59 34 der
1080 260 121 51 Verß

435 325 134 36 lautet:
592 321 63 47 oſt
663 314 68 58 uam
744 319 162 43 comulauit,
916 321 78 47 pelor
996 314 30 58 e
1059 327 67 27 ante
1133 318 71 48 fuit.

437 373 76 45 So
532 374 60 52 hat
613 374 88 50 nach
720 377 61 35 der
803 369 200 52 Suͤndſtut
1021 372 92 50 ſolch
1126 374 78 38 vbel

435 434 33 45 ſe
495 432 118 48 lenger
632 431 29 45 je
683 427 100 52 mehr
802 435 265 41 zugenommen
1079 435 21 34 /
1128 430 78 39 vnd

438 487 121 50 nimpt
570 484 88 51 noch
670 491 40 43 iu
720 490 22 36 /
754 484 64 41 wie
828 493 70 31 vor
911 481 153 54 Augen.

504 603 227 59 Darunb
744 602 42 68 ſo
798 604 48 66 iſt
858 609 73 48 der
942 594 178 80 Teuffel
1133 607 72 49 ein

438 674 175 52 anfenger
640 673 106 49 dieſes
773 671 170 52 Laſters
930 666 32 64 /
965 671 123 44 Denn
1109 684 36 30 er
1165 672 41 51 iſt

438 731 148 44 Gottes
598 736 19 36 /
627 733 74 37 vnd
713 730 85 38 aller
811 726 204 53 Menſchen
1034 727 171 51 abgeſag⸗

437 796 56 33 ter
504 783 111 52 Feind
625 790 21 39 /
664 781 104 45 Vnd
780 785 65 41 wie
855 793 38 33 er
904 784 51 43 im
979 781 147 54 anfang
1139 787 68 36 den

437 843 111 49 erſien
577 838 202 52 Menſchen
809 850 82 38 zum
920 838 84 50 Fall
1037 839 170 49 gebracht

438 898 65 53 hat
516 901 18 37 /
555 895 89 50 Alſo
657 895 125 51 henget
799 905 38 29 er
858 897 92 49 noch
963 897 133 45 jmmer
1112 901 40 42 zu
1164 894 47 39 ei⸗

439 965 46 29 ne
504 950 257 53 Vnthugendet
780 949 90 50 nach
891 953 60 37 der
972 951 142 38 andern
1138 952 69 36 den

444 1006 205 53 Menſchen
659 1015 50 30 an
719 1009 20 37 /
749 1001 143 44 Damit
904 1014 36 30 er
951 1004 39 48 jn
1002 1006 62 37 der
1075 999 135 53 Selig⸗

443 1063 97 40 feit
522 1052 31 59 /
551 1066 140 34 daraus
709 1069 37 31 er
764 1056 220 50 verſtoſſen
965 1052 40 59 /
1002 1061 85 37 vnd
1099 1056 111 49 dahin

444 1118 56 39 die
520 1112 163 55 Chriſten
702 1113 166 41 kommen
887 1111 138 51 ſollen
995 1105 34 66 /
1045 1110 163 43 beraube.

440 1170 97 42 Wie
545 1181 38 30 er
594 1172 52 39 die
657 1164 87 45 Eua
757 1168 109 48 durch
878 1165 164 53 Hoffart
1061 1167 149 47 betrog⸗

441 1223 83 45 Sie
542 1224 83 51 ſolte
643 1225 67 40 wie
729 1219 193 45 GOTT
941 1225 145 38 werden
1097 1225 19 36 /
1128 1217 83 44 Ge⸗

410 1280 100 48 neſ.
530 1292 28 32 3.
611 1276 135 45 Wenn
773 1277 46 47 ſie
838 1287 92 31 vom
959 1278 248 39 verbottenem

442 1337 137 41 Baum
595 1332 74 51 eſſe.
723 1331 89 51 Alſo
831 1334 124 46 auch/
976 1332 177 46 betreuget
1172 1339 39 29 er

440 1393 93 47 noch
553 1389 159 51 heutiges
734 1395 104 43 tages
859 1388 70 39 viel
953 1384 134 42 Leute
1065 1380 33 64 /
1100 1384 111 49 durch

440 1443 224 58 Hoffarth/
690 1440 216 56 fuͤrnemlich
940 1445 71 40 das
1040 1437 172 45 Weiber⸗

1079 1493 98 45 volck
1186 1493 24 47 /
