1240 1796
397 109 160 56 ſeltzame
574 110 78 40 vnd
683 102 273 57 vngewoͤhnlich
976 101 100 57 Atth
1097 103 72 55 ſich

400 168 139 42 kleiden
552 170 19 40 /
582 161 185 54 verhuͤllen
795 167 75 35 vnd
889 160 199 53 verkappen
1098 164 23 39 /
1132 162 36 50 ſo

401 222 92 55 ſtehe
513 230 40 33 es
573 221 86 46 jnen
679 218 83 42 vber
781 217 65 41 alle
866 214 132 53 maſſen
1021 218 72 39 wol
1105 225 64 35 an.

405 276 213 45 Darumb
571 264 44 64 /
635 283 82 32 was
731 271 47 52 ſie
790 271 114 53 ſchen
870 264 33 64 /
914 271 132 52 hoͤren
1014 264 33 64 /
1056 268 118 54 erfah⸗

404 338 99 42 ren
475 319 23 65 /
519 335 71 38 das
615 331 127 39 wollen
763 326 47 52 ſie
833 323 104 56 flugs
970 326 210 52 nachthun
1147 319 33 65 /

400 384 175 54 muͤſſens
591 383 142 54 haben
696 374 35 68 /
749 384 72 39 vnd
835 382 86 50 ſolts
932 383 110 49 gleich
1066 381 117 51 koſten

406 454 92 32 waz
509 452 40 32 es
563 435 353 53 wölle
670 430 32 62 /
706 435 210 53 Sonderlich
934 441 66 36 das
1011 430 161 62 Weiber⸗

408 495 106 45 volck
510 485 23 67 /
558 496 39 52 iſt
612 497 36 40 in
659 492 125 51 dieſem
796 490 62 53 fall
877 491 73 53 ſehr
968 489 214 53 leichtfertig

409 550 143 53 (Doch
566 550 96 49 nicht
673 550 96 43 alle
760 539 36 70 /
788 546 119 46 Denn
918 543 144 47 Erbare
1082 544 100 45 Ma⸗

410 617 140 33 cronen
570 606 94 49 recht
682 614 87 30 man
777 606 72 43 der
864 600 222 49 Erbarkeit)
1105 597 77 45 Da

410 669 163 47 pranget
584 669 87 34 man
685 662 93 38 denn
789 656 177 53 herein
899 652 34 68 /
933 652 57 68 in
1002 658 176 48 meinung

412 720 62 41 Als
486 715 56 54 ſey
555 727 39 32 es
607 716 54 41 ein
672 710 134 55 groſſer
816 714 189 51 wolſtandt
1016 716 20 39 /
1047 714 74 38 vnd
1134 705 61 54 ſe⸗

412 779 158 37 derman
583 770 77 51 ſolle
675 769 126 51 ſagen:
821 766 100 44 Wer
933 767 40 52 iſt
984 771 86 36 der?
1080 764 103 44 Wer

413 829 43 51 iſt
468 830 80 40 die?
569 823 63 53 Ey
644 825 64 40 wie
720 826 72 38 eine
804 821 88 51 feine
903 820 189 44 Ereature
1117 818 68 56 Ey

416 886 72 39 wie
506 884 58 44 ein
588 880 143 52 ſchoͤnes
743 875 146 56 Muſter
900 878 40 53 iſt
953 882 97 37 das?

505 990 100 46 Nun
625 989 37 51 iſt
683 998 39 32 es
734 989 70 40 wol
815 993 106 39 war
891 979 34 66 /
941 997 84 31 was
1040 983 146 54 vppiſch

419 1051 78 37 vnd
520 1045 210 51 leichtfertig
753 1041 182 51 Geſindig
949 1042 69 49 iſt
1001 1036 33 64 /
1038 1046 69 33 das
1118 1040 65 49 hat

418 1101 129 44 Maul
566 1104 73 38 vnd
667 1098 133 52 Auͤgen
811 1096 97 50 offen
919 1104 19 34 /
951 1096 88 51 ſihet
1050 1093 135 50 ſolchen

420 1155 136 43 Leuten
584 1154 133 51 fleiſsig
738 1155 119 50 nach/
887 1149 118 53 Nicht
1029 1148 82 41 aber
1133 1148 54 40 be⸗

422 1213 157 47 trachtet
600 1220 36 31 es
658 1211 52 40 die
722 1205 217 45 Erbarkeit
919 1200 33 64 /
953 1204 151 51 ſondern
1114 1212 73 31 nur

423 1271 69 37 den
503 1264 148 52 Tracht
670 1266 127 49 tiegert
807 1273 38 32 es
857 1262 81 43 abe
919 1251 35 69 /
953 1264 70 37 das
1034 1269 38 31 es
1084 1255 103 51 auffs

424 1321 106 52 eheſte
570 1320 214 51 dergleichen
822 1319 89 51 auch
943 1315 114 53 haben
1085 1321 103 40 mag.

425 1375 93 49 Alſo
558 1385 69 40 gar
672 1374 39 52 iſt
749 1375 52 39 die
811 1367 275 56 leichtfertigkeit
1123 1367 67 40 inn

425 1429 189 51 Kleidung
625 1431 53 39 ein
690 1430 227 41 anklebendes
933 1427 105 54 ding.
1075 1418 114 45 Was

426 1487 88 43 aber
533 1482 144 48 Erbare
696 1488 75 39 vnd
792 1478 278 54 Vernuͤnffcige
1085 1474 105 44 Leute

1089 1531 102 53 ſind
1163 1526 22 63 /
