1240 1796
448 100 65 49 Leit
524 101 78 55 find
614 104 60 45 der
683 101 192 48 Sammet
885 106 73 43 vnd
969 98 168 55 Seiden/
1148 105 58 51 die

447 164 60 39 ein
525 161 127 53 ehrlich
672 160 119 45 Weib
810 172 62 32 am
890 163 105 52 beſien
1006 165 110 50 zieren
1127 172 76 38 vnd

449 215 218 53 ſchmücken.
719 215 194 53 Exempel:

514 269 95 59 As
628 271 195 49 Philonis
836 270 133 56 Weib
987 282 129 47 unter
1127 288 79 41 an

448 341 88 40 dern
547 339 59 52 ſaß
616 344 20 40 /
646 342 76 41 ond
732 342 98 50 nicht
840 344 64 41 wie
922 340 160 53 dieſelben
1103 346 105 41 ombs

446 395 128 53 Henget
586 399 100 39 war/
696 392 119 54 fraget
827 394 46 54 ſie
883 397 114 45 einer/
1007 397 200 46 Warumb

448 452 48 52 ſie
512 451 70 52 ſich
604 451 97 51 nicht
711 452 89 50 auch
811 452 68 41 mit
889 450 124 45 Goldt
1025 454 182 53 geſchmü-

448 505 97 44 dere
597 504 214 43 Antwortet
830 505 46 51 ſie
895 510 20 38 /
966 506 117 49 Mein
1102 510 106 52 beſier

449 559 195 54 Schmuck
663 561 38 52 iſt
712 566 19 34 /
742 565 68 37 das
829 562 51 51 ich
900 561 100 43 einen
1019 563 189 53 berühmb»-

446 624 84 103 fh
542 615 206 53 frommen/
761 616 292 55 ebugendreichen
1064 617 144 50 Dann

472 682 76 32 abe.

503 723 117 58 Bon
643 725 273 52 Archidamo
939 726 111 69 fiefet
1070 740 138 44 mans

446 793 77 47 Als
534 800 59 38 der
601 793 130 53 König
742 792 215 54 Dionyſius
978 800 38 40 in
1035 797 172 47 Sieilia/

447 849 115 54 ſeinen
580 848 192 54 Töchtern
800 850 180 53 köſtlichen
1008 851 200 55 Schmuck

446 905 182 53 Juſchiket
645 916 77 32 von
740 902 200 48 Kleidern
913 898 27 68 /
961 898 64 68 hat
1034 919 59 31 ers
1105 912 100 50 niche

446 963 130 41 wollen
588 970 179 33 annemen
776 964 20 39 /
808 958 149 53 ſondern
967 962 142 52 geſagt/
1120 963 86 44 Die

446 1014 185 53 Hoffarth
649 1015 125 44 würde
791 1018 113 41 meine
921 1015 168 51 Töchter
1103 1020 103 50 mehr

446 1069 200 53 verſiellen/
655 1072 93 39 denn
759 1072 108 48 zieren
878 1068 62 48 fär
948 1073 156 42 meinem
1117 1071 83 44 Ans

445 1125 144 52 geſicht.
600 1124 126 50 Eraſmus
735 1126 52 37 lib.
800 1138 22 27 1
834 1127 219 49 Apophtegmat.
1066 1127 141 49 Lifandro

445 1182 117 41 wirds
581 1177 89 54 ſonſi
689 1181 92 50 auch
796 1180 272 51 zugeſchrieben.

518 1253 75 73 Zu
602 1254 131 57 Rom
744 1266 101 44 var
854 1260 91 50 eine
956 1253 144 70 Fraw
1111 1269 16 39 /
1138 1258 70 51 die

444 1322 76 57 Pies
539 1327 129 38 Cornelia
678 1331 19 35 /
708 1328 54 39 die
773 1337 78 30 war
869 1328 74 41 eine
962 1326 168 50 'Lochter
1139 1330 66 35 des

443 1379 141 53 groſſen
595 1383 169 48 Aphricani.
798 1376 57 57 Zu
866 1380 104 52 dieſer
977 1381 83 41 kam
1071 1382 57 40 ein
1139 1388 67 33 an-

444 1439 77 38 dere
531 1433 256 53 Wolgeborne
798 1433 211 53 Fraw/vnd
1022 1435 84 42 blieb
1116 1435 88 41 ober

443 1488 130 55 Nacht
584 1491 61 54 bey
656 1491 70 54 jhr.
753 1488 74 52 Da
838 1491 47 54 ſie
894 1491 73 53 alſo
978 1491 64 53 bey
1051 1490 58 51 ihr
1121 1488 85 51 faß/

984 1589 8 9 .
1060 1544 148 57 dahaw
