1240 1796
86 95 125 56 fragte
239 94 58 44 ein
327 91 102 55 mahl
449 91 105 44 einen
576 90 139 53 ſolchen
734 87 135 54 Loͤffel
844 83 24 72 ⸗

88 151 154 50 Woriu
253 150 112 51 ſolche
376 147 117 53 groſſe
513 148 153 50 Hacken
681 149 158 40 dieneten
851 151 21 40 ?

91 207 76 47 Da
178 207 104 51 hieng
295 217 37 29 er
344 206 115 49 ſeinen
471 205 190 50 Hut
549 196 33 66 /
587 205 72 50 vnd
675 205 75 38 eine
760 200 109 44 Kan⸗

92 275 45 31 ne
147 264 98 40 Bier
257 267 96 37 dran
362 266 22 40 /
394 257 75 46 Da
482 261 87 51 ſehet
581 261 53 50 jr
608 251 22 65 /
648 257 78 53 ſagt
737 269 34 32 er
774 266 18 36 /
796 266 76 37 wo⸗

92 329 42 44 zu
155 329 39 34 es
214 320 131 45 dienet.

191 411 133 56 Was
342 410 58 66 ſol
419 422 111 40 man
543 408 131 66 ſagen
687 418 90 43 von
791 411 85 50 den

95 481 273 53 vngehrwren
338 472 34 66 /
391 480 143 50 groſſen
555 476 241 54 Hentzſcken
767 472 34 66 /
819 480 55 39 die

98 539 122 49 etliche
243 538 90 49 auch
347 537 49 39 im
410 532 197 44 Sommer
618 538 162 46 tragen
759 526 45 66 /
799 530 77 43 So

98 596 120 52 weit
183 586 34 67 /
224 596 72 53 das
306 594 96 37 einer
413 593 57 37 ein
491 590 139 50 zimlich
651 598 71 41 par
737 598 142 40 geraw⸗

66 642 90 119 ——
200 647 133 44 Ermel
354 650 117 42 draus
491 645 130 47 koͤndte
640 644 152 52 machen
811 640 67 57 laſ⸗

116 714 60 37 en.

201 755 85 59 Nu
297 755 202 53 kommen
510 757 68 49 die
591 753 155 67 Hoſen
758 766 17 37 /
789 754 92 50 das

104 828 42 54 iſt
156 829 58 52 ein
226 825 73 51 fein
308 823 108 45 Kleid
428 831 18 34 /
460 835 108 31 wenn
580 825 46 50 ſie
639 823 76 52 fein
729 829 156 44 geraum

105 882 167 54 gemacht
284 880 86 50 ſein.
400 877 189 45 Darumb
599 890 92 30 man
704 877 90 50 auch
805 885 82 33 von

108 941 158 49 Hertzog
278 933 185 53 Friderich
475 933 115 52 lieſet
580 926 34 68 /
607 931 98 45 Das
699 926 51 68 er
756 936 19 39 /
778 940 109 33 wenn

107 996 54 48 jm
183 995 59 41 ein
262 993 75 40 mal
349 992 56 42 ein
417 1001 70 42 par
498 988 130 54 Hoſen
639 986 172 54 gerathen
823 984 64 51 iſt⸗

110 1047 207 52 dieſelbigen
345 1047 99 49 nicht
472 1055 81 40 weg
573 1041 203 53 geworffen
791 1046 19 38 /
828 1040 62 41 bis

110 1114 94 35 man
225 1101 46 53 ſie
273 1091 74 67 hat
351 1091 137 67 flicken
499 1097 158 53 muͤſſen.
711 1095 178 53 Jetzundt

113 1161 69 49 gilt
195 1159 56 43 ein
262 1156 186 53 ſchlechtes
466 1165 68 43 par
546 1145 115 69 Hoſen
679 1153 98 50 nicht
788 1149 102 52 meh⸗

113 1216 68 43 wie
193 1222 69 31 vor
272 1215 115 40 alters
399 1216 19 37 /
439 1208 195 44 Sondern
647 1217 39 33 es
700 1217 88 31 mus
798 1206 93 43 alles

115 1266 156 54 zerhackt
291 1271 75 37 vnd
387 1265 231 52 zerſchnitten
628 1263 102 50 ſein
714 1255 36 69 /
748 1264 76 41 vnd
843 1259 53 52 hi⸗

114 1324 74 42 nab
214 1322 137 50 hengen
367 1322 56 41 bis
434 1318 84 51 aͤuff
539 1322 55 39 die
604 1316 190 53 Schuhe
784 1308 35 68 /
818 1312 77 48 Da

116 1378 146 53 gehoͤret
274 1381 94 38 denn
378 1378 69 40 viel
460 1384 155 43 gezeugs
633 1377 125 45 darzu.
785 1368 111 48 Dar⸗

117 1434 94 51 nach
225 1441 86 33 mus
322 1443 40 31 es
374 1440 231 43 ausgezogen
618 1427 164 52 ſein
690 1423 23 66 /
723 1427 59 52 mit
795 1427 103 49 Har⸗

118 1490 79 48 les
173 1476 36 71 /
210 1484 162 57 Forſtat
386 1537 6 4 /
394 1484 155 57 Carteck
560 1489 76 54 vnd
657 1481 241 56 dergleichen
865 1476 36 71 /

539 1538 43 47 E
612 1541 42 53 ij
819 1539 79 42 vnd
