1240 1796
10 93 52 37 an
75 88 71 39 das
158 79 165 55 Gizaͤgte
335 77 207 47 reiten
443 69 35 69 /
477 77 53 47 Da
553 77 122 56 fuͤhret
684 92 37 30 er
733 73 48 55 ſi⸗

14 148 71 39 mit
97 140 215 52 fleiß
177 129 34 67 /
210 140 102 52 durch
324 129 89 67 dicke
434 134 165 45 Stauden
610 139 51 42 vñ
671 134 109 45 Oer⸗

14 205 98 36 ner/
129 198 115 39 damit
266 192 107 53 ſolche
392 191 146 44 Kleider
556 194 96 47 nicht
671 195 108 39 allein

15 254 111 48 durch
146 249 128 52 Regen
286 251 209 39 verderbet
473 243 32 63 /
517 248 151 49 ſondern
688 250 91 47 auch

16 306 151 55 zuriſſen
179 304 165 43 wuͤrden.
396 302 198 52 Demnach
612 301 120 54 fuͤhret
742 315 40 29 er

16 366 50 51 ſie
87 364 112 40 wider
209 361 122 50 heim
314 355 34 66 /
362 360 135 50 muſten
512 370 76 28 von
609 359 101 50 ſtund
728 370 54 28 an

17 421 64 49 bey
95 423 81 35 dem
187 414 137 43 Eamin
338 412 88 52 eſſen
438 418 20 39 /
478 411 71 44 Da
564 419 146 35 wurden
728 417 54 36 die

11 474 154 44 Kieider
186 474 90 48 noch
298 482 101 40 erger
417 470 162 40 verderbt
598 472 109 40 durch
728 467 55 41 die

21 531 80 53 hitze
112 533 64 36 des
189 524 162 52 Fewers.
403 523 60 47 Er
475 534 128 42 veriog
617 533 67 31 mit
704 529 81 35 dem

19 583 91 50 eſſen
129 584 43 48 in
189 584 53 39 die
270 578 127 54 Nacht
418 580 116 53 hinem
556 586 19 33 /
628 577 156 44 Seinen

19 636 241 52 Wolffspeltz
288 637 65 41 lies
382 646 36 31 er
436 635 186 41 truͤckenen
651 645 47 28 an
720 640 66 33 der

20 683 117 61 Lufft.
148 690 106 46 Vnd
266 694 58 38 als
337 693 52 39 die
402 689 215 52 Deudſchen
629 691 67 39 mit
707 699 78 34 fren

21 749 185 53 koͤſtlichen
219 745 155 53 Futtern
384 744 63 49 fuͤr
458 746 61 51 jhn
541 746 135 49 muſien
688 745 99 40 kom⸗

21 816 88 32 men
94 794 33 66 /
118 806 137 50 zeiget
269 814 35 29 er
320 802 105 52 jhnen
446 801 112 49 ſeinen
571 798 90 54 Pelt
673 806 18 35 /
705 806 80 33 dem

23 862 124 49 nichti
168 860 202 49 mangelte
343 849 34 66 /
379 856 168 51 ſagende:
569 849 60 66 Jhr
646 849 138 66 Leppi⸗

23 917 102 51 ſchen
154 911 233 53 Deudtſchen
400 916 18 34 /
438 913 148 48 welches
607 908 106 43 Kleid
747 911 40 52 iſt

24 981 82 34 nun
116 968 210 51 nuͤtzlicher
310 964 40 59 /
346 972 69 37 das
427 969 144 38 meine
541 964 40 59 /
595 971 70 34 das
684 968 103 38 cinen

26 1024 204 53 Schilling
239 1024 103 50 koſtet
352 1027 116 38 /oder
478 1024 53 38 die
541 1032 119 29 ewern
671 1032 18 30 /
705 1024 84 37 dar⸗

26 1083 89 39 umb
145 1080 58 52 jhr
232 1089 92 32 ewer
349 1074 203 54 Vaͤterlich
581 1072 99 45 Erbe
711 1079 80 39 ver⸗

28 1133 225 56 ſchwendet?

152 1253 117 57 Von
288 1259 81 49 den
392 1256 163 63 langen
569 1251 225 63 Schwin⸗

29 1330 71 50 gen
111 1327 21 41 /
141 1322 169 53 Tolchen
321 1332 18 33 /
352 1322 166 45 Guͤrtein
529 1334 19 31 /
566 1330 75 34 vnd
652 1328 142 36 andern

83 1382 135 48 dingen
229 1379 118 53 mehr
315 1370 34 66 /
369 1379 146 51 ſchweig
525 1380 84 49 ich
585 1370 33 66 /
628 1374 63 45 Es
703 1376 40 54 iſt

137 1434 211 55 ſchade
255 1429 33 64 /
293 1429 75 64 das
359 1445 88 31 man
464 1441 68 33 das
543 1433 149 54 Pappir

257 1491 117 45 damit
389 1490 175 46 verderbe.

677 1545 116 63 Von
