1240 1796
208 44 11 7 —

92 109 81 53 ſind
184 112 20 41 /
217 110 53 41 die
285 106 111 55 pfuen
406 112 73 41 vn)
501 108 123 55 ſptyen
637 110 132 53 ſolches
781 120 76 38 an
819 102 33 65 /

91 166 114 53 haben
215 177 100 29 cuien
328 167 83 39 eckel
423 173 71 34 vnd
507 173 127 44 grewel
646 170 112 52 dafuͤr
768 182 18 30 /
800 176 54 39 vñ

90 224 127 48 ſagen:
236 220 212 52 Sihe
339 216 33 66 /
372 220 76 52 wie
468 225 55 39 ein
545 222 245 54 Affennuiſter
811 230 40 48 iſt

84 282 101 34 das?
204 273 58 44 Er
282 279 109 49 biehet
412 278 68 49 ſich
501 281 64 38 wie
584 282 74 39 eine
680 279 166 55 Kroͤthe⸗

87 339 75 33 vnd
183 328 253 55 Vnaerſſcher
446 331 131 53 Ochß:
598 337 84 48 Hat
693 336 70 52 ſich
776 340 70 39 mic

85 387 161 50 Lumpen
269 386 177 53 behengt
416 382 32 62 /
458 390 65 39 wie
542 391 55 39 ein
618 391 227 49 Haderlum⸗

67 436 40 66 pe
116 455 23 27 /
144 442 45 50 iſt
198 440 207 53 zerfleiſcht
386 436 22 66 /
410 445 64 41 wie
485 446 113 42 einer
567 436 23 66 /
609 448 60 40 der
681 450 72 39 eine
764 451 82 47 zeit⸗

81 499 90 48 lang
181 507 60 31 am
254 496 155 53 Galgen
422 498 36 53 iſt
469 498 185 54 gehangen
663 509 22 33 /
696 507 78 36 dem
786 508 57 37 die

79 550 128 42 Raben
233 551 55 41 die
309 552 125 51 Hoſen
453 557 84 38 vber
556 557 51 40 die
632 554 209 54 Schenckel

77 607 105 39 herab
194 616 153 42 gezogen
359 608 130 52 haben
463 603 33 65 /
503 610 121 52 pauſet
635 613 67 40 wie
714 614 55 40 ein
782 626 59 38 ge⸗

0 675 33 36 .
45 660 154 62 Fuͤllter
208 660 196 52 Maltzſack
412 669 22 37 /
445 664 82 51 Hat
538 667 72 39 eine
621 665 218 55 Schwinge

73 721 80 36 an
122 714 33 64 /
182 721 68 36 das
265 728 56 30 wol
327 720 73 40 ein
415 718 112 52 ſchock
546 719 152 55 Krahen
712 722 128 50 drauff

72 771 154 42 koͤndten
238 771 99 50 ſitzen
348 778 21 38 /
387 772 97 44 Das
496 774 141 50 Meſſer
650 779 38 50 iſt
700 777 136 52 groͤſſer

71 828 93 39 denn
176 830 60 38 der
246 825 138 47 Mann
394 833 22 38 /
433 827 95 46 Wie
546 829 129 45 Eiccro
686 845 75 29 von
774 834 61 49 ſei⸗

70 892 84 30 nem
167 880 145 52 Ahdem
324 884 92 50 auch
424 883 116 53 ſaget:
560 885 103 49 Wer
673 888 62 52 hat
747 891 87 39 mei⸗

68 946 71 30 nen
167 936 146 53 Aydem
353 950 72 30 ans
460 939 142 53 Meſſer
627 947 204 46 gebunden.

67 988 127 54 Sihe
163 984 46 67 /
203 990 87 44 Dis
301 992 118 45 Weib
427 994 100 53 gehet
537 998 123 49 daher
643 984 23 67 /
675 1001 66 38 wie
753 1002 77 40 eine

65 1045 100 43 Bier
191 1044 198 56 Thonne
345 1040 35 67 /
406 1049 35 50 ſo
452 1051 89 40 dicke
559 1064 75 28 von
654 1051 174 44 Kleidern

63 1101 319 53 angethan
245 1097 33 64 /
283 1101 86 53 Hoch
392 1103 82 51 auff
481 1112 59 33 der
559 1105 268 52 Gaſſen
704 1097 43 64 /
747 1105 80 52 We⸗

62 1157 66 48 nig
139 1157 36 39 in
188 1161 58 38 der
255 1155 186 55 Taſchen.
470 1158 165 56 Daheim
647 1163 109 51 gehen
771 1168 54 36 die

61 1207 141 45 Kinder
223 1213 122 40 nacket
365 1221 73 33 vnd
451 1215 79 49 bloß
541 1225 20 32 /
572 1222 74 36 vnd
659 1223 165 46 mangelt

59 1274 65 29 am
145 1266 107 40 lieben
269 1265 83 53 Keß
374 1274 72 35 vnd
457 1271 107 41 Brot
575 1277 20 34 /
617 1269 108 45 Vnd
737 1270 84 45 was

58 1322 63 37 der
130 1329 96 32 wort
235 1325 102 50 mehr
347 1322 151 49 ſein
406 1318 32 64 /
438 1322 60 49 der
509 1327 96 41 eines
617 1325 205 53 vberhaben

55 1374 127 54 kondtt
193 1376 201 48 ſein
257 1370 35 67 /
291 1376 95 48 wenn
406 1390 37 30 es
456 1384 214 47 deraͤleichen
682 1383 136 50 rehme⸗

55 1436 36 37 te
100 1434 22 42 /
132 1436 71 37 vnd
214 1431 72 56 ſich
298 1436 91 51 nach
401 1437 194 52 vermoͤgen
609 1436 209 53 ſchmuͤcket.

620 1545 198 58 Manches
