1240 1796
51 97 237 58 ſerflammen
308 102 54 44 die
381 98 174 49 Kieider
532 93 24 71 /
570 103 68 45 das
658 108 97 42 einer
773 107 53 53 fi⸗

53 161 90 52 het/
154 165 59 37 als
225 160 116 52 hetten
351 164 54 37 die
416 158 122 44 Sewe
557 174 70 30 aus
647 164 95 52 jhme
760 178 59 38 ge⸗

52 214 151 53 freſſen
180 210 33 66 /
217 221 73 35 vnd
303 217 140 50 hangen
455 220 52 36 die
520 217 115 43 Loden
646 221 172 51 vmbher
790 210 12 66 /

55 274 59 37 als
126 281 94 30 were
233 282 94 29 einer
337 279 119 32 etwan
469 275 55 38 ein
546 272 174 53 Wochen
732 281 86 37 oͤder

54 326 125 48 etliche
190 337 62 30 am
265 324 154 51 Galgen
430 332 199 48 gehangen.

137 380 102 42 Wer
251 386 43 33 da
309 384 79 38 wil
362 376 33 64 /
401 387 60 35 der
472 394 84 40 mag
568 386 89 50 auch
669 388 91 42 noch
772 388 47 41 ei⸗

53 445 42 32 ne
108 440 20 37 /
141 443 75 34 vnd
228 434 72 49 alſo
313 440 52 36 die
379 442 104 37 dritte
495 433 141 56 vrſache
647 447 61 34 der
719 440 100 44 Klri⸗

52 495 104 45 dung
186 492 124 51 hieran
338 491 136 51 hengen
485 501 21 36 /
536 498 124 46 welche
689 497 39 49 iſt
757 503 61 36 der

51 544 258 52 Wolſtandt/
318 548 120 39 Denn
450 549 43 40 ob
502 552 71 39 wol
585 556 59 34 der
655 549 162 56 Menſch

51 602 94 48 auch
168 604 91 47 nach
271 604 78 37 dem
362 601 80 49 Fall
454 607 20 39 /
484 613 48 30 an
544 605 73 52 jhm
638 605 90 53 ſelbſ
740 611 76 39 eine

53 654 193 52 anmuͤtige
266 661 75 35 vnd
361 656 122 53 ſchoͤne
495 656 160 46 Crcatur
668 660 150 45 Gottes

20 712 2 2 iſt
88 712 26 49 /
117 720 100 41 gans
230 713 129 51 artlich
371 724 76 30 von
459 712 153 53 Fleiſch
599 707 32 62 /
623 719 105 40 Bein
740 725 76 36 vnd

52 767 115 48 Haut
178 766 205 49 zuſammen
393 767 114 55 geſctzt
516 776 21 37 /
550 769 92 45 Wie
653 776 94 39 denn
759 785 59 29 L.

51 824 128 35 ctantis
203 819 134 51 hituon
367 825 57 38 ein
453 823 143 52 ſchoͤnes
624 828 116 52 Buch
761 841 59 38 ge⸗

51 876 126 49 macht
197 876 69 45 (de
274 879 120 50 orrfcio
414 887 55 30 ds
484 883 36 46 D
533 880 35 50 ſo
578 882 93 42 wird
682 894 36 30 er
728 886 91 51 doch

53 931 70 41 viel
135 927 205 55 holdſeliger
358 937 73 37 vnd
443 935 140 52 luſnger
592 938 227 52 anzuſchaw⸗

53 990 75 36 en
98 983 45 66 /
139 995 114 31 wann
273 998 37 31 er
328 992 69 38 mit
417 993 174 49 zimlicher
608 991 211 54 Kleidung
786 983 33 66 /

56 1040 182 44 darinnen
250 1041 91 42 keie
351 1044 276 52 leichtfertigkeit
637 1049 58 51 iſt
686 1036 24 68 /
708 1060 112 40 ange⸗

54 1094 91 52 than
156 1097 59 49 iſt
203 1090 34 68 /
231 1094 63 44 Wit
341 1100 53 39 die
404 1098 197 55 erfahrung
612 1104 208 50 ausweifet.

55 1147 92 52 Aiſo
175 1149 139 44 koͤnnen
342 1164 78 31 nun
449 1154 104 51 fůnff
567 1157 170 53 vrſachen
757 1163 62 38 der

56 1202 187 54 Kleidung
254 1218 202 42 angciogen
469 1216 151 37 werden.
640 1208 92 57 Zivo
744 1225 74 31 aus

56 1260 80 43 dem
149 1257 132 53 Erſten
292 1260 129 46 Stuͤck
432 1267 106 49 dieſes
549 1264 268 56 Theüs
685 1253 36 71 /
726 1266 90 54 Vnd

149 1317 54 41 die
222 1322 139 38 andern
381 1324 84 47 drey
493 1332 71 31 aus
594 1323 125 52 dieſem

219 1375 135 40 dritten
368 1372 219 49 Stuͤck
494 1368 34 67 /
527 1372 60 49 wie
598 1389 59 42 ge⸗

353 1432 109 40 melt/
475 1443 43 31 ec.

93 1550 53 16 1
361 1523 112 70 —
688 1524 121 107 Vom

770 1634 70 23 —
824 1630 20 37 —
