<?xml version="1.0" encoding="UTF-8"?>
<alto xmlns="http://www.loc.gov/standards/alto/ns-v3#" xmlns:xlink="http://www.w3.org/1999/xlink" xmlns:xsi="http://www.w3.org/2001/XMLSchema-instance" xsi:schemaLocation="http://www.loc.gov/standards/alto/ns-v3# http://www.loc.gov/alto/v3/alto-3-0.xsd">
	<Description>
		<MeasurementUnit>pixel</MeasurementUnit>
		<sourceImageInformation>
			<fileName>			</fileName>
		</sourceImageInformation>
		<OCRProcessing ID="OCR_0">
			<ocrProcessingStep>
				<processingSoftware>
					<softwareName>tesseract v4.1.0-elag2019</softwareName>
				</processingSoftware>
			</ocrProcessingStep>
		</OCRProcessing>
	</Description>
	<Layout>
		<Page WIDTH="1240" HEIGHT="1796" PHYSICAL_IMG_NR="0" ID="page_0">
			<PrintSpace HPOS="0" VPOS="0" WIDTH="1240" HEIGHT="1796">
				<TextBlock ID="block_0" HPOS="0" VPOS="0" WIDTH="164" HEIGHT="1796">
					<TextLine ID="line_0" HPOS="0" VPOS="0" WIDTH="164" HEIGHT="1796">
						<String ID="string_0" HPOS="0" VPOS="0" WIDTH="164" HEIGHT="1796" WC="0.95" CONTENT=" "/>
					</TextLine>
				</TextBlock>
				<TextBlock ID="block_1" HPOS="448" VPOS="102" WIDTH="784" HEIGHT="1511">
					<TextLine ID="line_1" HPOS="460" VPOS="102" WIDTH="770" HEIGHT="57">
						<String ID="string_1" HPOS="460" VPOS="102" WIDTH="128" HEIGHT="57" WC="0.86" CONTENT="Gerlich"/><SP WIDTH="10" VPOS="102" HPOS="588"/>
						<String ID="string_2" HPOS="598" VPOS="105" WIDTH="200" HEIGHT="52" WC="0.88" CONTENT="/redliche/"/><SP WIDTH="9" VPOS="105" HPOS="798"/>
						<String ID="string_3" HPOS="807" VPOS="102" WIDTH="147" HEIGHT="56" WC="0.93" CONTENT="ehrliche"/><SP WIDTH="18" VPOS="102" HPOS="954"/>
						<String ID="string_4" HPOS="972" VPOS="103" WIDTH="187" HEIGHT="49" WC="0.86" CONTENT="Weiber"/><SP WIDTH="-32" VPOS="103" HPOS="1159"/>
						<String ID="string_5" HPOS="1127" VPOS="95" WIDTH="35" HEIGHT="68" WC="0.73" CONTENT="/"/><SP WIDTH="14" VPOS="95" HPOS="1162"/>
						<String ID="string_6" HPOS="1176" VPOS="111" WIDTH="54" HEIGHT="43" WC="0.96" CONTENT="die"/>
					</TextLine>
					<TextLine ID="line_2" HPOS="461" VPOS="160" WIDTH="769" HEIGHT="55">
						<String ID="string_7" HPOS="461" VPOS="165" WIDTH="94" HEIGHT="50" WC="0.96" CONTENT="auch"/><SP WIDTH="18" VPOS="165" HPOS="555"/>
						<String ID="string_8" HPOS="573" VPOS="173" WIDTH="89" HEIGHT="42" WC="0.96" CONTENT="gern"/><SP WIDTH="20" VPOS="173" HPOS="662"/>
						<String ID="string_9" HPOS="682" VPOS="163" WIDTH="102" HEIGHT="52" WC="0.69" CONTENT="Ihren"/><SP WIDTH="19" VPOS="163" HPOS="784"/>
						<String ID="string_10" HPOS="803" VPOS="160" WIDTH="255" HEIGHT="54" WC="0.33" CONTENT="Shemennern"/><SP WIDTH="19" VPOS="160" HPOS="1058"/>
						<String ID="string_11" HPOS="1077" VPOS="163" WIDTH="153" HEIGHT="52" WC="0.92" CONTENT="gefallen"/>
					</TextLine>
					<TextLine ID="line_3" HPOS="460" VPOS="217" WIDTH="766" HEIGHT="54">
						<String ID="string_12" HPOS="460" VPOS="221" WIDTH="218" HEIGHT="50" WC="0.77" CONTENT="hetten/ond"/><SP WIDTH="12" VPOS="221" HPOS="678"/>
						<String ID="string_13" HPOS="690" VPOS="221" WIDTH="153" HEIGHT="48" WC="0.91" CONTENT="giengen"/><SP WIDTH="16" VPOS="221" HPOS="843"/>
						<String ID="string_14" HPOS="859" VPOS="217" WIDTH="88" HEIGHT="51" WC="0.96" CONTENT="doch"/><SP WIDTH="13" VPOS="217" HPOS="947"/>
						<String ID="string_15" HPOS="960" VPOS="219" WIDTH="96" HEIGHT="49" WC="0.96" CONTENT="nicht"/><SP WIDTH="11" VPOS="219" HPOS="1056"/>
						<String ID="string_16" HPOS="1067" VPOS="221" WIDTH="69" HEIGHT="40" WC="0.87" CONTENT="mit"/><SP WIDTH="10" VPOS="221" HPOS="1136"/>
						<String ID="string_17" HPOS="1146" VPOS="226" WIDTH="80" HEIGHT="38" WC="0.87" CONTENT="dem"/>
					</TextLine>
					<TextLine ID="line_4" HPOS="460" VPOS="272" WIDTH="769" HEIGHT="56">
						<String ID="string_18" HPOS="460" VPOS="272" WIDTH="270" HEIGHT="46" WC="0.86" CONTENT="Narrenwerck"/><SP WIDTH="11" VPOS="272" HPOS="730"/>
						<String ID="string_19" HPOS="741" VPOS="274" WIDTH="116" HEIGHT="41" WC="0.56" CONTENT="omb"/><SP WIDTH="-30" VPOS="274" HPOS="857"/>
						<String ID="string_20" HPOS="827" VPOS="266" WIDTH="34" HEIGHT="66" WC="0.64" CONTENT="/"/><SP WIDTH="12" VPOS="266" HPOS="861"/>
						<String ID="string_21" HPOS="873" VPOS="274" WIDTH="117" HEIGHT="39" WC="0.96" CONTENT="damit"/><SP WIDTH="11" VPOS="274" HPOS="990"/>
						<String ID="string_22" HPOS="1001" VPOS="273" WIDTH="81" HEIGHT="52" WC="0.89" CONTENT="heut"/><SP WIDTH="22" VPOS="273" HPOS="1082"/>
						<String ID="string_23" HPOS="1104" VPOS="285" WIDTH="40" HEIGHT="39" WC="0.96" CONTENT="zu"/><SP WIDTH="22" VPOS="285" HPOS="1144"/>
						<String ID="string_24" HPOS="1166" VPOS="285" WIDTH="63" HEIGHT="43" WC="0.96" CONTENT="tag"/>
					</TextLine>
					<TextLine ID="line_5" HPOS="459" VPOS="326" WIDTH="769" HEIGHT="55">
						<String ID="string_25" HPOS="459" VPOS="331" WIDTH="36" HEIGHT="50" WC="0.84" CONTENT="ſr"/><SP WIDTH="11" VPOS="331" HPOS="495"/>
						<String ID="string_26" HPOS="506" VPOS="332" WIDTH="68" HEIGHT="39" WC="0.93" CONTENT="viel"/><SP WIDTH="11" VPOS="332" HPOS="574"/>
						<String ID="string_27" HPOS="585" VPOS="328" WIDTH="201" HEIGHT="53" WC="0.84" CONTENT="vmbgehen"/><SP WIDTH="10" VPOS="328" HPOS="786"/>
						<String ID="string_28" HPOS="796" VPOS="336" WIDTH="20" HEIGHT="37" WC="0.65" CONTENT="/"/><SP WIDTH="22" VPOS="336" HPOS="816"/>
						<String ID="string_29" HPOS="838" VPOS="326" WIDTH="192" HEIGHT="44" WC="0.95" CONTENT="Sondern"/><SP WIDTH="12" VPOS="326" HPOS="1030"/>
						<String ID="string_30" HPOS="1042" VPOS="330" WIDTH="46" HEIGHT="50" WC="0.79" CONTENT="fie"/><SP WIDTH="10" VPOS="330" HPOS="1088"/>
						<String ID="string_31" HPOS="1098" VPOS="331" WIDTH="130" HEIGHT="49" WC="0.96" CONTENT="zierten"/>
					</TextLine>
					<TextLine ID="line_6" HPOS="459" VPOS="378" WIDTH="772" HEIGHT="58">
						<String ID="string_32" HPOS="459" VPOS="386" WIDTH="74" HEIGHT="50" WC="0.93" CONTENT="ſich"/><SP WIDTH="12" VPOS="386" HPOS="533"/>
						<String ID="string_33" HPOS="545" VPOS="392" WIDTH="19" HEIGHT="35" WC="0.92" CONTENT="/"/><SP WIDTH="11" VPOS="392" HPOS="564"/>
						<String ID="string_34" HPOS="575" VPOS="390" WIDTH="69" HEIGHT="37" WC="0.96" CONTENT="mit"/><SP WIDTH="11" VPOS="390" HPOS="644"/>
						<String ID="string_35" HPOS="655" VPOS="382" WIDTH="209" HEIGHT="54" WC="0.92" CONTENT="Gehorſam"/><SP WIDTH="10" VPOS="382" HPOS="864"/>
						<String ID="string_36" HPOS="874" VPOS="389" WIDTH="21" HEIGHT="39" WC="0.92" CONTENT="/"/><SP WIDTH="12" VPOS="389" HPOS="895"/>
						<String ID="string_37" HPOS="907" VPOS="378" WIDTH="118" HEIGHT="58" WC="0.93" CONTENT="Zucht"/><SP WIDTH="10" VPOS="378" HPOS="1025"/>
						<String ID="string_38" HPOS="1035" VPOS="391" WIDTH="21" HEIGHT="36" WC="0.92" CONTENT="/"/><SP WIDTH="10" VPOS="391" HPOS="1056"/>
						<String ID="string_39" HPOS="1066" VPOS="391" WIDTH="75" HEIGHT="37" WC="0.92" CONTENT="vnd"/><SP WIDTH="13" VPOS="391" HPOS="1141"/>
						<String ID="string_40" HPOS="1154" VPOS="383" WIDTH="77" HEIGHT="46" WC="0.91" CONTENT="Er-"/>
					</TextLine>
					<TextLine ID="line_7" HPOS="459" VPOS="437" WIDTH="771" HEIGHT="66">
						<String ID="string_41" HPOS="459" VPOS="442" WIDTH="231" HEIGHT="56" WC="0.90" CONTENT="barkeit/ond"/><SP WIDTH="19" VPOS="442" HPOS="690"/>
						<String ID="string_42" HPOS="709" VPOS="440" WIDTH="123" HEIGHT="41" WC="0.93" CONTENT="liebten"/><SP WIDTH="14" VPOS="440" HPOS="832"/>
						<String ID="string_43" HPOS="846" VPOS="442" WIDTH="50" HEIGHT="61" WC="0.92" CONTENT="jre"/><SP WIDTH="12" VPOS="442" HPOS="896"/>
						<String ID="string_44" HPOS="908" VPOS="437" WIDTH="184" HEIGHT="44" WC="0.46" CONTENT="Menne,"/>
					</TextLine>
					<TextLine ID="line_8" HPOS="520" VPOS="493" WIDTH="711" HEIGHT="68">
						<String ID="string_45" HPOS="520" VPOS="496" WIDTH="157" HEIGHT="65" WC="0.91" CONTENT="Heſter"/><SP WIDTH="13" VPOS="496" HPOS="677"/>
						<String ID="string_46" HPOS="690" VPOS="498" WIDTH="64" HEIGHT="48" WC="0.96" CONTENT="die"/><SP WIDTH="14" VPOS="498" HPOS="754"/>
						<String ID="string_47" HPOS="768" VPOS="494" WIDTH="201" HEIGHT="62" WC="0.93" CONTENT="Königin"/><SP WIDTH="14" VPOS="494" HPOS="969"/>
						<String ID="string_48" HPOS="983" VPOS="493" WIDTH="248" HEIGHT="68" WC="0.90" CONTENT="warreich/"/>
					</TextLine>
					<TextLine ID="line_9" HPOS="457" VPOS="560" WIDTH="775" HEIGHT="61">
						<String ID="string_49" HPOS="457" VPOS="571" WIDTH="78" HEIGHT="36" WC="0.92" CONTENT="vnd"/><SP WIDTH="28" VPOS="571" HPOS="535"/>
						<String ID="string_50" HPOS="563" VPOS="567" WIDTH="90" HEIGHT="51" WC="0.92" CONTENT="hette"/><SP WIDTH="26" VPOS="567" HPOS="653"/>
						<String ID="string_51" HPOS="679" VPOS="564" WIDTH="91" HEIGHT="50" WC="0.91" CONTENT="auch"/><SP WIDTH="28" VPOS="564" HPOS="770"/>
						<String ID="string_52" HPOS="798" VPOS="564" WIDTH="184" HEIGHT="50" WC="0.49" CONTENT="köſilichen"/><SP WIDTH="29" VPOS="564" HPOS="982"/>
						<String ID="string_53" HPOS="1011" VPOS="560" WIDTH="221" HEIGHT="61" WC="0.90" CONTENT="Schmuck/"/>
					</TextLine>
					<TextLine ID="line_10" HPOS="458" VPOS="613" WIDTH="770" HEIGHT="79">
						<String ID="string_54" HPOS="458" VPOS="631" WIDTH="101" HEIGHT="44" WC="0.96" CONTENT="Aber"/><SP WIDTH="11" VPOS="631" HPOS="559"/>
						<String ID="string_55" HPOS="570" VPOS="633" WIDTH="64" HEIGHT="40" WC="0.95" CONTENT="wie"/><SP WIDTH="12" VPOS="633" HPOS="634"/>
						<String ID="string_56" HPOS="646" VPOS="634" WIDTH="94" HEIGHT="37" WC="0.95" CONTENT="redet"/><SP WIDTH="12" VPOS="634" HPOS="740"/>
						<String ID="string_57" HPOS="752" VPOS="627" WIDTH="43" HEIGHT="65" WC="0.92" CONTENT="ſie"/><SP WIDTH="11" VPOS="627" HPOS="795"/>
						<String ID="string_58" HPOS="806" VPOS="632" WIDTH="144" HEIGHT="57" WC="0.49" CONTENT="datton?"/><SP WIDTH="14" VPOS="632" HPOS="950"/>
						<String ID="string_59" HPOS="964" VPOS="613" WIDTH="95" HEIGHT="65" WC="0.80" CONTENT="Ach"/><SP WIDTH="17" VPOS="613" HPOS="1059"/>
						<String ID="string_60" HPOS="1076" VPOS="617" WIDTH="152" HEIGHT="64" WC="0.90" CONTENT="HErr"/>
					</TextLine>
					<TextLine ID="line_11" HPOS="458" VPOS="681" WIDTH="773" HEIGHT="69">
						<String ID="string_61" HPOS="458" VPOS="699" WIDTH="99" HEIGHT="49" WC="0.68" CONTENT="ſage"/><SP WIDTH="11" VPOS="699" HPOS="557"/>
						<String ID="string_62" HPOS="568" VPOS="699" WIDTH="64" HEIGHT="51" WC="0.91" CONTENT="ſie)"/><SP WIDTH="13" VPOS="699" HPOS="632"/>
						<String ID="string_63" HPOS="645" VPOS="690" WIDTH="61" HEIGHT="46" WC="0.92" CONTENT="du"/><SP WIDTH="11" VPOS="690" HPOS="706"/>
						<String ID="string_64" HPOS="717" VPOS="681" WIDTH="192" HEIGHT="67" WC="0.90" CONTENT="weiſſeſt/"/><SP WIDTH="13" VPOS="681" HPOS="909"/>
						<String ID="string_65" HPOS="922" VPOS="690" WIDTH="91" HEIGHT="46" WC="0.96" CONTENT="das"/><SP WIDTH="20" VPOS="690" HPOS="1013"/>
						<String ID="string_66" HPOS="1033" VPOS="686" WIDTH="62" HEIGHT="59" WC="0.96" CONTENT="ich"/><SP WIDTH="14" VPOS="686" HPOS="1095"/>
						<String ID="string_67" HPOS="1109" VPOS="690" WIDTH="122" HEIGHT="57" WC="0.95" CONTENT="nieht"/>
					</TextLine>
					<TextLine ID="line_12" HPOS="457" VPOS="750" WIDTH="771" HEIGHT="78">
						<String ID="string_68" HPOS="457" VPOS="754" WIDTH="123" HEIGHT="58" WC="0.90" CONTENT="achte"/><SP WIDTH="21" VPOS="754" HPOS="580"/>
						<String ID="string_69" HPOS="601" VPOS="758" WIDTH="81" HEIGHT="47" WC="0.94" CONTENT="den"/><SP WIDTH="21" VPOS="758" HPOS="682"/>
						<String ID="string_70" HPOS="703" VPOS="752" WIDTH="238" HEIGHT="76" WC="0.93" CONTENT="herrlichen"/><SP WIDTH="28" VPOS="752" HPOS="941"/>
						<String ID="string_71" HPOS="969" VPOS="750" WIDTH="259" HEIGHT="66" WC="0.89" CONTENT="Schmuck/"/>
					</TextLine>
					<TextLine ID="line_13" HPOS="456" VPOS="820" WIDTH="770" HEIGHT="67">
						<String ID="string_72" HPOS="456" VPOS="828" WIDTH="84" HEIGHT="45" WC="0.55" CONTENT="den"/><SP WIDTH="15" VPOS="828" HPOS="540"/>
						<String ID="string_73" HPOS="555" VPOS="821" WIDTH="63" HEIGHT="60" WC="0.55" CONTENT="ich"/><SP WIDTH="14" VPOS="821" HPOS="618"/>
						<String ID="string_74" HPOS="632" VPOS="821" WIDTH="96" HEIGHT="64" WC="0.95" CONTENT="auff"/><SP WIDTH="14" VPOS="821" HPOS="728"/>
						<String ID="string_75" HPOS="742" VPOS="825" WIDTH="183" HEIGHT="47" WC="0.79" CONTENT="meinen"/><SP WIDTH="9" VPOS="825" HPOS="925"/>
						<String ID="string_76" HPOS="934" VPOS="816" WIDTH="184" HEIGHT="75" WC="0.79" CONTENT="Haupte"/><SP WIDTH="16" VPOS="816" HPOS="1118"/>
						<String ID="string_77" HPOS="1134" VPOS="833" WIDTH="92" HEIGHT="42" WC="0.83" CONTENT="tra-"/>
					</TextLine>
					<TextLine ID="line_14" HPOS="454" VPOS="888" WIDTH="775" HEIGHT="67">
						<String ID="string_78" HPOS="454" VPOS="902" WIDTH="72" HEIGHT="50" WC="0.89" CONTENT="ge/"/><SP WIDTH="19" VPOS="902" HPOS="526"/>
						<String ID="string_79" HPOS="545" VPOS="901" WIDTH="129" HEIGHT="41" WC="0.0" CONTENT="wenn"/><SP WIDTH="14" VPOS="901" HPOS="674"/>
						<String ID="string_80" HPOS="688" VPOS="888" WIDTH="62" HEIGHT="59" WC="0.0" CONTENT="ich"/><SP WIDTH="11" VPOS="888" HPOS="750"/>
						<String ID="string_81" HPOS="761" VPOS="899" WIDTH="206" HEIGHT="53" WC="0.93" CONTENT="prangen"/><SP WIDTH="16" VPOS="899" HPOS="967"/>
						<String ID="string_82" HPOS="983" VPOS="898" WIDTH="132" HEIGHT="44" WC="0.88" CONTENT="mus/"/><SP WIDTH="21" VPOS="898" HPOS="1115"/>
						<String ID="string_83" HPOS="1136" VPOS="891" WIDTH="93" HEIGHT="64" WC="0.9" CONTENT="ſono"/>
					</TextLine>
					<TextLine ID="line_15" HPOS="453" VPOS="956" WIDTH="774" HEIGHT="67">
						<String ID="string_84" HPOS="453" VPOS="956" WIDTH="330" HEIGHT="67" WC="0.64" CONTENT="dernhaltecs/"/><SP WIDTH="27" VPOS="956" HPOS="783"/>
						<String ID="string_85" HPOS="810" VPOS="965" WIDTH="86" HEIGHT="44" WC="0.84" CONTENT="wie"/><SP WIDTH="23" VPOS="965" HPOS="896"/>
						<String ID="string_86" HPOS="919" VPOS="961" WIDTH="72" HEIGHT="49" WC="0.93" CONTENT="ein"/><SP WIDTH="21" VPOS="961" HPOS="991"/>
						<String ID="string_87" HPOS="1012" VPOS="964" WIDTH="215" HEIGHT="50" WC="0.80" CONTENT="vnreines"/>
					</TextLine>
					<TextLine ID="line_16" HPOS="453" VPOS="1025" WIDTH="317" HEIGHT="67">
						<String ID="string_88" HPOS="453" VPOS="1025" WIDTH="212" HEIGHT="60" WC="0.3" CONTENT="Tuch/."/><SP WIDTH="102" VPOS="1025" HPOS="665"/>
						<String ID="string_89" HPOS="767" VPOS="1090" WIDTH="3" HEIGHT="2" WC="0.9" CONTENT="—"/>
					</TextLine>
					<TextLine ID="line_17" HPOS="503" VPOS="1089" WIDTH="721" HEIGHT="55">
						<String ID="string_90" HPOS="503" VPOS="1094" WIDTH="83" HEIGHT="49" WC="0.96" CONTENT="Ach"/><SP WIDTH="20" VPOS="1094" HPOS="586"/>
						<String ID="string_91" HPOS="606" VPOS="1102" WIDTH="82" HEIGHT="30" WC="0.96" CONTENT="was"/><SP WIDTH="13" VPOS="1102" HPOS="688"/>
						<String ID="string_92" HPOS="701" VPOS="1091" WIDTH="39" HEIGHT="52" WC="0.96" CONTENT="iſt"/><SP WIDTH="21" VPOS="1091" HPOS="740"/>
						<String ID="string_93" HPOS="761" VPOS="1093" WIDTH="59" HEIGHT="40" WC="0.96" CONTENT="der"/><SP WIDTH="20" VPOS="1093" HPOS="820"/>
						<String ID="string_94" HPOS="840" VPOS="1089" WIDTH="160" HEIGHT="45" WC="0.48" CONTENT="Weiber"/><SP WIDTH="12" VPOS="1089" HPOS="1000"/>
						<String ID="string_95" HPOS="1012" VPOS="1090" WIDTH="123" HEIGHT="54" WC="0.96" CONTENT="ſchöne"/><SP WIDTH="12" VPOS="1090" HPOS="1135"/>
						<String ID="string_96" HPOS="1147" VPOS="1092" WIDTH="77" HEIGHT="42" WC="0.95" CONTENT="vnd"/>
					</TextLine>
					<TextLine ID="line_18" HPOS="452" VPOS="1145" WIDTH="773" HEIGHT="55">
						<String ID="string_97" HPOS="452" VPOS="1147" WIDTH="124" HEIGHT="52" WC="0.64" CONTENT="Geſialt"/><SP WIDTH="11" VPOS="1147" HPOS="576"/>
						<String ID="string_98" HPOS="587" VPOS="1151" WIDTH="135" HEIGHT="37" WC="0.95" CONTENT="anders"/><SP WIDTH="15" VPOS="1151" HPOS="722"/>
						<String ID="string_99" HPOS="737" VPOS="1152" WIDTH="91" HEIGHT="36" WC="0.91" CONTENT="denn"/><SP WIDTH="12" VPOS="1152" HPOS="828"/>
						<String ID="string_100" HPOS="840" VPOS="1145" WIDTH="236" HEIGHT="55" WC="0.86" CONTENT="Augenwehe"/><SP WIDTH="11" VPOS="1145" HPOS="1076"/>
						<String ID="string_101" HPOS="1087" VPOS="1153" WIDTH="21" HEIGHT="37" WC="0.92" CONTENT="/"/><SP WIDTH="19" VPOS="1153" HPOS="1108"/>
						<String ID="string_102" HPOS="1127" VPOS="1145" WIDTH="98" HEIGHT="46" WC="0.96" CONTENT="Wie"/>
					</TextLine>
					<TextLine ID="line_19" HPOS="452" VPOS="1199" WIDTH="773" HEIGHT="56">
						<String ID="string_103" HPOS="452" VPOS="1202" WIDTH="202" HEIGHT="50" WC="0.88" CONTENT="Alexander"/><SP WIDTH="20" VPOS="1202" HPOS="654"/>
						<String ID="string_104" HPOS="674" VPOS="1213" WIDTH="77" HEIGHT="31" WC="0.96" CONTENT="von"/><SP WIDTH="22" VPOS="1213" HPOS="751"/>
						<String ID="string_105" HPOS="773" VPOS="1207" WIDTH="65" HEIGHT="35" WC="0.2" CONTENT="den"/><SP WIDTH="10" VPOS="1207" HPOS="838"/>
						<String ID="string_106" HPOS="848" VPOS="1200" WIDTH="211" HEIGHT="55" WC="0.2" CONTENT="Perſiſchen"/><SP WIDTH="12" VPOS="1200" HPOS="1059"/>
						<String ID="string_107" HPOS="1071" VPOS="1199" WIDTH="154" HEIGHT="56" WC="0.85" CONTENT="Jungk-"/>
					</TextLine>
					<TextLine ID="line_20" HPOS="450" VPOS="1256" WIDTH="775" HEIGHT="54">
						<String ID="string_108" HPOS="450" VPOS="1257" WIDTH="142" HEIGHT="51" WC="0.91" CONTENT="frawen"/><SP WIDTH="15" VPOS="1257" HPOS="592"/>
						<String ID="string_109" HPOS="607" VPOS="1256" WIDTH="96" HEIGHT="52" WC="0.83" CONTENT="ſaget"/><SP WIDTH="10" VPOS="1256" HPOS="703"/>
						<String ID="string_110" HPOS="713" VPOS="1264" WIDTH="20" HEIGHT="34" WC="0.83" CONTENT="/"/><SP WIDTH="12" VPOS="1264" HPOS="733"/>
						<String ID="string_111" HPOS="745" VPOS="1259" WIDTH="52" HEIGHT="39" WC="0.95" CONTENT="die"/><SP WIDTH="9" VPOS="1259" HPOS="797"/>
						<String ID="string_112" HPOS="806" VPOS="1269" WIDTH="37" HEIGHT="29" WC="0.96" CONTENT="er"/><SP WIDTH="11" VPOS="1269" HPOS="843"/>
						<String ID="string_113" HPOS="854" VPOS="1260" WIDTH="90" HEIGHT="50" WC="0.93" CONTENT="auch"/><SP WIDTH="12" VPOS="1260" HPOS="944"/>
						<String ID="string_114" HPOS="956" VPOS="1262" WIDTH="157" HEIGHT="39" WC="0.91" CONTENT="darumb"/><SP WIDTH="12" VPOS="1262" HPOS="1113"/>
						<String ID="string_115" HPOS="1125" VPOS="1259" WIDTH="100" HEIGHT="50" WC="0.87" CONTENT="nichk"/>
					</TextLine>
					<TextLine ID="line_21" HPOS="448" VPOS="1310" WIDTH="773" HEIGHT="54">
						<String ID="string_116" HPOS="448" VPOS="1312" WIDTH="65" HEIGHT="52" WC="0.96" CONTENT="für"/><SP WIDTH="18" VPOS="1312" HPOS="513"/>
						<String ID="string_117" HPOS="531" VPOS="1312" WIDTH="69" HEIGHT="51" WC="0.95" CONTENT="ſcin"/><SP WIDTH="22" VPOS="1312" HPOS="600"/>
						<String ID="string_118" HPOS="622" VPOS="1311" WIDTH="157" HEIGHT="53" WC="0.95" CONTENT="Geſicht"/><SP WIDTH="19" VPOS="1311" HPOS="779"/>
						<String ID="string_119" HPOS="798" VPOS="1316" WIDTH="91" HEIGHT="38" WC="0.93" CONTENT="wolt"/><SP WIDTH="18" VPOS="1316" HPOS="889"/>
						<String ID="string_120" HPOS="907" VPOS="1314" WIDTH="168" HEIGHT="40" WC="0.86" CONTENT="komnten"/><SP WIDTH="19" VPOS="1314" HPOS="1075"/>
						<String ID="string_121" HPOS="1094" VPOS="1310" WIDTH="127" HEIGHT="53" WC="0.83" CONTENT="laſſen."/>
					</TextLine>
					<TextLine ID="line_22" HPOS="448" VPOS="1365" WIDTH="775" HEIGHT="56">
						<String ID="string_122" HPOS="448" VPOS="1367" WIDTH="114" HEIGHT="54" WC="0.69" CONTENT="Item"/><SP WIDTH="10" VPOS="1367" HPOS="562"/>
						<String ID="string_123" HPOS="572" VPOS="1374" WIDTH="21" HEIGHT="34" WC="0.69" CONTENT="/"/><SP WIDTH="11" VPOS="1374" HPOS="593"/>
						<String ID="string_124" HPOS="604" VPOS="1365" WIDTH="79" HEIGHT="45" WC="0.93" CONTENT="Ein"/><SP WIDTH="13" VPOS="1365" HPOS="683"/>
						<String ID="string_125" HPOS="696" VPOS="1365" WIDTH="186" HEIGHT="54" WC="0.91" CONTENT="Fewriges"/><SP WIDTH="15" VPOS="1365" HPOS="882"/>
						<String ID="string_126" HPOS="897" VPOS="1366" WIDTH="211" HEIGHT="52" WC="0.92" CONTENT="Schwerdt"/><SP WIDTH="10" VPOS="1366" HPOS="1108"/>
						<String ID="string_127" HPOS="1118" VPOS="1371" WIDTH="23" HEIGHT="38" WC="0.92" CONTENT="/"/><SP WIDTH="12" VPOS="1371" HPOS="1141"/>
						<String ID="string_128" HPOS="1153" VPOS="1369" WIDTH="70" HEIGHT="41" WC="0.96" CONTENT="wie"/>
					</TextLine>
					<TextLine ID="line_23" HPOS="448" VPOS="1419" WIDTH="774" HEIGHT="78">
						<String ID="string_129" HPOS="448" VPOS="1434" WIDTH="263" HEIGHT="63" WC="0.92" CONTENT="Hieronymus"/><SP WIDTH="12" VPOS="1434" HPOS="711"/>
						<String ID="string_130" HPOS="723" VPOS="1432" WIDTH="109" HEIGHT="53" WC="0.91" CONTENT="ſaget."/><SP WIDTH="58" VPOS="1432" HPOS="832"/>
						<String ID="string_131" HPOS="890" VPOS="1419" WIDTH="160" HEIGHT="59" WC="0.96" CONTENT="Denn"/><SP WIDTH="20" VPOS="1419" HPOS="1050"/>
						<String ID="string_132" HPOS="1070" VPOS="1421" WIDTH="152" HEIGHT="67" WC="0.96" CONTENT="ſchöne"/>
					</TextLine>
					<TextLine ID="line_24" HPOS="448" VPOS="1485" WIDTH="755" HEIGHT="128">
						<String ID="string_133" HPOS="448" VPOS="1485" WIDTH="183" HEIGHT="58" WC="0.92" CONTENT="Weiber"/><SP WIDTH="16" VPOS="1485" HPOS="631"/>
						<String ID="string_134" HPOS="647" VPOS="1499" WIDTH="123" HEIGHT="55" WC="0.33" CONTENT="Cfaget"/><SP WIDTH="12" VPOS="1499" HPOS="770"/>
						<String ID="string_135" HPOS="782" VPOS="1498" WIDTH="164" HEIGHT="56" WC="0.80" CONTENT="Sprach"/><SP WIDTH="11" VPOS="1498" HPOS="946"/>
						<String ID="string_136" HPOS="957" VPOS="1515" WIDTH="37" HEIGHT="39" WC="0.84" CONTENT="9."/><SP WIDTH="13" VPOS="1515" HPOS="994"/>
						<String ID="string_137" HPOS="1007" VPOS="1499" WIDTH="121" HEIGHT="55" WC="0.46" CONTENT="Cap.)"/><SP WIDTH="8" VPOS="1499" HPOS="1128"/>
						<String ID="string_138" HPOS="1136" VPOS="1489" WIDTH="67" HEIGHT="124" WC="0.46" CONTENT="20"/>
					</TextLine>
					<TextLine ID="line_25" HPOS="1165" VPOS="1567" WIDTH="56" HEIGHT="46">
						<String ID="string_139" HPOS="1165" VPOS="1567" WIDTH="56" HEIGHT="46" WC="0.71" CONTENT="en"/>
					</TextLine>
				</TextBlock>
			</PrintSpace>
		</Page>
	</Layout>
</alto>
