1240 1796
0 96 2 21 |

0 120 3 28 |

36 78 92 55 Alſo
155 74 92 54 auch
266 73 53 45 die
330 69 132 47 Leute
436 59 30 78 /
480 67 53 46 die
550 66 91 56 doch
662 63 141 57 fonften

38 149 83 43 zum
147 133 84 54 theil
258 142 77 32 von
361 127 133 47 Natur
512 130 106 44 darzu
638 125 166 51 geneiget

39 197 92 52 ſein/
142 191 140 42 können
292 186 109 51 ſolche
413 181 163 47 Stolte/
589 172 216 64 Hoffertige

2 259 2 2 -
40 245 207 53 HMenfchen
262 242 210 46 pbelleiden,
522 235 107 46 Bnd
624 230 54 72 ob
684 230 60 72 fie
744 230 60 72 fie

41 305 111 54 gleich
162 302 130 42 dulden
304 294 165 55 müſſen
444 288 20 75 /
488 292 36 52 ſo
544 293 78 51 ſind
643 291 47 48 ſie
710 290 93 49 doch

42 366 54 41 im
113 359 153 52 Hergen
285 355 67 41 mik
371 352 104 52 ihnen
496 349 76 44 vbel
584 357 39 41 zu
639 345 163 53 frieden/

41 421 79 41 pnd
131 414 78 51 ſind
221 411 107 52 jhnen
338 409 83 41 vber
431 408 55 39 ein
497 402 124 53 Achſel
631 397 9 72 /
670 401 137 52 ſolang

32 465 70 59 'biß
121 478 88 33 man
229 468 49 52 ſie
303 466 103 51 beym
424 459 160 55 Ohrlein
602 456 206 51 erwiſchet/

44 533 49 39 da
113 526 114 53 fpielet
247 533 89 32 man
355 524 91 36 denn
458 522 67 37 das
537 512 188 53 Depofuie
736 513 72 40 mit

46 584 185 50 jnen/ond
241 575 185 46 vertreibet
436 573 106 57 Ihnen
553 576 66 37 den
632 562 174 62 Jürwig,

0 636 247 59 Erempel;

107 748 37 40 1.
238 727 91 61 So
352 725 206 56 baldeein
572 720 123 69 Herr
708 723 103 50 oder

50 801 117 53 Fraw
188 800 50 43 im
259 796 123 52 Hauſe
393 801 60 37 des
466 792 205 54 Hoffarths
684 799 126 43 gewar

50 861 94 40 wird
156 866 61 31 am
231 853 163 53 Geſinde
404 858 18 36 /
434 850 36 52 ſo
482 851 82 40 ba!d
577 848 167 42 kommen
758 845 54 40 die

52 910 245 48 Gedancken:
316 906 86 45 Wo
414 909 119 48 nimpt
546 913 111 34 mans
669 907 15 35 ?
695 897 118 48 Viel-

51 970 104 49 leicht
168 974 111 43 treget
290 974 87 33 man
388 965 76 41 dirs
476 961 60 41 abe
547 964 16 35 ?
585 955 228 54 Jtem/man

52 1025 103 51 ſagt
145 1009 28 71 :
174 1019 118 47 Mein
309 1018 170 50 Knecht
460 1009 37 71 /
499 1013 136 48 Meine
640 1004 176 61 Dirne/

53 1083 144 38 werden
216 1077 74 41 mir
307 1084 41 42 zu
369 1073 175 52 herrlich
530 1063 35 67 /
570 1067 81 44 Sie
671 1069 145 39 werden

54 1132 295 49 mirindielenge
360 1129 93 50 nicht
465 1126 125 51 tügen.
609 1121 74 44 Da
695 1121 124 47 macht

3 1218 3 2 .
55 1200 92 31 man
167 1192 93 36 denn
279 1196 69 42 gar
366 1185 78 42 bald
464 1178 197 55 Liechtmeß
673 1177 68 43 mit
754 1173 65 55 ſol-

59 1246 103 52 chcm
178 1239 178 56 Geſinde,

121 1352 43 39 2;
221 1333 310 66 Dergemeine
562 1322 147 82 Nanu
716 1326 107 69 hat

59 1407 58 43 ein
128 1405 89 51 Aug
229 1402 84 51 auff
329 1409 52 37 die
391 1401 144 45 Diener
546 1405 61 37 der
624 1397 198 45 Gemeine,

61 1459 108 58 Bud
190 1460 33 55 [v
245 1461 80 44 bald
345 1461 92 45 eincr
457 1458 68 54 ſich
537 1458 57 56 ein
607 1455 119 52 wenig
737 1453 87 43 ober

520 1509 111 48 Gy
770 1510 55 43 die
