1240 1796
0 1504 180 50 Beputzt
161 1496 23 69 /
205 1510 61 35 Der
280 1500 187 58 Keuſcheit
475 1504 102 54 ſelten
588 1514 107 41 nußt.

56 60 118 48 Ward
188 76 34 27 es
230 68 71 42 alſo
310 72 114 35 drumb
433 69 154 49 gewans
558 56 33 66 /

131 115 78 33 —
260 114 186 42 —
477 106 70 60 ⏑⏑ct
547 121 98 36 —
646 118 94 44 9

138 193 70 48 Ob
226 201 69 39 das
316 200 95 52 nicht
430 203 73 42 eine
531 202 121 54 ſchoͤne
672 219 145 32 verma⸗

52 259 128 44 nunge
189 260 20 35 /
221 255 101 41 wolle
331 257 57 40 ein
402 259 92 44 jeder
513 256 303 61 Vernuͤnfftiger

54 305 161 54 Menſch
228 309 204 53 behersigen
442 317 22 38 /
484 312 61 52 Ja
559 319 105 39 wolte
685 318 131 44 Gole⸗

51 364 71 40 das
143 362 85 52 dieſe
245 363 112 51 Regel
379 368 89 52 auch
488 370 62 50 dey
561 382 73 30 vns
646 373 167 53 gehalten

48 417 156 41 wuͤrde
177 413 22 64 /
216 418 33 51 ſo
261 421 122 41 wuͤrde
403 432 40 32 es
462 426 85 40 vmb
556 428 54 39 die
621 426 132 43 Leuke/
769 433 43 38 in

46 472 97 51 jhrer
154 470 136 57 Nahrung
296 482 68 44 /
375 474 143 53 fuͤrwar
529 483 87 51 auch
634 482 102 54 beſſer
750 485 60 52 ſic⸗

47 526 70 54 hen
127 531 21 37 /
159 530 92 41 denn
263 541 39 30 es
313 533 71 46 ſetzt
396 532 115 54 ſtehet.

163 594 68 31 enn
241 596 39 31 es
292 586 82 41 aber
383 592 90 46 dazu
487 588 166 44 kommen
633 582 64 64 ſol
703 595 28 40 /
736 590 73 52 wie

42 647 42 31 es
112 639 106 41 leider
244 642 90 48 allzu
364 640 74 54 ſehr
455 643 165 44 kommen
640 648 67 50 iſt
691 635 34 67 /
730 655 76 38 das

0 694 217 42 Bawern
228 693 187 46 Sammet
425 703 73 36 vnd
511 697 147 46 Seiden
671 711 132 46 tragen

40 749 153 41 wollen
166 744 23 68 /
203 754 44 35 da
258 750 99 51 gehet
369 754 70 38 das
450 756 68 39 alte
529 752 273 56 Sprichwort:

38 799 98 56 Ein
173 801 310 71 Weidentopff
507 815 91 47 vnd
632 813 168 64 ſioltzen

0 866 315 68 Bawrn
200 862 45 89 /
244 866 71 68 ſol
326 883 110 47 man
451 880 45 48 in
508 882 101 62 drey
615 862 182 89 Jahren

38 932 228 75 behawen.

86 1004 103 43 Wer
200 1009 87 39 weis
297 1011 23 37 /
330 1007 121 56 woher
460 1008 70 54 ſich
550 1012 71 48 fetzt
630 1014 54 43 die
693 1017 103 52 groſ⸗

3 1056 90 53 ſen
112 1058 260 56 Schatzungen
392 1067 231 50 derurſachen
638 1074 17 35 /
679 1070 114 45 Wenl

31 1116 74 48 ſeet
115 1119 59 39 der
183 1117 145 41 Bawer
342 1120 67 42 mit
425 1120 107 50 ſeiner
541 1119 165 56 Tochter
716 1128 75 52 ſich

0 1168 105 51 Alſo
123 1168 122 54 herfuͤr
256 1172 139 53 hricht
381 1164 26 75 /
406 1177 66 38 wie
480 1179 57 56 ein
546 1188 100 32 arme
669 1178 121 56 Gref⸗

0 1222 118 52 ſin/
145 1223 79 54 Ach
234 1227 144 52 vbriger
388 1230 158 51 Hoffart
556 1233 129 52 wehret
696 1239 91 50 doch

27 1280 57 40 die
104 1281 96 49 lenge
220 1284 126 48 nicht
332 1276 24 70 /
365 1289 75 36 vnd
459 1289 178 53 gewinnet
655 1294 131 47 gemei⸗

26 1334 131 52 niglich
172 1336 99 40 einen
293 1337 101 50 boͤſen
406 1341 210 51 nachkiang.

110 1392 119 37 tæmina
248 1394 76 35 culta
341 1397 104 43 nimis,
461 1399 122 36 Fæmina
593 1401 77 47 caſta
680 1403 108 46 miiuc.

4 1436 121 76 ſagen
139 1448 52 38 die
241 1455 113 33 Poeten.
393 1446 96 45 Dan
501 1453 61 47 iſt:
588 1436 94 76 Allzu
704 1454 73 54 ſehr

654 1561 123 50 Vom
