1240 1796
54 105 161 46 darumb
236 103 37 58 iſt
291 114 38 35 es
348 104 204 55 mirfolich.
591 110 79 57 ch
683 108 143 54 binvor

54 167 94 46 auch
166 164 53 52 hie
239 164 152 51 geweſen
411 178 49 29 an
480 173 60 36 der
559 166 142 55 Thür,
717 185 37 29 ın
775 179 48 36 eis

52 227 87 33 nem
167 220 185 49 ſchlechten
379 220 149 47 Rocke
501 216 32 61 /
545 228 45 36 da
612 231 86 35 wolt
728 241 93 29 man

51 275 97 49 mich
160 276 96 49 nicht
266 274 166 58 einlaſſen
445 291 18 28 /
487 278 97 43 Aber
596 284 69 42 jest
685 287 133 38 indem

50 326 291 56 Icheinbarlichen
368 330 107 46 Kleid
495 336 62 41 bin
576 337 52 51 ich
647 340 172 50 cingelafs

48 381 57 52 fen
121 389 165 37 worden.

81 491 42 39 2,
193 475 240 60 Einander
453 481 363 69 faſidergleichen

48 543 178 54 Exempel
256 548 160 51 ſchreibet
446 561 79 29 Fran.
538 539 117 68 Eetrar.
674 568 77 30 von
771 563 47 36 cis

47 609 86 33 nem
164 601 182 53 föllichen
372 604 146 44 Redner
544 620 75 30 von
652 611 167 53 Padua/

46 657 43 42 in
107 653 233 56 Lateinifcher
367 666 75 36 ond
470 659 186 57 Welfcher
676 666 140 54 Spras

45 712 62 49 che
136 710 74 53 ſchr
237 716 72 38 wol
336 716 116 42 beredt
470 723 20 37 /
510 723 63 37 des
602 720 72 42 Lob
701 727 113 48 gieng

45 767 114 50 durch
168 775 99 42 gang
278 766 176 54 alien
431 762 24 67 /
467 778 74 35 und
552 774 74 51 hies
638 779 71 39 mie
725 776 86 45 Wa:

46 830 85 32 men
141 819 205 53 Donatus.
377 821 85 56 Zur
475 828 106 49 ſelben
592 835 63 44 zeit
676 843 82 30 war
767 846 44 37 zu

45 873 140 55 Padua
206 878 36 40 in
258 881 58 39 der
326 881 258 51 Herrſchafft
560 869 34 67 /
604 889 54 38 cin
670 885 142 45 Newer

46 929 152 53 Fichter
208 936 21 39 /
241 936 58 38 der
310 933 58 53 ſaß
378 945 41 41 zu
431 935 169 54 Gericht.
638 940 172 45 Oakam

43 987 192 41 einarmer
243 989 158 52 Bürger
411 1001 39 40 zu
463 989 267 48 Donato/ond
743 1000 63 40 bat

46 1039 64 52 ihn
121 1047 22 40 /
162 1039 61 44 Ex
234 1048 104 37 wolte
348 1048 67 40 mit
426 1047 91 51 jhme
528 1051 109 50 gehen
657 1051 64 43 für
741 1055 69 41 den

44 1104 127 34 newen
183 1095 173 55 Nichter/
364 1106 73 37 ond
450 1104 73 51 hm
534 1103 69 51 ſein
620 1104 120 44 Wort
752 1119 55 30 re-

44 1152 84 38 den.
174 1149 192 47 Donatus
384 1157 89 50 leget
499 1160 57 40 ein
582 1158 226 54 Schlechtes

41 1202 176 46 Röcklein
236 1213 81 39 an
287 1198 38 73 /
334 1215 75 37 vnd
428 1212 80 41 kam
530 1212 61 52 für
610 1220 66 36 den
695 1216 115 51 Rich

43 1263 84 40 ter
101 1255 27 71 /
141 1259 99 55 fieng
250 1268 81 38 an
300 1255 28 71 /
349 1268 74 40 eine
434 1267 176 53 einfeltige
627 1269 100 43 Rede
749 1282 59 40 zu-

44 1313 173 52 thun
140 1309 19 70 /
171 1309 66 70 in
237 1315 265 58 Welſch
390 1309 27 70 /
425 1315 77 58 von
521 1334 122 41 wegen
664 1332 63 35 des
747 1339 61 29 ar-

43 1378 86 33 men
148 1368 193 49 Mannes.
378 1373 87 45 Der
481 1377 149 52 Richter
648 1380 58 51 fiel
727 1382 80 51 hm

43 1420 201 47 drein/vnd
260 1428 122 54 ſprach
393 1442 39 39 zu
444 1432 95 53 ihm:
557 1433 143 55 Kanſtu
713 1440 93 48 auch

43 1474 152 49 Latein?
222 1480 61 46 Er
300 1484 152 56 ſprach
433 1470 20 76 /
469 1487 92 55 Ja/
581 1493 57 41 ein
641 1487 159 110 wenig:

332 1553 13 7 -
744 1548 63 41 Zer
