1240 1796
6 110 41 47 in
68 104 148 46 Sicilia
228 102 211 52 auswirffe.
519 103 78 49 Da
608 109 107 41 ward
727 109 60 42 ein

5 160 257 61 gramfamlich
298 161 163 53 geſchrey
499 162 150 53 gehöret
661 167 23 39 /
715 167 73 39 das

7 219 126 55 ſprach
144 219 73 48 alſo
228 229 10 29 :
258 214 175 55 Patron/
449 215 236 54 Schiffman
695 224 21 39 /
726 217 64 44 Er

8 275 72 54 gab
90 274 78 52 jhm
181 272 77 43 kein
276 280 183 35 antwort.
489 271 194 54 Darnach
703 275 85 42 kam

7 331 94 50 noch
129 329 75 41 eine
235 327 232 52 grauſamere
496 326 186 47 Stimme
692 336 21 40 /
733 333 57 55 die

4 385 150 55 ſprach:
185 380 233 53 Schiffman
429 388 21 38 /
472 382 170 55 Patron.
724 382 66 46 Er

6 440 153 52 ſchweig
169 438 83 41 aber
263 438 80 52 ſtill.
396 434 100 57 Zum
508 441 139 42 dritten
661 438 129 55 ſprach

8 495 55 44 die
74 491 338 45 Stimme/Wiltu
424 496 75 41 mir
509 497 100 49 nicht
621 504 170 35 antwor-

10 559 62 36 fen
85 557 20 37 /
124 547 36 52 ſo
172 549 61 40 wil
246 549 52 50 ich
310 553 71 37 das
402 547 144 53 Schiff
555 552 155 49 machen
722 562 70 30 vn-

10 603 181 53 kergehen.
211 600 82 46 Die
303 602 107 45 Leute
420 609 21 39 /
456 604 36 53 ſo
503 607 40 42 in
555 609 81 40 dem
649 603 147 54 Schiff

4 655 127 72 raren
148 658 364 59 mweineten/fchreyen
525 665 78 37 ond
616 661 175 53 fprachen

10 723 44 44 zu
65 718 81 38 dem
156 710 240 55 Schiſſman
406 720 21 37 /
446 713 62 45 Er
519 716 86 51 ſolte
620 724 172 37 antwors

13 770 125 51 geben,
184 765 89 49 Der
282 767 152 54 Patron
444 770 151 52 ſprach:
615 768 116 47 Was
743 772 51 42 bi-

13 826 83 53 fiu?
116 820 82 46 Die
211 822 180 45 Stimme
402 825 125 53 ſprach
539 838 12 30 :
562 824 80 55 Ich
650 827 70 50 bin
731 831 63 39 dex

12 877 169 53 Teuffel,
212 876 88 47 Der
310 877 233 54 Schiffman
554 882 102 52 ſagt
647 872 34 66 :
676 880 118 46 Was

6 936 113 42 wiltu
131 938 118 39 denn?
267 932 91 46 Der
366 932 293 58 Teuſfelſprach
671 950 12 31 ;
702 935 94 45 Sa-

13 1000 45 43 ge
76 993 81 39 dem
175 987 249 56 Stadthalter
442 995 64 40 des
517 990 190 53 Königs
677 983 34 66 /
718 996 75 39 das

15 1048 118 40 erden
147 1042 165 53 Geſellen
324 1048 99 51 nicht
433 1046 102 53 mehr
546 1047 132 51 ſuche
655 1038 26 67 /
696 1049 99 40 denn

13 1101 58 50 Ich
84 1099 69 53 hab
163 1099 63 52 jhn
236 1099 139 54 geholet
383 1106 22 40 /
416 1103 88 41 vmb
515 1101 112 52 ſeiner
648 1100 148 54 groſſen

14 1156 217 52 betriegerey
242 1158 208 43 willen/des
462 1153 250 58 Spiels/ond
723 1158 72 52 hab

9 1210 73 52 Ihn
93 1208 163 54 geführet
265 1213 40 43 in
316 1212 55 44 die
382 1213 127 49 Helle/
520 1217 48 36 da
579 1223 42 33 er
630 1213 165 51 ewiglich

16 1267 159 41 brennen
186 1270 114 42 mus
279 1260 41 63 /
320 1265 137 46 Wnnd
467 1269 70 41 lies
549 1271 66 38 der
630 1265 166 53 Frawen

16 1322 56 41 die
95 1318 141 46 Gürtel
246 1324 40 41 in
299 1326 71 39 das
381 1320 143 54 Schiff
531 1321 113 53 fallen
655 1328 21 37 /
687 1328 107 37 onnd

17 1374 149 54 ſprach:
185 1375 80 47 Die
276 1376 145 46 Gürtel
430 1378 61 50 gib
511 1377 113 52 ſeiner
634 1375 165 52 Frawen

18 1433 114 40 wider
143 1436 20 39 /
173 1444 37 32 er
220 1433 61 53 hat
292 1433 47 52 ſie
351 1435 39 42 in
411 1437 82 39 dem
512 1432 137 52 Buſen
668 1433 130 53 ficken

18 1485 147 55 gehabt,
243 1486 84 53 Die
347 1486 139 52 Gloſſa
501 1487 81 55 ſagt
592 1488 98 54 alſo:
707 1485 93 49 Der

402 1542 51 58 3.
643 1541 158 55 Zeuffel

1064 1748 48 48 nn
1149 1748 36 48 II
