1240 1796
408 131 207 56 Jeſus
634 124 166 57 Sytach
823 129 110 42 amꝰ?.
953 115 103 53 Cap.
1071 113 123 54 ſaget:

418 191 85 49 Die
522 188 231 47 Kledunze
726 166 39 78 /
784 178 138 52 Lachen
941 179 75 37 vnd
1040 170 151 52 Gang
1148 166 40 78 /

418 252 119 51 zeigen
558 246 100 40 einen
668 238 112 47 Man
795 246 63 31 an.
891 230 170 54 Freylich
1076 231 120 47 zeigen

421 307 50 51 fi
492 303 61 53 hn
573 311 62 28 an.
676 293 124 45 Denn
820 291 65 40 wie
906 296 93 34 man,
1021 287 38 38 in
1080 285 116 40 einem

420 358 169 53 Spiegel
606 353 114 53 ſihet
704 343 24 72 /
742 350 68 40 wie
831 347 94 39 einer
945 339 132 54 geſtalt
1109 348 90 30 aus⸗

425 416 173 48 wendig
569 394 37 74 /
619 405 87 52 Alſo
718 405 88 52 ſihet
822 412 89 31 man
930 398 93 48 auch
1046 395 82 40 bald
1148 402 84 31 an⸗

427 469 164 55 Federn
551 458 36 70 /
602 470 68 37 das
682 462 60 51 iſt
726 458 24 70 /
760 469 50 30 an
822 462 60 36 der
893 453 213 47 Kleidung
1075 446 42 62 /
1116 457 86 34 was

430 530 96 45 Aner
536 521 183 55 ſuwendig
738 514 65 54 fuͤr
814 515 56 42 ein
886 508 140 52 Vogel
1039 507 56 51 iſt.

515 618 174 49 Solchen
709 610 337 54 zerhaderlumpten
1073 597 134 45 Luten

433 678 82 58 ſind
534 675 118 46 erbare
672 667 105 49 Ltute
798 675 109 44 gram
924 664 76 40 vnd
1011 649 114 67 feind.

519 797 87 46 Der
617 796 101 52 Herr
727 789 205 56 Philippus
946 783 126 50 koͤmpt
1085 780 38 41 in
1135 778 77 42 eine

428 830 79 78 Kir
539 857 82 47 en/
634 856 36 38 in
683 852 115 39 einem
808 841 184 45 Stedlein
1005 846 18 34 /
1036 841 76 39 vnd
1125 834 89 52 ſihet

441 919 69 37 den
521 907 146 46 Eantor
679 904 102 50 fuͤrm
795 899 94 54 Pult
900 897 137 51 ſiehen
1007 888 36 72 /
1049 894 39 39 in
1098 892 118 38 einem

443 979 69 41 gar
531 967 130 42 kurtzen
678 957 151 45 Rocke⸗
856 953 150 52 ſchemet
1026 947 69 51 ſich
1118 945 99 48 nicht

443 1022 79 49 lfo
542 1030 40 40 zu
602 1017 110 52 ſtehen
732 1012 65 52 fuͤr
817 1007 148 46 Gottes
972 993 244 63 Angeſicht/

446 1080 76 39 vud
534 1075 66 41 vlel
611 1071 166 52 ehrlicher
790 1064 253 45 Matronen/
1066 1060 34 44 lo
1115 1058 105 43 dazu⸗

447 1133 79 41 mal
556 1138 80 40 zum
666 1120 294 52 Hochwirdigen
980 1111 241 44 Sacrament

449 1189 172 50 giengen.
654 1178 98 44 Das
767 1176 72 52 thet
852 1179 80 35 dem
953 1171 130 45 Herrn
1095 1161 127 53 hefftia

450 1218 94 78 Behe
549 1218 72 78 /ond
658 1235 96 50 ſagte
766 1226 154 51 drauff/
942 1222 140 45 Wenn
1094 1221 52 47 ich
1159 1222 65 37 des

453 1295 130 51 Orths
612 1285 298 55 Buͤrgermeiſter
933 1289 95 32 were
1047 1267 151 64 geweſen
1204 1271 15 41 /

511 1351 89 41 wolt
619 1349 52 50 ich
691 1345 64 53 jhn
780 1345 38 40 in
829 1338 155 45 Kercker
995 1329 161 55 verſieckt
1167 1328 62 50 ha⸗

482 1419 54 33 en.

540 1457 95 46 Wie
676 1452 147 45 Erbare
859 1448 107 44 Leute
1002 1439 229 47 Vnerbarer

460 1515 184 52 Kleidung
673 1519 110 45 gram
811 1507 111 55 ſind
905 1494 39 77 /
979 1498 91 53 Alſo
1091 1495 78 53 ſind
1183 1491 49 51 ſie

1109 1555 127 45 darge⸗
