1240 1796
416 94 64 56 fen
499 91 93 56 ſelbſt
609 88 164 57 Hoffart
792 88 218 53 getrieben
986 81 29 73 /
1027 91 73 43 und
1122 102 66 36 am

415 157 96 40 dern
523 156 108 44 darzu
648 144 178 56 geholffen
839 146 77 52 hat.

504 203 80 46 Ein
604 204 108 52 ſolche
733 213 78 31 war
822 204 57 39 die
900 199 154 53 fromme
1066 205 120 39 Thabes

417 271 47 46 zu
477 259 159 54 Joppen
658 262 14 42 (
688 257 84 44 Act.
784 264 64 43 9.)
872 259 144 49 welcher
1029 258 156 51 köſiliche

419 317 150 45 Kleider
579 324 21 38 /
619 317 53 40 die
683 314 45 50 ſie
747 314 166 50 gemacht
923 312 95 53 hatte
1030 321 18 37 /
1059 313 64 43 bey
1135 315 52 50 jh»

418 385 85 34 gem
530 373 96 41 leben
645 375 20 39 /
686 371 52 40 die
766 368 270 52 vmbſiehenden
1067 365 119 47 Wids

416 428 150 55 frawen
577 430 79 39 dem
674 424 149 54 heiligen
844 422 115 54 Petro
972 425 131 50 zeigen.

505 480 82 45 Ein
608 480 89 52 ſolch
715 477 184 54 Kunſtück
910 479 37 50 ijt
958 478 155 51 geweſen
1125 481 62 39 det

418 537 107 48 Ko
543 536 117 54 Jheſu
678 533 162 55 Chriſti/
852 536 108 50 durch
979 539 75 37 vnd
1073 535 114 51 durch

416 594 192 54 gewirc'et
618 598 20 35 /
649 603 77 30 von
736 590 87 41 oben
836 602 48 28 an
895 591 55 39 bis
963 598 112 34 onten
1086 594 98 36 aus/

418 651 160 50 welchen
597 648 73 52 ihm
683 646 86 50 ſeine
780 646 81 42 liebe
872 643 157 49 Matter
1041 643 144 49 Maria

418 704 162 55 geſtrickt
591 703 47 50 ſol
652 702 127 52 haben.

504 760 90 43 Aus
605 757 112 51 dieſen
729 754 190 45 Gründen
932 755 37 53 iſt
982 765 77 32 nun
1069 754 114 43 Funde

418 818 81 41 Ddnd
512 813 164 51 offenbar
687 819 19 35 /
725 815 68 37 das
805 809 130 46 GOtt
946 823 51 29 an
1009 811 178 50 zimlicher

419 870 191 51 Kleidung
620 871 102 38 einen
732 865 153 53 gefallen
897 872 124 47 trage/
1036 871 76 39 und
1124 872 64 37 dw

418 930 75 42 nit
504 928 72 42 wol
585 935 41 43 zu
636 922 134 54 frieden
781 920 70 55 ſey.

779 1041 60 31 11

545 1125 163 66 Gleich
720 1125 132 55 aber
834 1118 40 77 /
873 1129 85 51 wie
971 1124 127 58 Gott
1110 1128 81 52 da-

419 1197 73 44 eit
503 1204 187 44 zufrieden
694 1190 75 63 iſt/
787 1199 76 38 vnd
874 1207 40 31 es
936 1196 77 52 ihm
1032 1195 157 52 gefallen

417 1255 91 52 beſt
490 1242 36 69 /
526 1249 136 48 Wenn
681 1254 52 41 die
752 1248 106 46 Leute
875 1250 74 52 ſich
968 1254 93 50 nach
1080 1250 109 52 noth-

418 1306 121 52 durfft
561 1311 75 39 ond
664 1307 171 52 erbarlich
856 1307 187 42 bekieiden.
1095 1305 93 49 Alſo

418 1366 96 51 auch
525 1365 52 41 die
587 1361 204 52 Menſchen
801 1368 20 36 /
832 1364 40 40 in
882 1364 178 41 denendie
1079 1359 109 44 Sin-

417 1431 47 34 ne
483 1420 98 50 nicht
607 1416 211 45 verrucket
792 1412 32 62 /
838 1417 158 49 ſondern
1014 1418 97 42 eines
1132 1426 56 31 ers

418 1477 96 46 barn
526 1473 172 50 Gemäuts
708 1478 75 43 vnd
794 1471 168 52 Gebläts
973 1472 86 52 ſein.
1087 1468 100 113 ar

1144 1535 44 37 cn
