2081 2704
721 108 799 187 A

109 228 1429 362 TREATISE

526 411 1011 469 TOUCHING

114 489 693 571 FALLING
943 493 1426 580 GRACE.
725 494 911 573 from

707 597 844 650 OR

116 1103 432 1157 Whereunto
446 1103 485 1152 is
504 1104 669 1154 added
700 1104 917 1156 thirteen
944 1104 1164 1156 Reaons
1196 1117 1251 1153 to
1283 1118 1442 1171 prove

176 1168 262 1211 that
281 1166 470 1212 Believers
481 1182 577 1227 may
591 1167 666 1212 fall
679 1171 816 1231 totally
840 1170 921 1213 and
943 1168 1087 1231 finally
1119 1170 1222 1214 from
1236 1171 1383 1222 Grace,

205 1227 286 1270 and
297 1241 414 1288 many
428 1224 639 1286 profitable
652 1235 742 1274 Ues
756 1229 926 1290 flowing
937 1229 1043 1273 from
1057 1232 1141 1274 that
1174 1230 1379 1275 Dorine.

723 1417 1215 1471 GRIFFITH.
442 1413 644 1479 JOHN
340 1417 414 1478 By

584 2078 1006 2150 LONDON,

125 2158 283 2208 Printed
299 2162 352 2216 by
370 2164 483 2207 Hn.
504 2165 636 2215 Hills,
661 2163 736 2206 and
745 2177 809 2209 are
820 2177 863 2207 to
875 2164 925 2208 be
936 2165 1021 2207 old
1039 2165 1092 2227 by
1121 2163 1299 2208 Richard
1323 2165 1454 2209 Moon

152 2236 193 2266 at
207 2226 269 2269 the
280 2228 355 2286 ign
499 2222 609 2268 even
619 2226 724 2267 Stars
736 2238 772 2267 in
788 2228 913 2268 Pauls
928 2225 1248 2288 Churchyard,
1259 2228 1428 2280 1653.
368 2222 419 2265 of
424 2225 486 2266 the

111 696 439 775 Thirteen
513 695 942 803 Arguments
1021 699 1310 810 tending
1356 724 1438 777 to

392 991 625 1038 aburdities
648 997 693 1041 of
710 998 789 1040 that
804 997 976 1042 dorine
1000 995 1178 1043 hewed.

144 817 303 871 prove
318 801 423 853 that
437 800 684 853 Believers
698 820 876 854 cannot
894 804 979 855 fall
992 803 1123 854 from
1138 820 1313 871 grace,
1352 823 1402 856 as

178 871 300 936 they
315 884 444 919 were
453 867 557 918 laid
571 869 728 921 down
742 885 791 921 at
804 890 832 921 a
851 871 1157 924 Conference
1169 888 1220 921 at
1232 874 1367 921 Yaid

234 941 302 995 ing
313 937 353 977 in
368 936 494 985 Kent,
520 936 720 980 examined
735 937 806 980 and
831 936 1055 989 anwered;
1082 938 1180 980 with
1191 953 1309 998 many

179 1606 301 1649 Hold
317 1605 396 1665 fa
408 1611 501 1654 that
515 1610 613 1654 thou
625 1609 717 1665 ha
745 1642 756 1661 ,
788 1610 878 1652 that
890 1628 938 1654 no
952 1624 1046 1653 man
1073 1613 1161 1660 take
1185 1612 1252 1669 thy
1277 1614 1442 1659 Crown.

119 1666 214 1711 Rev.
253 1682 290 1722 3.
328 1679 398 1711 11.

178 1728 273 1769 Well
287 1726 447 1783 becaue
470 1727 517 1784 of
529 1725 716 1781 unbelief
735 1727 819 1787 they
841 1743 946 1770 were
973 1728 1115 1778 broken
1129 1734 1207 1792 off,
1253 1732 1333 1775 and
1346 1731 1443 1774 thou

122 1787 259 1829 ands
277 1787 323 1840 by
336 1786 480 1840 faith,
504 1788 550 1830 be
565 1801 631 1830 not
657 1787 755 1846 high
780 1787 944 1831 minded
968 1788 1041 1830 but
1057 1789 1151 1845 fear
1167 1811 1180 1832 :
1209 1790 1275 1843 for
1287 1788 1327 1843 if
1353 1792 1444 1848 God

118 1846 257 1903 pared
271 1858 334 1887 not
349 1844 419 1888 the
430 1850 609 1890 naturall
621 1846 827 1900 branches,
855 1847 942 1895 take
954 1848 1054 1891 heed
1066 1848 1163 1905 lea
1176 1850 1227 1893 he
1240 1851 1317 1905 alo
1330 1850 1445 1909 spare

124 1917 187 1946 not
205 1906 313 1957 thee,
340 1904 460 1950 Rom.
500 1920 566 1953 11.
586 1920 654 1959 20,
692 1920 758 1952 21.
