2081 2704
90 88 128 9 permenant

923 44 521 143 rs

109 228 1321 135 TREATISE

114 489 580 83 FALLING
725 494 187 80 fiom
943 431 484 158 GRACE.

707 597 138 54 OR

76 696 364 80 |Thirteen
513 695 430 109 Arguments
1021 699 290 107 tending
1356 724 83 54 to

55 819 5 8 ‘{
144 817 160 55 prove
318 801 106 53 that
437 800 248 54 Believers
698 820 179 35 cannot
894 804 86 52 fall
992 803 132 52 from
1138 807 176 65 grace,
1352 823 51 34 as

178 871 123 66 they
315 867 243 53 werelaid
571 869 158 53 down
742 885 50 37 at
804 890 29 32 a
851 871 307 54 Conference
1169 888 52 34 at
1232 874 136 48 Tald-

234 941 69 55 ing
313 934 41 44 in
368 936 127 50 Kenty
520 936 201 45 examined
735 937 72 44 and
831 936 225 54 anfwereds
1082 938 99 43 with
1191 953 119 46 many

392 991 234 48 abfurdities
648 997 46 45 of
710 998 80 43 that
804 997 173 46 doSirine
1000 995 179 49 fhewed,

82 1152 2 3 |
116 1103 317 55 Whereunto
446 1103 40 50 is
504 1104 166 51 added
700 1104 218 53 thirteen
944 1104 221 53 Reafons
1196 1117 56 37 to
1283 1118 160 54 prove

176 1168 87 44 that
281 1166 190 47 Believeis
481 1182 97 46 may
591 1167 76 46 fall
679 1171 138 61 towlly
840 1170 82 44 and
943 1168 145 64 finally
1119 1170 104 45 from
1236 1171 148 52 Grace,
1402 1209 12 3 -

205 1227 82 44 and
297 1241 118 48 many
428 1224 212 63 profitable
652 1235 91 40 Utes
756 1229 171 62 owing
937 1229 107 45 frem
1057 1232 85 43 that
1174 1230 206 46 Dogtrine,

340 1417 75 62 By
442 1413 203 70 JoHN
723 1417 44 48 G
800 1430 416 57 RIFFITH.

76 1646 2 2 |
179 1606 123 44 Hold
317 1605 80 61 faft
408 1611 94 44 that
515 1610 99 45 thou
625 1609 93 57 baft
745 1642 12 20 ,
788 1610 91 43 that
890 1628 49 27 no
952 1624 95 30 man
1073 1613 89 48 take
1185 1612 68 58 thy
1277 1614 166 46 Crown,

119 1666 96 46 Rey.
253 1682 38 41 3.
328 1679 71 33 1%

178 1728 96 42 Well
287 1726 161 58 becaufe
470 1727 48 58 of
529 1725 188 57 unbelief
735 1727 85 61 they
841 1743 106 28 were
973 1728 143 51 broken
1129 1734 79 59 off,
1253 1732 81 44 and
1346 1731 98 44 thou

122 1787 138 43 Stands
277 1787 47 54 by
336 1786 145 55 faith,
504 1788 47 43 be
565 1801 67 30 not
657 1787 99 60 high
780 1787 165 45 minded
968 1788 74 43 but
1057 1789 124 57 fear:
1209 1790 67 54 for
1287 1788 41 56 if
1353 1792 92 57 God

124 1917 63 30 not
205 1902 109 60 thee,
340 1900 118 56 Rom,
500 1920 66 34 1I.
586 1916 68 48 20,
692 1916 67 43 21.

1345 1963 20 10 ”

584 2077 423 74 Lonp@wn,
1095 2052 245 99 .tpsul.
1364 2077 54 59 $

125 2158 159 51 Printed
299 2162 54 55 by
370 2164 114 44 H#.
504 2165 133 51 Hills,
661 2163 361 52 andaretobefold
1039 2165 54 63 by
1121 2163 179 46 Richard
1323 2165 132 45 Aoon

118 1846 140 58 [pared
271 1858 64 30 not
349 1844 71 45 the
430 1850 180 41 naturall
621 1846 207 55 branches,
855 1847 88 49 take
954 1848 101 44 heed
1066 1848 98 58 leaft
1176 1850 52 44 he
1240 1851 78 55 alfo
1330 1844 116 66 Spare

152 2236 42 31 at
207 2226 63 44 the
280 2228 76 59 fign
368 2222 52 44 of
424 2225 63 42 the
499 2222 111 47 feyen
619 2226 106 42 Stars
736 2238 37 30 in
788 2228 126 41 Pauls
928 2225 350 62 (harch-yard,1
1302 2228 69 53 6-§
1390 2238 39 43 3.

1456 132 8 26 :

1455 159 11 177 |

1456 336 9 62 |

1455 410 8 40 i

1457 469 6 18 ’

1457 417 6 8 ?

1456 454 7 12 q
