1776 2528
274 94 85 54 DE
397 94 300 51 L'ESPRIT
730 93 85 51 DE
852 94 326 50 L'HOMME.
1308 100 65 58 x

131 183 181 52 pouuez
343 166 58 47 de
433 161 177 51 mefme
629 166 233 63 imaginer
886 156 258 83 l'Eftenduë
1143 156 116 83 fans
1285 183 85 30 au-

131 253 116 29 cune
260 230 173 52 Penfée
448 229 174 52 ?,D'où
645 249 116 31 vous
780 249 182 48 pouuez
986 231 216 49 conclure
1219 230 152 70 qu'el-

129 302 62 47 les
215 300 44 50 fe
281 317 203 49 peuuent
513 310 187 37 troutier
731 295 285 69 feparement
1041 338 18 20 ,
1098 309 45 39 &
1177 299 193 68 qu’ainfi

128 377 72 40 ces
213 371 121 46 deux
353 372 259 65 proprietez
633 365 107 50 font
769 364 279 69 diftinguées
1077 365 286 54 réellement.

129 437 175 50 D'oùil
329 436 184 48 s'enfuit
536 453 92 50 que
649 435 44 47 la
715 431 236 51 fubftance
970 439 80 59 qui
1072 433 87 50 fert
1180 435 56 48 de
1258 435 115 52 foû-

130 508 97 47 tien
250 504 16 49 à
288 505 42 47 la
346 503 171 49 Penfée
537 503 60 47 et
613 501 116 48 aufli
744 500 258 67 diftinguée
1024 501 271 50 réellement
1316 506 67 47 de:

130 572 46 58 la
196 571 239 49 fubftance
455 574 90 62 qui
571 568 206 47 foûtient
809 566 234 53 PErenduë
1063 602 14 23 ,
1107 579 43 39 &
1186 571 199 65 qu'elles’

127 648 207 58 peuuent
362 637 157 49 exifter
548 633 311 70 feparément.
914 639 60 43 Et
993 633 31 49 fi
1058 636 97 50 l’on
1187 639 203 48 conclut

131 701 98 53 fort
229 694 117 82 bien
354 694 123 82 qu'il
490 720 110 51 peut
620 722 28 47 y
670 706 131 45 auoir
822 704 79 46 des
924 701 155 50 chofes
1102 706 167 48 rondes
1290 705 91 49 Lef-

133 774 179 67 quelles
333 792 60 30 ne
413 770 156 51 feront
591 776 139 63 point
749 768 239 71 quarrées,
1019 781 45 39 &
1102 773 85 47 des
1220 774 169 62 chofes.

136 843 213 65 quarrées
364 843 314 64 quin’auront
687 839 205 67 pointde
913 858 336 42 mouuement,
1271 861 112 49 par-

136 928 51 35 ce
209 922 97 55 que
322 910 43 48 la
387 909 281 67 quadrature
691 923 110 51 peut
823 906 114 50 eftre
955 907 239 67 imaginée
1214 908 101 50 fans
1337 911 53 48 la:

140 979 203 48 tondeur
357 987 44 39 &
418 976 100 49 fans
533 976 41 48 le
587 992 336 40 mouuement,
945 977 204 48 n’auons
1164 995 118 31 nous
1303 997 89 48 pas

140 1044 185 50 mefme
338 1043 161 51 raifon
512 1045 57 47 de
590 1043 219 49 conclure
829 1043 116 67 qu'il
964 1061 111 49 peut
1094 1063 29 46 y
1143 1049 130 44 auoir
1304 1048 88 46 des.

140 1108 255 54 fubftances
412 1112 101 49 fans
537 1112 256 56 Eftenduë,
808 1109 197 68 puifque
1024 1111 45 47 la
1086 1117 174 43 notion
1291 1131 102 49 que:

141 1195 117 34 nous
279 1199 147 31 auons
449 1180 56 47 de
527 1178 49 47 la
596 1175 172 51 Penfée
788 1178 60 46 et
862 1194 104 30 tout
989 1177 32 47 à
1034 1176 85 48 fait
1143 1180 251 47 differente:

141 1242 58 51 de
213 1249 113 48 celle
329 1238 65 77 de
393 1247 369 49 l’Eftenduë>[e
783 1242 105 69 fçay
901 1246 110 47 bien
1034 1246 147 65 qu'on
1202 1248 192 47 medira

144 1329 87 47 que
256 1321 41 43 ie
320 1334 178 51 prouue
517 1313 259 50 feulement
804 1313 114 115 qui
950 1330 108 51 peut
1088 1333 25 45 y
1147 1319 130 43 auoir
1309 1316 89 47 des.

142 1381 145 56 Eftres
308 1389 81 61 qui
413 1380 200 52 Penfent
636 1386 84 63 qui
744 1397 224 32 neferont
989 1386 141 61 point
1146 1382 253 59 Eftendus,

142 1449 49 63 &
207 1467 98 33 non
320 1470 80 47 pas
447 1469 56 30 que
515 1467 106 31 tout
635 1470 48 27 ce
695 1454 80 61 qui
790 1447 145 49 Penfe
949 1468 21 28 n
983 1451 38 45 a
1033 1454 135 61 point
1181 1451 214 48 d'exten-

142 1511 134 51 fon
244 1507 28 80 :
298 1522 47 41 Ie
355 1536 202 47 refpons
578 1517 112 66 qu’il
712 1535 77 29 me
810 1507 174 80 femble
989 1535 96 46 que
1118 1522 41 43 ie
1166 1516 93 50 fais
1287 1522 115 44 voir

143 1579 101 50 l'vn
259 1589 43 38 &
318 1583 161 46 l'autre
493 1603 58 28 en
566 1582 176 49 mefine
765 1601 183 49 temps,
969 1583 193 67 puifque
1183 1591 41 41 ie
1244 1600 150 31 mon-

143 1646 88 48 ftre
250 1664 91 49 que
361 1646 44 47 la
423 1648 175 53 Penfée
623 1660 45 36 &
694 1650 264 47 l'Eftendué
979 1649 107 48 font
1109 1653 118 44 deux
1259 1653 136 43 attri-

146 1713 107 50 buts
276 1713 272 51 réellement
569 1714 288 65 diftinguez;
885 1719 121 42 Mais
1036 1716 166 60 quand
1217 1716 109 45 bien
1353 1720 47 43 ie

150 1798 60 31 ne
228 1783 181 49 l’aurois
437 1801 78 50 pas
539 1778 112 62 fait,
685 1780 96 48 cela
801 1777 148 51 feroit
970 1777 211 54 fufifant
1194 1799 117 51 pour
1347 1802 58 28 ce

151 1847 193 68 lieu-icy
364 1890 14 20 ,
411 1852 115 47 dans
552 1849 154 68 lequel
738 1853 42 44 ie
811 1851 149 67 n’agis
989 1867 90 49 que
1100 1867 160 31 contre
1286 1868 116 32 ceux

153 1921 80 59 qui
244 1919 152 48 difent
409 1938 90 48 que
515 1935 152 32 toutes
681 1917 159 48 chofes
852 1916 106 49 font
975 1919 263 47 Eftenduës.
1258 1922 144 45 Con-

157 1987 190 47 tinuons
378 1989 126 46 donc
535 1986 31 49 à
608 1982 241 51 raïfonner
880 1983 114 47 ainfi
1024 2004 119 27 auec
1168 2002 103 32 eux.
1324 1988 80 48 S'il

156 2051 74 63 n'y
252 2069 26 28 a
297 2057 136 58 point
465 2056 177 47 d'autre
675 2051 239 51 fubltance
953 2068 93 50 que
1074 2052 70 46 les
1167 2058 178 64 Corps,
1366 2057 46 48 il

158 2113 98 70 faut
288 2118 236 56 demeurer
536 2122 215 51 d'accord
775 2139 91 48 que
885 2139 80 30 ces
977 2120 118 53 deux
1116 2137 126 34 mots,
1290 2123 115 60 fub-
