1776 2528
832 111 393 50 ‘PREFACE.
1504 128 48 20 …

144 181 70 74 bye
226 181 212 68 vierciintel=
446 185 54 46 Ne
539 190 256 43 cORCEUEZ-
795 172 116 81 VOUS
926 196 75 47 pas
1016 196 90 49 que
1119 198 70 28 ces
1204 180 117 47 deux
1337 176 156 52 chofes
1504 176 110 51 font

142 241 162 63 veriffima?
317 241 114 63 …Ergo
437 246 375 51 tres-veritables
826 258 23 37 ?
866 249 58 43 Et
945 246 208 47 Euodius
1186 264 57 30 en
1264 246 221 50 rombant
1515 249 98 46 d'’a-

142 303 86 73 fum
231 304 38 56 ef
280 296 43 71 MR
326 297 104 67 ÉeR
451 319 138 50 cord:
602 319 43 50 S.
662 317 69 45 Au
738 313 152 67 guftin
902 312 216 57 conclud,
1132 313 105 48 ileft
1248 315 125 47 donc
1387 312 108 54 aufli
1508 332 106 29 ma-

144 381 33 23 SE.
189 381 107 29 VIBEÉe,
434 381 175 60 nifefte
623 399 92 49 que
737 399 121 35 vous
889 383 149 44 viuez.
1056 382 89 51 Or
1141 373 198 79 il-n’eft
1351 400 75 47 pas
1454 385 159 45 moins

446 446 240 53 manifefte
711 465 91 49 que
826 445 532 56 ceraifonnementdeS.
1383 449 231 65 Aucuftin

433 536 70 29 ane
516 516 42 55 fe
569 533 107 50 peut
693 514 222 49 fouftenir
929 526 140 54 qu’en
1085 512 150 50 difant
1248 516 148 66 quela
1405 514 73 51 vie
1493 517 121 48 dont

433 585 45 54 il
494 584 203 67 parleicy
713 621 13 19 ,
750 582 107 52 n’eft
869 600 76 47 pas
959 581 108 50 celle
1094 581 60 48 du
1171 589 174 59 Corps,
1360 586 83 62 qui
1461 582 152 66 confi-

442 652 64 48 fte
523 652 168 50 dansla
707 653 255 51 nutrition,
980 648 443 66 parce.qu'il
1256 643 39 75 a
1300 648 315 66 écritailleurs

438 719 173 66 qu'elle
634 715 42 48 fe
696 707 194 79 pouuoit
901 711 235 56 fairefans
1161 716 144 65 qu'on
1328 718 92 45 s’en
1448 736 166 48 apper-

433 787 121 62 .çût;
578 782 244 57 Maiscelle
843 783 48 45 de
897 779 313 69 l'Efprit,qui
1223 781 392 52 confiftedansfes

442 847 187 77 penfées
644 888 12 20 ,
677 864 261 35 autrement
949 850 272 64 poürroit-il
1242 851 118 52 dire;
1375 853 38 44 I
1429 869 46 27 ne
1521 869 96 29 ous

436 920 127 67 feroit
570 935 74 49 pas
655 917 201 63 manifefte
876 912 78 79 que
958 912 192 79 vousefles
1167 917 45 60 fi
1217 933 96 31 vous
1324 937 47 26 ne
1380 922 142 55 viuiez
1534 922 17 41 ?
1562 923 55 46 Et

441 988 41 52 il
501 990 197 49 n’auroit
717 983 64 67 pû
812 1001 99 32 non
931 981 99 67 plus
1059 983 294 48 demanderà
1388 987 225 57 Euodius,

452 1054 82 48 ]Ne
554 1045 184 74 concenez
758 1045 110 74 -vous
890 1065 74 50 pas
985 1066 75 48 que
1085 1069 58 26 ces
1152 1050 110 50 deux
1282 1049 126 66 chofes
1415 1049 91 65 font
1518 1070 100 29 tres-

453 1118 230 50 cveritables
702 1156 18 21 ,
748 1118 66 47 s'il
834 1119 189 45 n'auoit
1055 1116 157 72 eftimé
1237 1118 226 65 qu'eftant
1491 1119 125 47 doûé

445 1185 304 69 d'vnEfprit,
774 1183 135 62 eftä
922 1184 120 58 dire,
1065 1186 137 48 d'vne
1217 1184 398 69 fubftancequine

458 1255 205 63 fçauroit
686 1272 99 47 agir
810 1251 97 49 fans
933 1254 91 44 s'en
1047 1257 261 61 aperceuoir
1328 1272 11 33 ;
1362 1253 104 47 ilne
1482 1252 135 62 fçau-

455 1328 93 41 roit
560 1327 150 50 viure,
735 1319 99 46 c'eft
854 1319 25 46 à
900 1319 121 55 dire,
1038 1317 156 66 penfer
1210 1356 13 20 ,
1235 1318 163 58 fansle
1416 1318 197 63 fçauoir,

449 1406 70 44 ny
542 1390 290 65 s’aperceuoir
862 1385 113 67 qu'il
995 1388 99 53 vit,
1121 1383 233 56 fans.eftre
1389 1387 144 51 afluré
1562 1391 56 46 de

450 1453 96 50 {on
567 1454 233 47 exiftence.
823 1455 133 48 Vous
971 1469 150 45 voyez
1135 1454 125 62 donc
1275 1454 108 65 qu’il
1399 1458 74 61 n'ya
1487 1473 130 32 au-

462 1539 114 29 cune
596 1519 244 49 difference
833 1514 150 75 entre
983 1514 57 75 le
1067 1519 187 65 Zepenfe,
1278 1521 95 46 donc
1392 1527 35 38 ie
1437 1520 182 65 fuis
1520 1514 38 75 ,
1558 1514 50 75 de

461 1584 243 53 Monfieur
724 1584 232 50 Defcartes
982 1595 43 39 &
1053 1585 42 49 la
1117 1587 162 65 pensée
1298 1587 56 46 de
1373 1591 46 44 S.
1449 1592 169 63 Augu-

449 1655 123 59 fin,
595 1672 89 48 que
698 1653 111 46 celle
824 1656 80 62 qui
921 1651 49 50 fe
988 1669 164 33 trouue
1184 1653 112 48 dans
1315 1653 62 49 les
1400 1672 138 31 mots.
1563 1660 53 44 Et

455 1725 116 49 däns
598 1722 41 48 la
658 1719 113 51 fuite
781 1722 68 49 de
859 1739 60 31 ce
940 1718 229 60 difcours,
1187 1727 47 43 S.
1267 1720 233 63 Auguftin
1535 1719 84 51 fait

455 1796 108 47 voir
583 1789 25 48 à
639 1789 238 55 Euodius,
902 1781 102 121 que
1039 1787 158 64 quand
1229 1785 149 47 l'Ame
1410 1794 208 60 aperçoit

456 1858 204 68 quelque
682 1856 128 57 objet
820 1855 77 43 des
944 1869 103 38 fens,
1068 1851 84 46 elle
1173 1853 72 47 n’a
1259 1870 75 49 pas
1362 1852 256 53 feulement

454 1922 44 50 la
515 1919 324 54 connoiffance
859 1918 57 46 de
945 1915 70 48 cét
1038 1917 154 64 objet,
1219 1925 115 44 mais
1365 1941 166 30 encore
1560 1925 59 47 de

454 1991 273 67 l'operation
743 2004 77 51 par
832 1984 197 68 laquelle
1043 1986 81 48 elle
1137 1988 236 66 aperçoit
1391 2026 14 20 ,
1426 2009 100 31 non
1541 2010 77 47 pas

454 2077 79 46 par
554 2077 176 30 aucune
743 2055 219 48 reflexion
987 2055 166 63 qu’elle
1167 2054 108 50 faffe
1287 2054 71 49 fur
1380 2054 238 68 foy-mef-

454 2142 104 43 me,
579 2139 262 43 autrement
863 2121 31 50 il
918 2122 320 54 n’atribueroit
1268 2142 78 50 pas
1371 2124 109 51 aufli
1503 2143 116 35 cette
