1776 2528
457 126 51 41 32
664 130 17 28 PB
727 109 253 50 eUMCIÉR
1010 109 298 50 AÂTME”
1378 109 38 46 I
1464 123 87 42 14

456 184 159 52 derez,
631 178 196 68 qu'ity
781 171 27 79 a
843 179 118 46 deux
973 175 140 49 fortes
1138 176 368 50 d'aétions'dans
1511 176 93 48 les
1612 176 97 55 be

456 249 83 46 {tes
554 269 14 35 ,
582 247 184 47 les.vnes
792 244 106 51 font
922 243 238 59 fenfibles,
1182 263 188 30 comme
1389 246 95 47 leur
1512 246 190 46 demar-

460 316 84 46 che
568 351 12 19 ,
589 307 139 76 leurs
734 307 178 76 fauts,°
922 321 35 38 &
1000 313 348 66 generalement
1380 307 155 76 toutes
1547 307 163 76 celles

459 373 85 80 qui
550 379 316 70 patroiffent
828 373 41 80 à
877 373 92 80 nos
980 373 140 80 yeux;
1121 373 241 80 lesautres
1361 373 115 80 font
1500 377 240 61 infenfi-.

322 461 33 31 =
399 449 7 13 "
460 449 135 56 bles;
605 439 102 79 fans
719 439 260 79 féfquellés
997 443 246 51 toutesfois
1259 447 86 47 ‘les
1360 451 251 63 premieres
1641 464 70 31 ne

460 515 550 64 fçauroients’executer,
1024 522 107 39 &.ce
1148 511 107 50 font
1280 513 130 48 celles
1425 519 289 62 qui-appar-

446 589 232 55 tiennent
698 599 88 31 aux
804 583 463 64 organes:interieurs
1292 581 56 46 de
1381 582 115 46 leurs
1522 588 187 44 Corps.

465 650 196 53 Otbica
674 647 298 68 qu'ilfemble
996 647 198 48 d'abord
1215 650 150 62 qu'on
1384 597 307 113 rende-raifon

465 719 57 48 de
532 722 111 42 tout
670 735 52 28 ce
745 713 187 66 qu’elles
953 710 157 61 font-;
1126 732 59 29 en
1211 713 154 58 difant
1396 714 188 66 qu’elles
1612 732 109 32 ont

464 784 202 50 enuicde
686 783 47 46 le
747 779 112 50 faire
856 773 24 69 ,
902 777 94 51 foit
1011 780 194 67 qu'elles
1225 781 326 67 s’'approchent
1571 783 57 48 de
1651 802 61 34 ce

464 851 191 67 qu'elles
667 842 220 80 defirent,
886 842 108 80 fait
1019 848 187 67 qu'elles
1236 848 300 68 s’efloignent
1563 851 58 47 de
1652 870 63 29 ce

464 918 191 67 qu'elles
669 916 259 67 craignent,
945 924 44 40 &
1004 916 241 67 quepaï'le
1261 936 175 46 moyen
1449 918 57 47 de
1525 917 188 50 lacon-

441 985 256 51 _noiffance
709 985 57 47 de
757 976 130 77 leurs
895 976 120 77 fens,
1031 982 104 49 elles
1149 983 342 51 choififfentles
1501 1004 213 45 moyens.

465 1052 310 49 canuenables
792 1055 117 63 pour
921 1055 210 62 paruenir
1143 1049 81 50 àla
1236 1050 66 50 fin
1316 1051 189 67 qu’elles
1530 1049 44 51 fe
1592 1064 120 55 pro

465 1112 469 81 pofent;.toutesfois
956 1116 25 51 à
981 1116 233 69 regarder
1236 1120 49 47 la
1312 1117 139 50 chafe
1482 1120 58 48 de
1570 1120 135 67 prés,

467 1189 94 48 cela
573 1187 111 49 n’eft
694 1206 86 50 pas
783 1184 201 54 fuffant
976 1180 27 80 :
1024 1204 72 32 car
1108 1184 25 51 à
1148 1191 153 46 moins
1315 1188 63 48 de
1395 1187 187 52 vouloir
1603 1186 114 51 auf

465 1254 611 67 fqueleuriame’foit
953 1244 130 82 plus
1095 1253 155 52 habile
1271 1248 93 74 que
1382 1255 42 49 la
1446 1254 186 60 noftre,
1652 1265 62 41 &

466 1322 425 65 qu'ellé'connoiffe
917 1340 106 30 non
1035 1319 255 52 feulement
1312 1322 68 48 les
1404 1322 177 64 objets
1613 1327 101 64 qui:

467 1389 43 48 fe
520 1387 261 68 prefentent
794 1389 315 58 deuantelles,
1140 1395 114 44 mais
1277 1408 165 33 encore
1464 1391 57 48 de
1542 1391 169 67 quelle.

467 1459 206 46 maniere
685 1455 97 47 elle
800 1456 101 47 doit
920 1461 220 55 mouuair
1162 1457 68 63 les
1245 1457 182 66 Efprits:
1449 1463 223 46 animaux

467 1525 61 47 les
542 1520 139 60 nerfs,
699 1531 45 39 &
764 1521 68 47 les
849 1519 196 69 mufctes
1054 1541 121 47 pour
1193 1524 282 51 l’executian
1496 1524 58 52 de
1568 1525 140 50 leurs:

464 1591 192 50 deffeins
690 1627 12 21 ,
736 1589 42 48 la
811 1587 226 52 difficulté
1068 1590 113 47 refte
1214 1591 211 66 toñjours
1461 1616 10 27 :
1519 1598 195 46 Seroit-.

465 1680 49 28 ce
534 1658 114 49 aflez
675 1663 12 50 (
704 1675 81 51 par
797 1657 207 68 exemple
1017 1666 21 52 }
1049 1677 117 48 pour
1180 1660 299 68 expliquer
1415 1653 73 79 le
1496 1679 205 32 mouue-

463 1741 136 35 ment
618 1727 112 50 d'vn
762 1726 196 50 vaifleau
979 1721 100 78 qui
1087 1721 164 78 feroic
1262 1721 341 78 portéitantoft
1629 1745 81 33 en:

464 1799 161 62 Syrie,
635 1787 14 78 &
694 1795 172 47 tantoft
879 1812 62 28 en
951 1792 235 65 Afrique,
1198 1792 56 46 dé
1267 1792 97 50 dire
1375 1793 145 68 quele
1530 1795 178 49 Piloter

462 1865 81 64 qui
558 1859 58 49 cft
641 1860 173 46 dedans
835 1877 34 29 a
888 1856 170 49 deflein
1079 1859 76 65 d'y
1173 1857 201 67 aller,,&
1402 1861 115 64 qu'il
1536 1881 29 29 a
1587 1882 122 31 con

413 1931 12 11 *
460 1927 235 51 noiïffance
708 1926 51 48 de
770 1925 46 49 la
831 1941 132 33 route
982 1925 114 66 qu'il
1109 1927 102 49 doit
1230 1932 146 52 tenir,
1390 1945 65 31 ne
1469 1925 239 62 faudroit-.

461 1998 33 47 il
518 2015 79 48 pas
617 2011 133 33 outre
785 1995 94 50 cela
912 1987 115 80 qu'il
1043 1987 155 80 fçeuft
1229 1991 326 68 parfaitement
1586 1998 121 50 bien:

458 2061 170 67 Fvfage
654 2065 57 46 de
734 2080 104 33 tous
863 2063 71 47 Les
958 2060 297 50 imtruments
1271 2060 72 48 du
1362 2063 246 63 Vaifleau,
1644 2075 63 43 8:

460 2128 122 68 qu'il
591 2131 93 56 euft
698 2129 203 72 l'adreffe
913 2128 57 69 de
980 2138 98 55 s’en
1086 2126 108 67 bien
1207 2120 138 85 {eruir
1359 2150 127 50 pour
1507 2139 102 64 agir
1632 2153 72 31 em:

452 2233 6 12 ‘
1053 2255 17 4 L
1578 2218 115 51 vraÿ
