1776 2528
541 83 374 59 PREEACES

159 156 174 55 meſme
345 157 137 50 choſe
506 159 271 58 aux.beſtes,
802 171 148 52 qu'on
973 156 69 52 ma
1060 164 159 43 iamais
1242 161 80 47 crũ

160 228 206 68 capables
389 228 58 47 de
459 225 260 56 reflexion;
741 228 41 46 Il
802 225 97 51 faut
913 228 125 48 donc
1064 245 91 51 que
1174 246 47 28 ce
1235 226 95 49 ſoit

158 297 432 55 immediatement,
613 310 130 52 parce
764 296 109 65 que
897 297 90 47 Ame
1027 299 124 62 agit,
1174 295 109 67 qu'il
1296 312 43 31 a

161 364 79 48 crũ
252 362 165 69 qu'elle
453 356 279 79 aperceuoit
752 364 57 46 de
832 360 83 50 ſon
932 367 257 63 operation.
1208 367 113 43 Per-

161 430 146 49 ſonne
326 449 59 29 ne
408 446 108 48 peut
537 434 190 62 ignorer
749 430 218 49 combien
990 430 94 48 cela
1108 431 60 45 eſt
1203 447 118 29 con-

159 496 154 50 forme
338 515 58 29 au
425 495 336 49 ſentiment
696 490 85 67 de
793 495 241 51 Monſieur
1067 495 276 57 Deſcartes,

159 569 82 64 qui
272 564 145 67 apelle
451 565 350 63 generalement
822 562 163 67 pensée
1007 579 105 31 tout
1133 583 49 27 ce
1201 564 143 55 dont

161 646 117 34 nous
296 648 117 29 nous
426 646 278 49 aperceuons
724 631 432 56 immediatement,
1192 645 131 51 parce
1464 637 96 27 u

161 717 91 50 que
264 715 116 30 nous
396 695 41 47 le
456 694 212 55 faiſons;
682 702 133 60 voicy
834 697 59 47 les
907 713 163 31 termes
1084 699 56 46 de
1154 702 41 42 S.
1226 700 97 44 Au-.

161 766 167 66 guſtin.
373 769 77 42 On
461 782 67 29 ne
555 762 229 69 penſeroit
804 783 75 48 pas
906 764 24 66 à
955 769 159 44 ouurir
1133 766 59 45 les
1205 781 117 48 yeux
1340 784 138 34 Laque
1492 779 114 38 apene

162 843 44 38 &
232 832 24 48 à
280 833 59 46 les
354 846 191 33 tourner
551 832 74 46 du
647 831 382 61 coſté
778 826 77 76 de
854 831 175 61 Fobjet
1052 834 145 64 qu'on
1218 848 105 33 veut
1481 820 146 80 e

160 900 248 66 regarder,
422 897 40 50 ſi
486 899 93 46 lon
593 901 409 65 n'aperceuoit
1007 918 63 29 quon
1091 918 56 29 ne
1167 900 42 46 le
1223 903 99 45 voit
1339 896 294 68 oπ/⁊

160 986 101 46 pas,
284 967 91 47 lors
391 960 88 76 que
495 965 59 47 les
567 981 113 49 yeux
693 965 107 49 ſont
823 964 198 60 fermes,
1049 985 61 28 ou
1130 977 192 36 tournes
1343 973 86 38 fπσ
1458 971 51 28 πσ
1538 971 88 28 ‚::

162 1035 111 47 dvn
285 1051 127 30 autre
435 1030 134 49 coſté.
606 1038 75 42 Or
703 1031 32 49 ſi
755 1034 349 65 Vonsaperęoit
1127 1050 92 48 que
1231 1033 89 48 Von
1359 1011 61 66 —
1549 1020 36 55 —

165 1118 58 30 ne
245 1105 101 44 voit
359 1114 114 52 pas,
496 1098 98 48 lors
617 1103 145 62 qu'on
768 1118 74 29 ne
865 1105 100 44 volt
991 1120 103 47 pas,
1118 1100 32 47 iſ
1168 1100 59 47 eſt
1239 1109 86 39 ne-
1342 1087 148 83 lnt
1587 1089 64 79 5

123 1167 221 67 ceſſaire
367 1181 91 51 que
481 1168 158 65 quand
661 1186 66 29 on
747 1172 100 45 voit
864 1185 74 29 on
945 1171 262 63 apergoiue
1237 1185 89 47 que
1335 1165 129 70 eσ
1464 1165 105 65 (nιέ

165 1234 216 49 Foxcoit
408 1230 98 106 &c.
1342 1238 312 71 e

236 1306 122 45 Mais
373 1299 95 49 afin
490 1301 54 47 de
558 1315 214 33 montrer
788 1301 101 66 plus
903 1301 422 68 particulierement

166 1366 43 49 la
241 1366 282 50 conformitè
543 1369 56 46 de
619 1373 52 43 S.
698 1368 229 67 Auguſtin
955 1386 109 31 auec
1093 1369 59 48 les
1182 1367 142 49 ſenti-

166 1452 131 30 mens
322 1437 57 46 de
404 1433 240 50 Monſicur
667 1435 234 49 Deſcartes
923 1437 277 48 rouchant
1151 1429 75 69 la
1215 1435 107 50 Na-

166 1514 99 33 ture
283 1503 56 46 de
364 1501 179 68 lEſprit
572 1504 57 47 de
649 1503 281 58 Homme,
961 1508 41 43 ie
1022 1521 115 30 mets
1159 1523 54 29 en
1237 1501 107 51 fait

167 1581 92 47 que
277 1572 55 65 S:
349 1571 121 63 Aug.
503 1588 23 27 a
549 1570 79 47 crũ
647 1588 89 49 que
759 1566 153 53 lAme
929 1571 230 49 humaine
1191 1572 158 47 eſtoit

165 1650 91 31 vne
266 1631 234 50 ſubſtanico
505 1627 88 78 qui
597 1634 160 67 penſe,
769 1638 339 57 immaterielle,
1120 1644 203 42 immor-

166 1699 135 59 telle,
326 1702 88 66 qui
464 1653 100 111 *
592 1700 225 48 touſiours
832 1710 87 40 &c.
953 1706 113 44 dans
1089 1706 41 44 le
1152 1703 202 47 meſme

165 1764 127 60 ſens,
318 1784 93 49 que
426 1762 242 55 Monſieur
692 1764 233 51 Deſcartes
947 1767 56 47 Va
1013 1767 173 48 eſtabli.
1204 1771 152 44 Pour

165 1852 118 31 vous
302 1834 40 48 le
364 1852 224 49 prouuer,
611 1832 120 50 liſer
741 1838 357 65 premierement
1109 1855 47 28 ce
1168 1854 89 49 que
1280 1839 53 44 S.

165 1901 232 68 Anguſtin
420 1921 24 29 a
470 1900 134 50 eſcrit
621 1903 112 48 dans
756 1903 42 48 le
821 1904 121 47 liure
955 1902 48 49 de
1022 1906 40 45 la
1081 1901 180 70 quantite
1280 1901 49 49 de

164 1971 145 46 IAme
332 1988 57 30 en
404 1988 70 30 ces
490 1986 190 37 termes;
697 1976 131 44 Vous
844 1971 143 48 deuez
1002 1971 222 48 entendre
1238 1989 89 50 que
1347 1978 228 54 oteugendam
1599 1997 38 23 æ

168 2052 127 47 quoy
324 2056 90 48 que
434 2042 122 45 Dieu
576 2042 63 44 ait
670 2036 290 69 creëlEſprit
985 2039 57 46 de
1062 2034 264 64 UHomme,
1347 2028 88 64 Sa

166 2103 44 63 il
213 2101 69 65 eſt
296 2104 220 65 ppurtant
535 2106 32 65 d
569 2106 105 65 vne
687 2111 203 60 certaine
910 2105 233 51 ſubſtance
1167 2110 82 64 qui
1273 2128 58 30 ne
1350 2103 289 34 ιιι—

1350 2150 106 20 certam
1475 2141 160 37 ſubſtantiã

1122 2193 41 49 ij
