1776 2528
520 106 380 53 PREEACE.

116 169 174 78 jamais
294 173 182 51 declarè
489 174 47 49 ſi
540 174 262 52 nettement
816 195 91 49 que
919 178 111 50 dans
1042 177 43 49 la
1098 187 77 38 28.
1190 180 110 45 Let-

128 262 70 31 tre
217 244 113 67 quil
360 242 110 49 ccrit
495 242 27 49 à
553 249 44 43 8.
636 243 240 59 Ieroſme,
910 246 120 48 dont
1065 250 135 58 voicy
1228 245 69 47 les

115 312 219 69 paroles,
358 329 111 30 auec
491 310 240 68 leſquelles
750 317 42 43 ie
813 311 103 49 finis
939 328 117 33 cette
1080 310 214 55 Preface;

120 384 124 44 Bien
267 379 113 67 quil
406 376 89 51 ſoit
514 379 185 49 difficile
724 380 57 47 de
809 377 239 70 perſuader
1078 396 86 33 aux
1196 379 100 66 plus

118 445 223 67 groſſiẽrs
356 455 45 39 &
412 443 171 51 tardifs
609 464 91 49 que
720 446 154 53 UAme
891 447 66 47 eſt
979 446 321 68 incorporelle,

82 517 227 61 Fauoũe
335 510 243 52 toutesfois
598 531 90 48 que
710 514 83 47 ien
813 512 87 48 ſuis
921 512 248 67 perſuadé;
1202 519 95 41 Car

127 599 120 49 pour
257 599 59 30 ne
332 580 186 47 tomber
535 598 77 46 pas
627 580 113 46 dans
766 596 92 31 vne
874 578 178 68 diſpute
1074 581 57 46 de
1154 595 142 42 mots,

128 649 162 65 quand
303 646 44 45 la
360 643 135 50 choſe
512 646 60 46 eſt
584 649 220 54 certaine,
816 643 46 49 ſi
874 646 97 47 on
983 646 146 66 apelle
1150 652 149 57 Corps

129 729 133 33 toute
282 711 121 49 ſorte
424 713 57 47 de
494 710 279 60 ſubſtance,
806 729 61 31 ou
892 712 206 60 eſſence,
1132 718 82 61 qui
1236 713 62 48 eſt

131 799 59 43 en
212 779 204 67 quelque
436 777 144 64 fagon
610 798 56 28 en
685 778 97 66 ſoy
796 818 203 20 meſme,
1019 788 51 40 &
1087 798 84 48 par
1188 779 110 65 ſoy-

134 847 219 57 meſme;
383 857 45 38 &
459 865 101 29 non
589 865 76 48 pas
695 865 188 29 comme
914 847 242 49 Paccident
1185 848 113 47 dans

131 931 129 32 autre
280 912 136 51 choſe
434 930 90 50 que
550 914 115 64 liiy,
695 914 154 49 lAme
879 914 56 47 de
957 914 250 49 IHomme
1237 914 60 48 eſt

136 988 147 61 Corps
298 1000 59 29 en
369 1001 49 27 ce
431 979 196 50 ſens-là:
656 975 68 78 Ou
723 980 59 51 ſi
806 998 114 32 vous
946 999 57 30 ne
1023 980 275 50 reconnoiſ-

133 1047 72 50 ſez
219 1053 135 63 point
367 1052 29 43 d
401 1051 138 45 autre
553 1064 161 32 nature
726 1052 82 64 qui
827 1046 94 49 ſoit
942 1049 356 49 veritablement

134 1115 342 67 incorporelle,
504 1122 98 59 que
631 1115 111 48 celle
780 1119 82 62 qui
893 1115 65 47 eſt
1003 1113 297 53 ſouueraine-

133 1178 138 74 ment
282 1218 282 20 immuable,
589 1191 48 38 &
658 1186 82 61 qui
763 1183 59 45 eſt
838 1199 83 49 par
941 1198 105 30 tout
1066 1198 130 31 toute
1216 1200 85 30 en-

127 1253 157 54 tiere,
306 1249 153 47 lAme
479 1248 60 51 eſt
566 1267 166 30 encore
752 1255 153 59 Corps
933 1266 58 32 en
1030 1267 49 30 ce
1104 1246 198 58 ſens-la;

140 1310 72 79 Car
221 1316 58 48 il
293 1316 60 48 eſt
378 1321 172 44 certain
570 1319 145 66 quvn
735 1314 150 69 Eſprit
909 1315 95 66 finy
1028 1327 59 38 ne
1104 1315 200 64 ſcauroit

140 1382 109 51 eſtre
271 1384 75 49 tel.
380 1389 122 46 Mais
527 1382 34 49 ſi
581 1389 98 44 r̃ien
700 1402 59 29 ne
782 1388 162 44 merite
979 1383 154 49 d'eſtre
1158 1383 146 68 apellé

140 1455 185 61 Corps,
354 1469 92 50 que
466 1472 48 28 ce
537 1456 81 63 qui
639 1446 107 77 peut
764 1446 126 77 eſtre
921 1451 239 50 tellement
1189 1452 116 48 dans

140 1532 67 33 vn
220 1515 152 67 eſpace,
382 1537 121 48 que
513 1518 89 49 ſoit
614 1519 114 67 quil
745 1538 28 45 y
793 1516 87 52 ſoit
900 1517 183 59 arreſtè,
1106 1536 63 31 ou
1187 1518 118 68 qu'il

141 1583 64 63 sy
219 1599 166 30 meuue,
398 1585 59 55 il
471 1586 41 46 le
524 1585 229 65 rempliſſe,
764 1595 75 57 &
850 1603 98 50 que
961 1584 43 50 ſa
1016 1586 101 66 plus
1131 1587 176 64 grande

140 1650 149 66 partie
300 1665 57 33 en
378 1666 173 47 occupe
569 1670 63 30 vn
652 1652 98 64 plus
766 1654 181 63 grand,
974 1663 45 38 &
1038 1653 48 48 la
1106 1654 99 63 plus
1225 1670 83 48 pe-

142 1720 88 44 tite
252 1733 65 31 vn
342 1715 253 57 moindre,
631 1734 57 26 en
711 1719 104 44 telſe
834 1722 204 45 maniere
1057 1718 111 61 qu'il
1190 1736 26 41 y
1245 1721 65 39 ait

144 1786 158 50 moins
324 1783 113 48 dans
457 1782 43 49 la
553 1785 111 45 partie
687 1798 90 50 que
800 1781 111 48 dans
933 1781 40 46 le
992 1795 136 40 tout,
1155 1779 157 71 Ame

138 1847 123 67 dans
273 1870 51 44 ce
335 1848 99 55 ſens
444 1869 59 32 ne
513 1802 198 113 F
729 1848 108 54 eſtre
850 1854 165 65 Corps.

1324 258 205 38 Incorpoream
1540 268 72 28 quo-

1323 307 54 28 que
1387 296 52 28 eſſe
1449 298 143 32 animam,

1327 340 26 24 &
1376 334 19 29 ſi
1411 333 110 30 dificile
1539 344 72 18 tar-

1324 374 130 29 diotibus
1462 371 149 39 perſuade-

1322 414 24 26 ri
1357 413 111 37 poteſt:
1480 411 73 28 mihi
1564 420 48 18 ta-

1323 460 85 22 mẽn,
1430 449 94 29 fateor
1540 448 53 29 eſſe

1323 487 173 40 perſuaſum;
1509 488 54 27 Sed
1575 497 37 18 ne

1324 528 81 27 verbi
1416 525 196 29 controuerſiã

1323 565 47 28 vel
1386 562 143 40 ſuperfluò
1548 563 46 28 fa-

1324 604 94 30 ciam,
1441 603 46 28 vel
1504 600 108 30 meritò

1324 643 113 44 patiat:
1448 642 139 36 quoniam

1326 688 66 18 cùm
1406 679 34 28 de
1452 689 27 17 r̃e
1489 679 123 32 conſtat,

1325 726 57 18 non
1390 726 70 28 opus
1470 718 37 27 eſt
1519 726 94 19 certa-

1324 764 31 19 re
1372 755 35 28 de
1423 757 150 30 nomine;
1594 753 21 29 ſi

1324 802 102 28 corpus
1441 793 38 28 eſt
1497 794 96 27 omnis

1323 830 200 35 ſubſtãtia,
1473 826 52 44 vel
1532 830 84 29 eſſen-

1324 871 58 46 tis,
1395 871 46 26 vel
1441 865 33 51 ſi
1482 870 69 37 quid
1556 869 59 43 ap-

1325 917 56 19 tiùs
1393 907 223 38 nuncupatur,
1581 903 32 46 id

1324 947 79 37 quod
1413 947 102 37 aliquo
1526 946 89 27 modo

1324 985 39 27 eſt
1374 986 30 26 in
1415 983 26 29 ſe
1453 985 82 37 ipſo,
1548 993 69 18 cor-

1323 1032 50 28 pus
1383 1023 38 27 eſt
1431 1032 106 23 anima.
1542 1023 75 27 Item

1324 1062 21 27 f
1360 1062 35 27 eã
1413 1061 40 28 ſol
1460 1070 42 18 am
1516 1062 101 26 incor-

1326 1108 118 29 poream
1453 1100 95 36 placet
1559 1107 56 29 ap-

1325 1137 108 38 pellare
1449 1146 155 24 ñaturam,

1327 1185 61 27 quæ
1399 1175 112 28 ſummè
1529 1176 63 27 im-

1329 1213 150 28 mutabilis
1506 1213 59 33 eft,
1589 1215 28 25 &

1329 1252 106 37 vbique
1451 1260 61 19 tota
1531 1252 57 33 eſt,

1330 1300 101 27 corpus
1441 1290 38 27 eſt
1497 1291 119 28 anima;

1330 1329 138 37 quoniam
1488 1328 58 27 tale
1560 1328 60 28 ali-

1330 1367 70 37 quid
1417 1366 62 38 ipſa
1498 1375 57 19 non
1570 1367 49 27 eſt.

1332 1403 93 30 Porrò
1435 1404 21 28 ſi
1467 1414 101 28 corpus
1579 1406 40 27 nõ

1331 1443 38 28 eſt
1387 1442 52 28 niſi
1457 1442 79 37 quod
1553 1450 50 30 per

1331 1481 59 28 loci
1401 1480 100 38 ſpaciũ
1516 1478 103 39 aliquâ

1332 1518 202 37 longitudine,
1548 1518 73 28 lati-

1332 1556 116 32 tudine,
1467 1555 155 30 altitudine

1332 1596 42 25 ita
1373 1588 126 42 ſiſtitur,
1506 1594 46 27 vel
1561 1604 61 18 mo-

1332 1626 92 42 uetur,
1427 1641 31 18 vt
1467 1634 104 26 maiori
1581 1632 43 29 ſui

1333 1677 81 30 parte
1425 1671 138 28 maiorem
1574 1671 49 28 lo-

1336 1716 64 18 cum
1417 1717 131 28 occupet,
1573 1712 29 26 &

1336 1744 130 29 breuiore
1477 1747 142 29 breuiorẽ.

1337 1782 151 39 minuſque
1505 1784 33 29 ſit
1557 1788 31 25 in

1337 1830 80 28 parte
1426 1833 86 28 quam
1524 1825 30 27 in
1557 1827 67 25 To-

1339 1868 48 21 to:
1398 1870 58 19 non
1466 1862 38 29 eſt
1523 1872 102 28 corpus

1331 1899 114 31 anima.
