1776 2528
410 119 75 21 Fe
913 120 374 48 PREFACE:

201 191 290 69 Cèmisiuriplum
513 194 103 46 tion
641 206 62 32 ou
726 188 41 48 Ja
789 185 282 50 conformité
1096 186 186 66 qu'elles
1307 202 88 33 ont
1425 202 109 33 auec
1572 187 115 58 elle;

215 239 225 22 entire,mouere
457 229 34 28 fit

202 268 268 43 corpus,aduerfus
515 257 85 48 çlle
630 259 92 45 s’en
745 259 206 63 aperçoit
978 253 262 58 toufouts,
1272 263 44 39 &
1345 254 97 48 c'eft
1467 274 47 28 ce
1540 256 167 64 qu'on.

203 317 64 19 eun:
278 317 110 17 motum
401 311 89 36 quiin
795 327 5 5 «
1039 325 6 6 4
1334 327 70 9 Œ—
1605 325 5 6 .

204 345 202 34 ofuset.
515 324 147 67 apelle
691 321 150 49 fentir.
879 321 135 48 Enfin
1037 321 31 47 il
1089 321 189 48 conclut
1302 342 9 27 :
1348 326 70 44 Ea
1450 319 236 51 fenfation

515 392 117 48 n'eft
648 392 130 47 donc
797 393 101 44 riem
918 405 127 31 autre
1075 388 174 58 chofe-,
1282 406 95 49 que
1405 390 41 46 le
1461 390 225 56 mouue-

517 475 132 32 ment
685 475 90 50 que
806 458 382 63 l’'Ameimprime
1219 457 113 46 dans
1377 456 87 49 fon
1503 462 202 61 Corps,

520 522 423 67 contraire
750 517 39 76 à
794 522 149 67 celuy
969 523 113 66 qu'il
1108 526 150 59 reçoit
1269 523 85 47 des
1377 525 151 63 objets
1553 561 14 20 ,
1601 530 89 51 en-

239 640 10 8 .
519 609 99 32 tant
629 592 268 69 qu'elles’en
917 594 218 63 aperçoit.
1166 593 217 59 l’ajoute,
1406 608 139 29 entant
1565 591 127 65 qu'efr

517 664 35 43 le
571 662 76 45 s'en
669 664 172 61 aperçoit
860 695 13 20 ,
917 673 99 31 tant
1039 656 26 47 à
1085 655 132 48 caufe
1233 657 76 46 des
1340 674 146 31 autres
1513 656 176 58 defini-

520 731 125 46 tions
667 726 116 67 qu'il
804 743 23 28 a
854 722 205 49 données
1085 724 62 47 du
1162 720 111 50 fens,
1333 724 105 66 qu’à
1459 722 152 50 raifon
1633 726 82 46 de

243 829 65 27 cas
319 824 184 39 operationes
523 814 49 29 CE
596 793 114 69 qu'il
741 811 42 49 a-
799 792 69 46 dit
895 808 87 49 peu
1008 805 295 51 auparauant.
1340 791 125 65 Qu'il
1501 795 206 59 croyoit.

214 865 175 40 paifonibus
401 853 112 80 corpe-.
516 853 100 80 que
636 861 152 50 [’Ame
808 853 149 80 quand
971 857 100 48 elle
1109 855 100 50 fent
1232 894 12 21 ,
1280 862 205 61 aportoit
1518 857 58 48 de
1605 856 109 54 fon:

215 907 39 25 ris
275 912 69 29 puto
361 902 130 28 animam
632 927 11 18 ;
822 941 1 3 l
925 928 5 6 ,
1137 928 9 12 ,
1243 923 15 16 \
1337 929 5 6 .
1689 933 4 6 ‘

188 927 157 85 exhibese
335 926 84 83 cum
432 926 63 83 fen-
525 925 117 64 cofté
644 925 85 64 ces
763 923 260 84 operations
1058 931 22 72 {
1112 925 98 48 c'eft
1242 945 30 27 à
1298 926 96 47 dire
1424 945 69 29 ces
1533 943 161 59 perce:

201 994 154 66 paffiones
368 1008 135 49 recipere.
525 1000 154 62 ptions
693 1005 31 49 }
741 1004 44 38 &
802 993 63 47 les
881 1004 208 58 Joignoit
1105 1011 87 29 aux
1204 986 202 76 paflions
1427 995 56 46 du
1513 995 152 68 Corps
1711 1017 17 5 7

249 1095 73 27 Non
343 1092 91 37 igirur
451 1088 54 29 ab-
526 1067 123 46 Mais
664 1080 188 49 nonpas
870 1058 319 68 qu'elle-reçût
1203 1077 69 30 en
1293 1059 83 48 elle
1398 1079 69 28 ces
1494 1058 197 51 mefmes

217 1131 98 66 fard
324 1130 150 66 dim
527 1129 210 69 paffions.
754 1127 262 53 Etenfuite;
1031 1127 379 49 C'eftdoncauec
1431 1124 152 51 raifon
1599 1146 90 51 que
1682 1120 28 82 :

215 1206 292 34 mam,velaétiones,
528 1217 117 31 nous
669 1216 196 48 croyons
879 1213 91 50 quel’
981 1196 150 48 Ame
1143 1196 158 68 quand
1313 1194 94 48 elle
1418 1193 100 50 fent
1530 1197 163 64 s’apers
1685 1189 27 79 -

218 1247 48 27 vel
286 1246 195 36 operationes,

219 1282 281 37 velfiquoaliono-
531 1271 96 58 çoit
642 1266 57 48 de
711 1264 64 50 fes
789 1281 330 39 mouuemens,
1138 1266 181 44 aétions
1342 1279 346 49 ouoperations
1710 1299 4 8 .

218 1322 81 29 mine
324 1318 183 29 commodiüs

219 1359 101 28 vocari
332 1356 122 38 poilunr,
466 1357 40 42 nô
528 1353 63 28 Ou
605 1334 57 48 de
673 1332 202 67 quelque
896 1346 126 31 autre
1044 1347 119 30 nom
1182 1329 102 66 plus
1297 1329 258 49 commode
1566 1329 149 62 dont.

220 1397 103 35 late,
336 1403 65 22 cum
410 1394 96 35 fente,
527 1417 114 33 ous
655 1398 183 68 puifhez
854 1398 62 46 les
928 1394 228 68 defigner.

628 1471 164 43 Onne
806 1457 200 79 feauroit
1018 1457 107 79 nier
1146 1479 126 51 apres
1286 1465 104 49 cela
1410 1483 91 49 que
1523 1466 42 50 la
1586 1472 108 50 ma=

525 1537 122 45 nicre
669 1522 121 81 dont
797 1522 145 81 Saint
965 1529 229 67 Auguftin
1225 1532 213 67 explique
1468 1533 44 47 la
1531 1531 162 50 fenfa-

525 1606 105 44 tion
657 1619 62 30 ne
733 1598 103 50 foit
849 1596 95 50 fort
961 1595 231 68 efloignée
1205 1599 57 47 de
1284 1599 108 47 celle
1407 1600 56 47 de
1487 1600 206 58 l'Ecole,

527 1679 46 39 &
597 1669 111 68 qu'il
730 1671 76 63 n'y
825 1686 28 29 a
878 1684 90 48 que
990 1683 87 48 peu
1100 1683 63 30 ou
1188 1669 137 63 point
1359 1668 57 48 de
1444 1667 248 49 difference

526 1754 127 32 entre
673 1737 75 66 luy
773 1745 44 40 &
843 1732 242 53 Monfieur
1105 1733 237 51 Defcartes
1366 1733 72 44 fur
1470 1750 59 30 ce
1548 1731 140 63 fujet;

524 1810 62 43 Et
606 1823 128 47 quoy
756 1823 93 48 que
863 1803 101 46 cela
977 1821 58 27 ne
1047 1798 189 66 paroiffe
1253 1816 78 47 pas
1352 1797 192 53 d’abord,
1556 1800 134 66 j'ef-

524 1874 197 64 percrois
734 1882 221 52 pourtant
968 1867 39 45 le
1020 1862 110 49 faire
1143 1869 103 70 voir
1257 1863 43 50 fi
1317 1869 43 46 ie
1378 1886 59 32 ne
1456 1872 235 64 craignois

526 1939 155 49 d’eftre
701 1952 101 51 trop
812 1929 145 78 long.
992 1937 74 45 En
1090 1934 105 47 effet
1191 1929 52 78 il
1256 1954 71 44 ya
1340 1935 236 67 beaucoup
1598 1939 119 55 d'a.

524 1996 190 80 parence
726 2020 94 51 que
848 2002 42 48 la
908 2000 139 50 chofé
1066 2003 59 47 eft
1142 2000 149 58 ainfi,
1319 2001 62 47 vû
1402 2003 140 65 qu'en
1563 2004 125 54 deux

524 2074 205 66 palfages
748 2070 212 52 differens
996 2073 129 44 Saint
1159 2067 229 67 Auguftin
1407 2086 72 30 ne
1511 2069 180 51 femble

519 2155 89 51 pas
629 2137 310 57 reconnoiftre
967 2135 227 69 d'autre.
1206 2152 82 35 Ame
1305 2135 112 66 dans
1446 2137 68 50 les
1542 2137 170 50 beftes.

1503 2214 51 53 &
1572 2205 115 54 dans
