1776 2528
279 117 77 51 DE
397 117 782 52 LESVRITDELHOMME.
1300 124 62 59 25

171 190 126 43 Pour
320 187 297 46 commencer
637 203 80 49 par
740 186 61 47 les
823 191 273 61 premieres,
1131 186 233 68 perſonne

121 256 217 63 n'iignore
361 264 91 56 que
474 253 41 47 le
542 269 104 30 mot
676 251 227 70 d'Eſptit,
925 272 62 29 ou
1000 254 195 58 dAme,
1220 273 59 29 ne
1297 253 74 62 ſi-

122 320 145 68 gnifie
297 324 388 63 originairement
708 338 68 97 Ei
954 322 113 49 dans
1105 338 152 32 toutes
1299 323 65 48 les

123 389 216 66 langues,
355 393 97 43 rien
464 403 128 32 autre
614 388 137 48 choſe

122 542 127 49 apres
273 520 221 69 appliquẽ
518 521 26 48 à
564 537 152 32 toutes
737 520 140 48 ſortes
901 522 56 46 de
979 520 197 60 ſoufles;
1207 532 58 38 &
1280 539 88 33 en-

123 589 115 49 ſüite
258 608 127 47 apres
420 592 131 42 auoir
577 585 245 69 remarquẽ
847 605 92 48 que
961 606 116 30 nous
1098 606 59 30 ne
1178 594 190 46 viuions

124 659 245 64 qu'autant
388 655 71 46 de
495 663 148 56 temps
677 671 92 49 que
787 656 123 46 nous
927 652 283 69 reſpirions,
1235 676 63 30 on
1323 659 46 47 la

125 728 88 64 pris
237 740 117 50 pour
377 741 49 28 ce
442 724 215 63 Principe
679 722 58 47 de
757 726 74 44 vie
853 726 82 63 qui
958 724 119 46 nous
1099 720 153 52 faiſoit
1273 724 93 49 reſ-

127 795 139 62 pirer;
294 793 177 64 Depuis
492 789 32 48 il
538 808 27 29 a
583 782 74 79 eſt
648 786 455 70 particuſierement
1123 791 199 48 attribué
1342 793 29 48 à

131 875 115 32 cette
255 862 146 62 partie
415 854 254 70 ſuperieure
681 857 56 48 de
752 857 177 58 lAme,
943 876 79 48 par
1036 858 200 68 laquelle
1249 879 124 29 nous

131 928 261 47 entendons,
405 925 221 58 dautant
639 941 92 50 que
743 924 99 48 ceſt
862 925 44 48 la
930 930 74 43 vie
1025 926 56 47 de
1093 925 204 68 EEſprit;
1322 938 48 39 &

133 993 128 49 enfin
280 1012 82 50 par
380 992 330 49 reſſemblance
734 1011 104 31 ona
861 991 161 50 donnõ
1040 1013 49 28 ce
1111 1012 118 30 nom
1252 995 25 47 à
1300 1015 73 30 ces

133 1056 352 75 Intelligences,
501 1064 306 45 entierement
820 1062 367 64 independantes
1215 1072 44 40 &
1287 1062 93 49 dé-

136 1127 164 68 gagees
305 1122 71 77 de
379 1128 51 48 la
452 1122 209 77 matiere,
677 1129 136 64 qu'on
831 1147 25 29 a
869 1129 78 47 crũ
953 1130 264 48 occupéesà
1230 1149 145 30 mou-

136 1201 101 43 uoĩr
256 1197 63 48 les
341 1200 176 45 Cicux:
541 1204 43 39 &
603 1194 99 47 ceſt
715 1195 56 47 de
784 1214 73 27 ces
874 1193 140 49 ſortes
1035 1197 58 44 de
1106 1196 270 51 Subſtances

124 1271 60 40 &
217 1266 77 46 des
326 1263 336 67 Corporelles,
687 1280 92 49 que
804 1281 109 29 ceux
944 1278 164 49 contre
1134 1269 84 62 qui
1246 1264 130 67 iagis

138 1329 341 68 preſentement
500 1347 88 33 ont
609 1330 79 48 crũ
711 1347 92 51 que
822 1346 129 49 toute
972 1330 42 48 la
1042 1334 183 45 Natute
1243 1332 135 48 eſtoit

141 1397 265 68 composée.
438 1404 79 44 Or
535 1416 119 49 pour
672 1395 112 51 faire
796 1402 102 45 voir
919 1417 107 29 auec
1039 1398 99 68 plus
1161 1401 57 46 de
1230 1397 149 60 force,

142 1473 46 41 &
203 1482 106 30 tout
329 1465 244 51 enſemble
593 1484 109 31 auec
719 1465 104 65 plus
838 1466 289 54 d'cuidence,
1160 1485 91 50 que
1275 1467 102 48 c'eſt

142 1528 30 49 à
187 1548 68 28 ces
274 1529 140 50 ſortes
427 1534 41 45 d
472 1531 194 68 Eſprits,
689 1550 194 49 prenant
897 1553 48 27 ce
957 1550 103 31 mot
1080 1534 114 48 dans
1216 1535 42 47 le
1268 1536 110 46 der-

142 1589 99 82 nier
247 1633 131 19 ſens,
396 1615 95 47 que
511 1599 44 47 la
579 1598 172 49 Peno
773 1605 224 45 conuient
1016 1605 362 62 priuatiuement

145 1662 36 50 à
191 1679 104 33 tous
317 1678 174 36 autres;
517 1673 49 54 &
583 1683 118 45 pour
723 1666 146 48 cuiter
890 1683 151 30 toutes
1063 1665 141 53 ſortes
1227 1666 56 47 de
1304 1666 77 47 di-

145 1730 244 51 ſtinctions
412 1738 45 41 &
469 1727 381 69 d'equiuoques,
867 1735 47 40 ie
929 1731 230 45 demande
1178 1728 202 67 premie-

147 1815 183 32 rement
346 1797 27 49 à
392 1817 88 29 nos
505 1794 271 58 aduerſaires
799 1815 47 29 ce
867 1795 133 67 quils
1025 1798 255 48 entendent
1300 1817 81 47 par

150 1884 68 29 ces
244 1867 214 65 paroles,
481 1871 302 45 SvBSVANCE
808 1869 375 49 SVRITVVE·elE
1220 1864 61 48 IIs
1306 1884 77 31 me

150 1932 294 65 rpondtont
464 1934 142 68 qu'ils
621 1934 253 48 entendent
903 1952 91 30 vne
1017 1928 252 78 Subſtance
1283 1936 98 48 Im-

148 2001 282 47 materielle:
443 2006 48 44 Iẽ
504 2001 94 48 leur
614 1999 229 50 demande
857 2016 57 30 en
927 1997 168 49 ſecond
1108 1999 117 58 lieu,
1247 2003 137 66 quel-

153 2063 46 48 le
219 2070 176 45 notion
418 2079 44 38 &
455 2062 174 80 quelle
645 2067 97 52 idee
759 2068 54 47 ils
825 2083 87 33 ont
931 2066 56 48 de
998 2082 118 31 cette
1137 2067 249 54 Subſtance

151 2134 340 68 Immaterielle,
501 2147 82 62 &
611 2157 48 30 ce
684 2136 142 68 qu'ils
844 2137 286 70 congoiuent
1150 2141 163 63 quand
1334 2140 61 62 ils

1160 2211 48 47 D

779 406 90 50 que
892 388 93 48 lair
1007 395 91 59 que
1111 407 117 29 nous
1250 395 127 43 atti-

122 474 109 30 rons
256 466 44 38 &
324 473 269 47 renuoyons
607 456 114 46 dans
743 456 43 47 la
800 454 300 68 reſpiration;
1124 474 65 29 on
1210 456 43 47 la
1263 462 104 61 puis

1720 2419 9 19 —

1732 2385 16 31 —
