1776 2528
1300 91 16 10 .

519 90 384 57 P.REFACEI

131 159 153 72 ßaſſe,
316 158 41 50 le
377 161 60 47 ne
456 155 69 52 dis
546 178 75 48 pas
645 160 113 47 dans
789 156 87 51 ſon
897 163 189 63 Corps;
1109 161 114 46 mais
1240 169 88 41 en

120 232 115 64 Iuy;
251 227 121 51 C'eſt
384 244 247 53 pourquoy
645 227 161 67 quand
818 245 90 32 vne
919 225 137 49 choſe
1071 230 82 63 qui
1164 225 136 68 penſe

120 296 207 51 cherche
348 315 50 29 ce
421 313 91 52 que
531 295 100 48 ceſt
643 295 144 67 quvn
808 293 175 69 Eſprit,
1013 294 101 67 ceſt
1135 292 26 50 à
1184 294 114 59 dire,

134 384 47 29 ce
191 364 169 68 qu'elle
381 365 87 56 eſt,
487 366 339 45 certainement
842 363 91 53 elle
962 366 105 45 doit
1096 367 204 44 counoi-

117 431 98 49 ſtre
237 431 167 69 qu'elle
424 430 285 65 cherche,
659 424 54 80 &
732 430 168 69 qu'elle
921 430 60 47 eſt
1004 428 92 52 vne
1117 433 182 46 Nature

132 504 82 63 qui
226 496 163 71 penſe,
413 496 251 69 laquelle
614 490 61 81 ſe
677 497 196 48 cherche
896 497 85 47 elle
994 494 198 57 meſme;
1208 502 91 44 Car

132 567 84 47 clle
237 586 60 29 ne
315 582 109 50 peut
436 584 78 49 pas
528 564 43 48 ſe
594 564 217 49 chercher
832 580 264 31 autrement
1116 581 94 49 que
1219 583 81 46 par

130 635 89 47 elle
241 631 210 60 meſme;
477 630 100 48 ceſt
597 629 27 49 à
645 631 128 57 dire,
797 649 79 49 par
898 629 64 49 ſes
975 630 199 66 pensces.
1200 636 102 45 Re-

121 698 311 51 connoiſſant
455 699 124 48 donc
591 698 167 69 qu'elle
770 697 43 49 ſe
826 697 218 58 cherche,
1068 698 86 48 elle
1174 696 43 50 ſe
1229 717 80 30 re-

122 767 226 51 connoiſt
379 785 78 50 par
471 764 175 50 meſme
659 784 210 47 moyen;
898 775 44 39 &
958 781 105 33 tout
1075 772 48 42 ce
1136 767 167 66 qu'elle

134 834 213 58 connoiſt
358 851 118 50 pour
490 835 90 48 lors,
628 833 84 47 elle
726 834 40 46 le
777 832 213 50 connoiſt
1002 850 130 32 toute
1153 838 149 44 entie-

124 919 78 35 re;
226 912 45 40 &
265 895 141 70 ainſi
408 901 102 48 elle
529 900 44 49 ſe
585 900 213 49 connoiſt
823 916 130 33 toute
971 904 201 50 entiere;
1199 900 113 51 ceſt

124 966 169 62 àdire,
328 970 85 47 elle
459 972 269 64 Sappergoit
764 969 77 46 des
875 969 119 48 deux
1024 969 274 67 principales

133 1034 178 51 ſources
333 1038 57 46 de
411 1035 63 49 ſes
496 1034 199 68 penſces.
719 1029 76 77 Que
802 1033 65 49 ſi
882 1035 83 48 elle
975 1054 59 30 ne
1048 1033 50 51 ſe
1100 1036 198 49 cherche

128 1121 81 48 pas
233 1120 104 33 tout
356 1108 203 53 entiete,
581 1119 138 49 ayant
738 1100 119 52 deſia
869 1101 162 51 trouuè
1050 1096 82 78 vne
1146 1109 153 61 partie

132 1170 131 49 c'elle
275 1170 202 59 meſme,
501 1170 98 49 ceſt
622 1169 26 49 à
672 1168 187 64 ſcauoir
881 1171 417 57 LEntendement,

125 1255 88 48 par
224 1238 234 67 exemple,
489 1242 82 64 qui
595 1237 59 48 eſt
675 1238 41 48 la
736 1241 224 63 premiere
987 1234 159 51 ſource
1147 1230 53 80 de
1199 1235 98 51 ſes

133 1304 209 65 penſces,
363 1321 178 34 toutes
557 1302 88 54 fois
666 1322 132 51 parce
819 1304 168 67 qu'elle
1008 1323 59 33 ne
1091 1321 107 51 peut
1223 1324 76 49 pas

128 1368 50 50 ſe
199 1374 216 48 chercher
437 1370 100 52 ſans
567 1375 62 64 sy
652 1371 240 68 employer
922 1388 133 33 toute
1090 1377 210 53 entiete,

130 1439 104 47 ceſt
247 1439 26 48 à
281 1441 133 57 dire,
441 1438 99 51 ſans
553 1457 165 32 mettre
730 1437 93 52 ſon
834 1441 348 50 Entendement
1199 1449 43 40 &
1257 1439 46 50 ſa

126 1506 229 47 Volontè
370 1517 64 38 en
454 1512 230 49 exercice;
710 1510 122 47 Ln
854 1523 162 33 entant
1040 1524 58 51 qu
1109 1508 98 49 elle
1217 1526 80 49 ap-

123 1575 219 61 percoit,
368 1583 46 38 &
436 1574 158 48 Lautre
611 1591 165 32 entant
788 1592 90 51 que
902 1574 99 49 ceſt
1020 1574 286 54 delle-meſ-

128 1655 86 30 me
237 1637 169 66 qu'elle
435 1637 43 47 ſe
500 1658 133 45 porte
652 1640 26 49 à
704 1658 118 31 cette
847 1643 281 59 recherche,
1152 1658 151 37 toutes

128 1703 72 48 les
223 1703 184 68 ſources
423 1704 58 48 de
498 1703 64 50 ſes
584 1706 193 64 penses
786 1707 108 48 ſont
918 1710 173 45 deuant
1112 1709 105 46 elles
1247 1709 58 45 de

126 1770 118 50 telle
269 1771 121 50 ſorte
409 1776 211 64 querien
642 1790 60 29 ne
725 1769 77 68 luy
834 1769 201 65 ſcauroit
1068 1770 110 49 eſtre
1202 1771 101 68 plus

111 1836 207 70 Preſent
343 1840 168 68 qu'elle
523 1838 186 50 meſme.
1211 1860 50 26 —

137 1914 149 63 Ce
305 1908 183 68 paſſage
515 1927 59 30 ne
597 1923 175 52 permet
784 1927 104 48 pas,
913 1908 27 49 à
962 1927 121 31 mon
1102 1908 203 56 auisde

113 1972 193 50 douter
350 1978 86 48 dui
443 1975 263 51 ſentiment
741 1976 56 47 de
843 1980 129 44 Saint
1011 1974 230 68 Auguſtin
1269 1973 34 52 ſi

136 2037 161 79 toute-
303 2042 111 49 fois
443 2044 32 49 il
493 2063 30 47 y
548 2064 25 30 a
599 2042 258 70 quelqu'vn
879 2041 25 50 à
935 2045 82 65 qui
1037 2042 36 52 il
1094 2041 111 48 reſte
1218 2062 85 29 en-

140 2122 110 45 core
272 2111 200 68 quelque
490 2111 239 71 ſcrupule,
751 2117 39 46 ie
806 2111 41 51 le
857 2116 97 64 prie
965 2111 30 52 d
998 2111 246 63 examiner
1257 2131 49 31 ce

125 2206 53 14 *
