1776 2528
966 98 364 56 PREFACE

548 178 113 47 &oit
681 175 43 48 le
745 180 150 61 Corps
920 191 162 31 contre
1103 174 41 48 le
1176 186 309 35 mouuement
1511 171 59 50 de
1598 171 132 50 l'ob-

552 249 69 59 jet
645 281 15 20 ,
689 243 32 49 il
742 244 73 48 n'a
836 260 78 49 pas
934 238 161 51 eftimé
1124 240 168 68 qu'elle
1317 240 59 48 fit
1406 240 93 48 cela
1531 258 80 49 par
1640 240 89 49 elle

551 309 184 50 mefme
756 348 14 21 ,
802 313 115 45 mais
939 327 80 48 par
1047 308 42 48 le
1116 327 176 46 moyen
1325 310 77 47 des
1432 307 158 69 efprits
1621 313 129 51 ani-

551 383 164 44 maux.
752 384 125 58 Cecy
905 378 325 47 demanderoit
1250 376 269 68 peut-ceftre
1544 393 68 31 vn
1640 394 90 49 peu

550 445 274 68 dauantage
836 443 327 68 d'explication
1176 443 137 50 :mais
1325 462 183 31 comme
1523 446 83 64 j'ay
1627 443 104 64 déja

550 513 107 59 dit,
684 516 186 60 j'aurois
884 529 109 49 peur
1004 511 158 49 d’eftre
1182 529 271 47 ennuyeux:
1478 516 52 44 le
1548 530 61 30 ne
1629 518 102 61 puis

552 578 254 51 toutesfois
840 579 107 49 finir
981 595 117 32 cette
1126 582 193 45 matiere
1349 577 103 51 fans
1491 597 242 50 rapporter

556 666 73 30 vn
649 648 187 66 paflage
864 649 57 46 de
953 646 251 67 Plutarque
1238 643 247 52 conforme
1514 642 106 52 à'ce
1640 664 93 51 que

558 731 124 31 nous
712 731 180 33 venons
929 714 58 46 de
1017 717 139 49 voir
1122 708 48 71 ;
1196 712 34 48 il
1255 713 60 47 eft
1340 713 176 50 couché
1546 716 113 47 dans
1691 717 44 48 le

559 786 142 49 Liure
724 783 57 47 de
803 781 42 47 la
868 778 211 66 Sagacité
1098 780 77 48 des
1193 781 240 48 Animaux
1464 799 58 30 en
1547 801 70 28 ces
1642 799 90 32 ter-

559 868 122 41 mes;
699 845 269 69 [Ilyaaufli
981 846 276 51 vndifcours
1270 848 58 49 de
1351 848 245 50 Stratonle
1610 851 123 65 Phy-

554 916 148 50 ficien
723 954 14 20 ,
768 919 81 65 qui
872 930 187 33 montre
1087 919 149 63 qu'on
1267 935 59 29 ne
1358 914 202 65 fçauroit
1590 914 143 53 fentir

556 996 65 37 en
649 1001 179 46 aucune
858 980 146 65 façon
1034 980 104 52 fans
1166 985 46 48 la
1239 982 166 71 penfée
1430 986 64 48 de
1522 984 207 69 l'Efprit:

562 1057 94 43 Car
686 1053 33 46 il
751 1054 148 45 arriue
928 1049 198 51 fouuent
1160 1069 91 50 que
1291 1069 121 31 nous
1450 1070 285 50 parcourons

555 1120 84 49 des
681 1137 119 48 yeux
837 1118 63 48 Îles
938 1118 133 48 letres
1112 1119 140 51 d'vne
1281 1117 231 61 écriture,
1551 1129 48 40 &
1640 1139 95 49 que

560 1205 86 31 nos
668 1184 179 51 oreilles
868 1184 106 52 font
990 1184 174 69 frapées
1187 1206 81 49 par
1293 1188 42 49 le
1366 1184 86 52 fon
1480 1188 77 48 des
1591 1206 141 49 paro-

558 1255 64 47 les
644 1292 14 20 ,
686 1254 102 49 fans
809 1272 92 49 que
920 1273 117 30 nous
1059 1255 62 47 les
1143 1257 282 46 entendions
1457 1273 63 45 ny
1552 1273 181 48 aperce-

554 1327 165 52 uions,
742 1323 159 65 quand
923 1319 151 51 noftre
1094 1320 150 68 Efprit
1263 1321 60 48 eft
1345 1320 188 69 apliqué
1552 1320 26 50 à
1601 1324 131 66 quel-

552 1406 95 50 que
676 1405 129 32 autre
833 1388 131 63 objet
988 1425 14 20 ,
1036 1388 211 48 chacune
1280 1388 257 68 defquelles
1568 1389 160 50 chofes

532 1460 299 46 neanmoins
855 1458 175 44 reuient
1063 1473 159 49 apres,
1253 1466 45 39 &
1334 1456 44 49 fe
1409 1456 258 67 reprefente
1698 1457 29 48 à

551 1522 156 49 noître
727 1521 190 67 penfée,
937 1520 102 48 c'eft
1067 1522 249 69 pourquoy
1347 1525 98 46 l'on
1473 1525 104 52 dit,
1610 1524 119 62 Qu'il

551 1593 71 62 n'y
650 1607 29 30 a
700 1608 77 49 que
798 1586 166 67 l'Efprit
985 1593 69 63 qui
1075 1603 129 48 voye,
1239 1603 62 41 e9'
1322 1590 163 49 entende
1508 1631 15 21 |
1551 1605 64 41 éx*
1646 1611 79 48 que

546 1661 60 46 les
625 1675 137 31 autres
785 1654 124 68 chofes
917 1654 96 68 font
1022 1654 193 68 fourdes,
1247 1671 61 42 ex
1334 1661 184 64 aueugles
1541 1678 12 26 :
1584 1664 142 44 Parce

553 1744 95 51 que
670 1727 45 49 la
740 1725 177 69 pañlion
939 1725 76 49 des
1036 1742 120 50 yeux
1176 1735 46 40 &
1237 1727 77 47 des
1337 1725 207 58 orcilles,
1560 1728 164 65 quand

548 1797 109 47 elles
699 1794 107 50 font
844 1792 174 67 frapées
1050 1795 77 44 des
1160 1792 149 59 objets
1346 1791 197 50 n'excite
1572 1812 153 31 aucun

550 1860 256 56 fentiment
826 1896 14 21 ,
864 1859 35 46 fi
920 1860 44 45 la
982 1855 164 69 penfée
1169 1856 58 50 de
1250 1855 177 74 l'Efprit
1452 1878 59 32 en
1535 1861 61 48 cft
1616 1861 110 58 éloi-

552 1927 160 71 gnée.
679 1923 27 79 |

648 2004 305 44 Retournons
974 1993 26 50 à
1021 1998 130 48 Saint
1173 1993 257 69 Auguftin,
1455 2001 48 41 &
1528 1994 198 53 tâchons

549 2066 62 49 de
624 2066 240 50 découurir
878 2065 66 47 s’il
956 2062 60 49 eft
1029 2081 164 30 encore
1207 2062 216 48 d'accord
1442 2080 109 33 auec
1575 2071 150 44 Mon-

553 2129 116 57 fieur
701 2133 237 58 Defcartes
975 2129 228 52 touchant
1232 2130 203 53 l'Vnion
1471 2133 59 51 de
1573 2135 154 50 l’Ames
