1776 2528
287 119 82 50 DE
400 116 424 52 L'EsPRIT'DE
857 112 313 72 L'HoMmez.
1323 140 62 40 25

122 189 137 48 -cune
272 184 236 53 Penséeau
514 226 189 20 Corps,
717 206 64 47 ny
793 205 179 31 aucune
985 187 398 51 EftendüeàlEf-

120 256 123 69 puit.
724 294 3 2 :
1322 281 3 3 cc

207 327 126 44 Pour
358 321 142 51 éuiter
523 323 44 48 la
587 320 126 51 force
742 323 59 47 de
832 339 118 41 cette
979 323 400 61 demonftration,

128 388 95 50 nos
236 395 163 62 parties
421 388 206 51 aduerfes
649 389 150 49 difent
817 394 115 44 trois
955 388 172 50 chofes.
1187 396 65 42 La
1274 410 105 48 pre-

135 461 168 54 miere,
326 477 90 47 que
440 459 43 46 la
505 459 330 49 connoiffance
855 455 212 50 fenficiue
1094 458 129 65 qu'ils
1243 465 133 41 attri-

124 520 157 52 ‘buent
294 524 21 48 à
330 524 221 66 quelques
565 532 151 57 Corps
739 523 61 46 eft
820 524 112 47 d'vn
961 516 134 78 genre
1114 516 92 78 tour
1218 523 53 49 à
1283 522 92 52 fait

128 590 224 50 different
365 592 56 45 de
435 590 110 46 celle
570 590 57 46 de
648 589 392 52 l'entendement;
1066 594 67 43 La
1158 589 215 61 feconde,

131 653 92 67 que
235 654 100 50 fans
350 673 121 31 cette
480 654 329 50 connoiffance
831 656 61 47 les
914 660 188 43 actions
1120 653 77 51 des
1219 658 153 48 brutes

126 717 54 77 ne
169 721 306 64 fçauroient
496 724 274 66 s'expliquer
791 760 13 21 ,
838 733 44 38 &
918 740 187 50 partant
1133 725 111 63 qu’il
1272 722 99 51 faut

134 790 336 58 reconnoiftre,
497 809 64 29 ou
581 809 90 47 que
693 790 61 48 les
776 796 152 61 Corps
949 789 107 50 font
1078 790 206 68 capables
1314 794 57 47 de

128 856 227 68 quelques
385 856 219 69 penfées,
640 878 63 27 ou
704 852 221 80 eftablir
941 876 95 30 vne
1048 859 324 68 Intelligence

126 940 121 48 pour
260 926 42 48 la
315 928 220 47 conduite
548 926 57 47 de
618 925 369 67 chaqueanimal
1001 946 9 33 ;
1028 930 66 43 La
1115 926 250 66 troifiéme,

129 1003 88 52 qu
227 991 182 50 fuiuant
422 993 152 50 noftre
585 997 200 63 opinion
800 1031 13 19 ,
831 994 60 46 les
906 999 152 61 Corps
1081 1012 59 29 ne
1165 991 200 52 feroient

131 1075 78 47 pas
218 1058 252 51 feulement
484 1064 155 64 priuez
651 1062 57 47 de
721 1060 43 48 la
775 1058 189 69 penfée,
980 1066 113 42 mais
1118 1080 167 30 encore
1307 1064 66 61 de

121 1123 54 49 da
163 1119 213 80 vie,puis
383 1119 173 80 qu’elle
577 1125 43 49 fe
632 1141 245 35 rencontre
892 1127 114 48 aufli
1028 1129 114 48 dans
1160 1128 68 49 les
1251 1128 123 49 fubt

124 1189 172 55 ftances
320 1195 296 68 Spirituelles.
679 1198 290 48 Examinons
995 1213 69 28 ces
1080 1195 177 47 chofes
1283 1214 80 47 par

117 1262 158 50 ‘Ordre,
306 1268 62 43 ‘Ie
390 1262 167 69 répons
570 1267 488 63 premierement
920 1257 27 78 ,
953 1257 98 78 que
1073 1261 42 48 la
1137 1262 224 49 connoif-

76 1329 3 4 ”
127 1322 377 67 fancefenfitiue,
521 1341 46 38 &
580 1330 421 48 Pintelleuellene
1020 1327 106 50 font
1148 1349 76 46 pas
1247 1332 113 48 d'vn

120 1409 145 48 genre
277 1398 214 48 different
501 1400 163 65 quand
680 1416 64 31 on
757 1397 451 67 lesregardeenelles
1236 1397 124 49 mef-

118 1475 196 46 mes,
261 1460 27 77 &
334 1466 189 65 qu'elles
549 1485 60 29 ne
629 1464 107 49 font
757 1470 137 63 point
915 1481 262 37 autrement
1202 1473 156 60 oppo:

118 1524 94 49 Lées
233 1547 95 45 que
347 1551 189 30 comme
559 1535 119 45 deux
701 1533 260 48 differentes
981 1537 225 43 manieres
1228 1535 130 62 d'ap-

121 1600 252 59 perceuvir.
431 1599 415 57 Secondement,
795 1594 53 69 fi
864 1600 94 47 cela
982 1600 158 56 eftoit,
1162 1598 62 48 ou
1248 1599 108 46 bien

122 1660 41 48 la
176 1665 204 45 maniere
398 1662 58 47 de
470 1665 273 45 connoïftre
762 1684 78 45 par
860 1666 62 45 les
942 1664 97 47 fens
1063 1654 293 62 feroittom-

115 1745 219 34 muneau
346 1736 153 62 Corps
512 1739 27 38 &
566 1727 29 49 à
607 1727 196 68 PEfprit,
819 1747 62 28 ou
895 1730 110 45 bien
1026 1729 86 44 elle
1133 1745 59 28 ne
1212 1746 144 46 pour+

121 1801 91 43 roit
226 1802 224 45 conuenir
461 1800 139 65 qu’au
616 1797 151 68 Corps
778 1794 135 50 feul..
924 1799 74 44 Or
1010 1813 65 29 on
1088 1813 59 29 ne
1158 1811 108 52 peut
1277 1814 78 46 pas

118 1864 100 48 dire
242 1864 41 49 Le
306 1871 194 62 premier
522 1905 13 20 ,
560 1866 134 67 parce
706 1858 106 79 que
845 1865 41 48 la
918 1863 328 49 connoiffance
1276 1862 78 49 des

113 1927 106 52 Lens
231 1935 110 46 n’eft
361 1954 78 48 pas
462 1953 65 31 va
519 1928 105 78 des
638 1928 221 78 attributs
868 1932 126 47 de.la
1019 1929 241 50 fnbftance,
1269 1941 81 46 .&

122 2013 118 34 nous
264 2019 145 32 auons
432 1998 264 53 demonftré
710 1996 389 69 querFEfptit.&
1121 1996 52 47 le
1197 2003 153 63 Corps

122 2071 237 44 nauoient
377 2075 96 43 rien
496 2087 126 31 autre
644 2065 136 51 chofe
806 2068 204 48 entr'eux
1035 2064 57 46 de
1117 2072 234 61 commun

109 2145 109 50 que
231 2150 74 29 ces
325 2132 140 69 fortes
480 2137 265 65 d’attributs
764 2158 24 34 :
815 2141 86 45 On
915 2151 74 51 ne
1004 2148 232 53 peutinon
1252 2136 101 69 plus

1039 2207 46 46 D
1118 2204 46 63 ii
