1776 2528
434 116 62 51 6
851 113 361 45 TRAITT
1554 111 39 40 Ju

429 199 59 30 en
508 178 203 70 parlent;
738 176 41 47 Il
801 174 100 51 faut
922 176 134 67 qu'ils
1079 180 206 45 auoũent
1308 173 136 70 qu'ils
1469 194 60 31 ne
1550 181 124 44 con-

433 252 190 59 goiuent
641 249 124 53 rien,
793 253 45 39 &
853 244 132 65 qu'ſls
1005 247 105 45 men
1126 261 88 31 ont
1226 262 180 32 aucune
1424 243 102 50 idée
1541 243 131 69 poſi-

433 320 129 51 tiue,
595 332 62 29 ou
680 312 137 66 qu'ils
848 308 256 52 confeſſent
1128 312 137 67 qu'ils
1288 312 261 49 entendent
1579 330 92 31 vne

429 380 238 51 ſubſtance
678 384 83 62 qui
773 398 25 29 a
810 379 41 48 la
862 376 171 50 facultè
1045 380 356 66 dapperceuoir,
1418 388 44 40 &
1476 381 58 47 de
1545 398 126 32 vou-

432 449 112 54 loir;
569 447 99 49 ceſt
681 446 25 49 à
724 448 96 46 dire
841 465 57 30 en
911 465 67 30 vn
997 463 121 41 mot,
1141 465 92 31 vne
1245 446 138 49 choſe
1404 453 84 61 qui
1505 445 166 52 Penſe.

430 516 130 50 Drod
573 520 41 44 ie
633 514 188 58 canclus
843 531 92 50 que
954 513 205 49 Leſſence
1170 515 57 47 de
1239 515 43 47 la
1298 514 250 48 Subſtance
1561 520 109 62 Spi-

428 584 192 55 rituelle
638 580 194 51 conſiſte
861 601 59 30 en
954 601 49 27 ce
1032 599 93 49 que
1155 581 98 48 ceſt
1286 599 95 30 vne
1409 580 139 49 choſe
1586 588 85 61 qui

432 649 167 56 Penſe;
624 655 100 62 puis
737 666 93 49 que
842 647 181 49 ſuiuant
1037 649 62 46 ſes
1112 652 234 63 Principes
1357 649 60 49 de
1431 648 96 48 leur
1540 654 132 44 Mai-

429 719 85 49 ſtre
534 718 236 56 Ariſtote;
798 715 206 48 eſſence
1039 716 57 46 de
1115 715 182 66 chaque
1318 709 138 76 choſe
1462 709 211 76 conſiſte

425 805 63 29 en
501 807 74 37 ce,
589 783 99 50 ſans
702 801 128 49 quoy
843 781 85 49 elle
939 800 60 29 ne
1012 798 108 51 peut
1140 781 111 48 eſtre
1273 789 216 42 conceuè.
1517 783 39 49 Il
1570 781 106 51 faut

426 854 132 49 donc
576 870 94 48 que
684 871 54 28 ce
756 849 93 49 ſoit
868 850 46 47 la
937 847 172 51 Pense
1129 854 84 63 qui
1231 849 230 62 conſtitus
1484 850 194 68 Eſprit

426 921 120 49 dans
568 920 44 47 la
626 935 163 32 nature
812 919 96 46 de
947 917 176 54 Spirituel,
1148 927 46 39 &
1223 918 367 59 d'mmatericl;
1617 929 50 40 &

427 1003 187 50 partant
639 985 169 68 qu'elle
827 1003 59 29 ne
969 985 143 68 puiſſe
1145 987 269 48 rencontrer
1435 986 116 50 dans
1577 1005 97 33 vnc

428 1053 238 51 ſubſtance
688 1053 288 67 Corporelle-

469 1126 124 45 Mais
606 1137 108 52 peut
728 1121 109 47 eſtre
844 1122 320 48 aimeront-
1098 1117 89 76 ils
1176 1124 156 47 micux
1344 1125 174 45 auoũer
1531 1122 139 67 qu'ils

429 1192 136 47 n'ont
577 1208 177 31 aucune
764 1193 172 45 notion
945 1188 199 69 poſitiue
1166 1191 57 47 de
1241 1191 44 47 la
1305 1188 238 50 ſubſtance
1564 1194 118 62 Spi-

428 1258 217 57 tituelle,
672 1267 45 37 &
740 1257 133 66 qu'ils
896 1276 59 28 ne
975 1255 190 64 ſcauent
1187 1277 49 27 ce
1260 1274 94 49 que
1372 1257 135 57 ceſt,
1530 1254 139 52 ſinon

425 1321 303 69 ſimplement
747 1323 168 66 qu'elle
936 1313 110 81 meſt
1055 1342 100 47 pas
1178 1323 282 55 Materielle;
1485 1343 63 29 ou
1558 1324 111 51 bien

428 1391 56 49 ils
504 1393 160 46 diront
685 1407 93 51 quẽ
809 1390 44 48 la
872 1387 171 50 Penſce
1071 1395 81 60 qui
1182 1390 78 67 luy
1293 1391 59 48 eſt
1381 1409 202 51 propre,
1606 1392 63 48 eſt

428 1457 114 49 celle
556 1462 82 61 qui
650 1461 261 62 appartient
921 1455 30 49 à
966 1457 25 46 l
995 1457 367 50 Entendement.
1376 1460 122 49 C'eſt
1517 1471 152 55 pour-

427 1542 133 50 quoy
615 1542 82 29 pour
718 1522 200 49 cclaircir
940 1524 264 67 dauantage
1228 1541 118 31 cette
1360 1529 234 56 Matiere,
1618 1536 49 41 &

427 1594 96 49 Lur
535 1609 117 31 oſter
664 1608 104 32 tout
778 1589 268 70 ſcrupule,
1003 1585 54 80 ie
1058 1589 193 71 ſuppoſe
1274 1610 58 31 en
1344 1597 198 64 premier
1556 1593 111 61 lieu,

427 1679 94 49 que
542 1661 42 47 lk
610 1660 249 51 Subſtance
876 1659 62 50 eſt
960 1659 42 49 le
1024 1665 158 45 Gente
1200 1658 268 61 ſouuerain,
1482 1664 122 45 dont
1624 1663 45 46 le

427 1736 154 61 Corps
596 1738 44 40 &
654 1720 19 81 lI
675 1727 162 69 Eſprit
858 1726 108 51 ſont
979 1728 192 50 lesdeux
1190 1733 251 60 premieres
1456 1735 45 40 &
1522 1724 144 52 ſeules

427 1796 216 69 Eſpcces.
663 1801 74 44 En
750 1795 170 49 ſecond
936 1796 115 55 lieu;
1073 1798 93 59 que
1176 1809 81 49 par
1279 1792 41 47 le
1342 1799 150 64 Corps
1512 1794 55 49 ils
1579 1813 88 31 en-

426 1865 198 51 tendent
637 1874 110 36 auec
758 1879 113 45 moy
884 1876 132 31 toute
1028 1858 119 50 ſorte
1160 1861 58 47 de
1231 1859 249 51 Subſtance
1502 1867 164 44 Mate-

427 1933 133 47 rielle
571 1942 43 39 &
630 1928 298 68 Eſtenduẽ,
882 1921 41 81 &
942 1946 79 50 par
1033 1926 182 72 Eſprit
1225 1949 92 30 vne
1328 1926 138 50 choſe
1477 1931 186 50 Imma-

427 1999 174 51 terielle
623 2009 45 42 &
691 2016 102 33 non
813 1997 241 52 Eſtendue.
1086 2003 69 43 En
1173 1989 228 82 troiſiéme
1407 1994 136 62 lieu,
1569 2016 96 51 que

427 2062 185 66 leſpece
631 2086 59 31 ne
709 2065 204 66 ſcauroit
933 2068 225 44 conuenir
1176 2080 87 30 aux
1286 2060 156 53 choſes
1465 2068 25 45 à
1511 2071 85 63 qui
1620 2067 44 49 le

427 2135 162 61 Genre
607 2137 307 67 mappartient
932 2148 108 52 pas;
1057 2146 190 49 comme
1265 2148 82 50 par
1369 2134 235 68 exemple,
1625 2132 40 67 ſi

601 2222 11 13 —
638 2238 8 4 D
