1776 2528
746 95 445 47 PREEACE.
1669 101 53 8 —

334 189 131 10 eux-
477 163 43 50 là
536 162 257 48 ſeulement
812 165 82 62 qui
914 158 106 51 ſont
1043 162 114 47 dans
1188 159 71 49 les
1281 174 168 33 erreurs
1481 174 66 53 que
1568 161 96 48 ie⸗

339 232 153 51 taſche
512 231 55 47 de
590 226 190 60 refuter,
805 247 107 28 auec
943 226 193 68 leſquels
1161 225 173 49 meſme
1356 231 42 44 ie
1423 229 245 57 voudrois-

340 301 65 48 Sil
417 291 140 77 eſtoit
567 291 191 77 poſſible
779 312 186 31 trouuer
986 296 203 67 quelque
1211 313 173 47 moyen
1407 295 242 49 d'accom-

339 367 294 50 modement.
676 363 39 47 Il
735 359 205 52 faudroit
960 381 116 49 põur
1100 363 101 48 cela
1227 380 92 50 que
1330 355 138 79 nous
1500 364 151 48 chan-

320 427 231 79 geaſſions
570 427 80 79 les
673 449 83 30 vns
778 450 63 29 ou
862 432 62 46 les
946 447 173 37 autres;
1152 434 46 44 Si
1213 435 58 43 ic
1273 431 108 46 leur
1411 425 253 78 propoſois

346 505 57 44 de
417 506 172 63 quitter
614 500 94 46 lour
729 515 155 50 party.
907 499 52 46 ils
982 498 123 66 nele
1126 502 319 44 trouueroient
1467 517 78 48 pas
1564 502 93 45 rai-

347 568 257 53 ſonnable;
649 585 128 49 parce
799 565 130 68 qu'ils
956 563 43 49 ſe
1021 582 205 48 croyent
1246 565 63 47 les
1329 565 100 65 plus
1451 571 227 54 ànciens;-

351 655 187 30 comme
562 634 66 47 Sil
650 653 34 45 y
701 637 132 44 auoit
855 633 97 47 rien
977 637 79 61 qui
1094 633 98 65 puſt
1223 632 115 47 eſtre
1363 633 101 66 plus
1493 637 189 45 ancien.

354 723 91 50 que
469 703 43 47 la
533 699 170 52 veritè.
725 703 58 43 Ie
812 718 128 31 veux
950 700 125 47 donc
1095 717 68 28 me
1176 699 173 47 rendre
1372 700 102 66 plus
1504 699 179 55 facile;

355 779 93 42 Car
464 775 40 44 ie
516 766 263 51 conſens
716 761 72 77 de
798 784 76 29 me
886 783 166 48 ranger
1068 765 56 47 de
1146 766 95 47 leur
1265 766 147 57 coſtè,
1435 767 88 47 Sils
1548 786 132 48 peu-

354 855 113 32 uent
489 837 162 48 rendre
671 835 96 47 leur
786 838 235 63 opinion,
1047 833 304 49 touchant
1293 829 77 76 la
1390 837 195 46 Nature
1608 837 80 46 de⸗

358 908 152 48 lAme,
610 903 69 47 plus
700 901 213 64 croyàble
930 910 57 39 &
1000 901 100 66 plus
1121 901 279 65 intelligible
1431 920 91 51 que
1555 903 136 49 celle-

359 975 56 48 de
432 923 244 99 —2
692 967 268 55 Deſcartes;
972 972 122 45 Mais
1106 966 256 70 iuſques-
1308 962 67 80 là,
1409 971 52 47 ilè
1477 988 74 29 me
1564 989 104 49 per-

360 1054 231 36 mettront
611 1038 57 46 de
688 1037 236 47 demeurer
945 1036 115 49 dans
1084 1053 100 32 vne
1197 1035 141 48 Ecole
1358 1036 66 48 od
1458 1038 98 48 Pon
1584 1056 86 30 en-

362 1107 115 50 tend
489 1107 63 47 du
566 1108 155 45 moins
734 1124 48 28 ce
795 1122 90 50 que
895 1106 203 56 londit,
1122 1111 46 41 &
1184 1102 64 50 ou
1261 1102 99 51 lon
1384 1103 127 50 neſe
1531 1123 142 32 vante

363 1164 135 83 point
504 1175 63 48 de
578 1171 179 65 ſauoir
771 1191 49 29 ce
832 1175 145 65 qu'on
992 1191 60 32 ne
1062 1168 201 68 ſcauroit
1276 1173 318 68 comprendre.

439 1247 87 42 Les
569 1238 256 52 troiſiémes,
838 1245 111 62 qui
984 1257 230 50 pourront
1247 1246 204 42 trouuer
1471 1241 229 68 quelque

365 1307 142 49 choſe
529 1307 26 47 à
569 1309 152 47 redire
732 1307 115 50 dans
870 1311 50 43 ce
941 1301 201 80 Traitté-
1147 1326 75 44 cy,
1236 1305 109 49 ſont
1367 1324 121 34 ceux
1511 1313 83 64 qui
1605 1328 75 30 re-

365 1380 168 59 jettent
561 1390 151 32 toutes
734 1374 62 47 les
827 1378 220 62 opinions
1056 1370 149 76 qu'ils
1230 1374 214 49 eſtiment
1475 1376 204 49 nouuel-

370 1443 81 57 les,
474 1451 44 38 &
534 1445 153 61 qui
626 1434 74 80 ne
711 1434 297 80 penſentepas
1019 1434 125 80 qu'il
1160 1441 179 67 puiſſe
1312 1434 28 80 y
1354 1448 130 43 auoir
1501 1448 99 45 rien
1623 1440 107 52 de

371 1508 246 58 veritable,
642 1524 91 49 que
746 1508 226 64 cequreſt
994 1506 350 51 formeſlement
1368 1511 176 47 couchè
1567 1512 139 48 dans

373 1577 215 56 Ariſtote,
610 1575 113 48 dans
738 1573 211 60 Platon,
958 1595 65 29 ou
1042 1578 130 45 dans
1195 1580 221 63 Epicure,
1444 1587 45 40 &
1513 1597 92 48 que
1635 1598 49 28 ce

376 1661 92 48 que
498 1660 131 30 nous
647 1661 146 29 auons
812 1660 220 50 receupar
1060 1644 225 48 tradition
1308 1644 57 48 de
1384 1645 295 66 VAntiquité.

379 1708 203 51 Ceux-là
601 1704 281 80 trouueront
893 1708 116 68 ſans
1030 1713 155 48 doute
1201 1709 96 51 fort
1318 1715 243 54 mauuais;
1595 1731 95 49 que

378 1783 41 42 ie
432 1797 58 29 ne
504 1782 87 44 cite
602 1776 192 68 preſque
808 1798 148 28 aucun
970 1784 174 42 Auteur
1160 1793 92 49 que
1264 1774 124 67 celuy
1401 1770 104 78 dont
1538 1784 54 44 ic
1626 1780 64 49 pré-

380 1860 100 33 tens
495 1846 179 47 debiter
697 1845 61 46 les
770 1843 210 65 pensées;
1010 1861 109 28 aucc
1142 1841 142 67 ſupeu
1298 1843 55 48 de
1367 1843 102 52 ſoin
1635 1800 78 108 .

382 1929 89 49 que
490 1915 83 61 ay
587 1929 110 51 peur
711 1912 28 47 d
745 1912 141 47 auoir
902 1902 192 85 quelque
1114 1902 87 85 foſs
1237 1911 207 51 tranſcrit
1457 1914 64 49 ſes
1543 1935 145 48 pars-

384 1979 60 48 ſes
480 1976 102 50 ſans
608 1981 42 47 le
668 1996 232 34 nommer.
945 1980 64 45 Ie
1027 1978 96 48 leur
1143 1978 261 67 répondray
1437 1989 261 56 premierex

383 2062 133 33 ment
531 2064 90 49 que
635 2066 57 30 ne
707 2045 205 53 meſtant
922 2049 95 44 rien
1029 2048 196 66 propoſe
1235 2049 113 47 dans
1363 2047 124 49 ceto
1499 2067 217 52 uurage,

387 2132 89 47 ue
486 2114 56 48 de
561 2114 218 63 chercher
812 2133 48 30 ce
878 2130 95 51 que
989 2112 47 49 la
1049 2112 116 53 ſeule
1177 2115 191 51 lumiere
1384 2115 60 49 de
1461 2116 43 51 la
1508 2117 208 67 raiſon,
