1776 2528
454 90 155 63 2
862 97 436 53 TEREITTX

602 318 106 64 Que
725 318 103 42 tout
840 322 46 34 ce
901 303 82 74 qui
986 303 135 72 penſe
1135 304 61 71 eſt
1214 299 325 69 Immateriel.

878 437 197 42 CHAP.
1153 434 117 44 JJJJ.

540 573 36 44 E
601 586 59 31 ne
672 566 202 64 ſcaurois
888 566 115 49 aſſex
1018 566 310 56 meſtonner,
1342 565 58 47 de
1413 583 50 49 ce
1484 568 224 65 qu'entrę

541 627 146 78 toutes
703 636 61 46 les
779 635 237 66 queſtions
1036 635 57 45 de
1105 635 43 46 la
1174 631 333 68 Philoſophic,
1532 636 79 63 ny
1634 653 61 32 en

446 720 141 47 Nant
606 716 177 35 aucune
796 705 79 63 qui
892 705 64 43 ait
977 704 161 52 iamais
1161 698 88 50 eſt
1275 716 103 31 tant
1398 701 291 59 recherchée,

445 788 64 47 ny
527 760 224 79 touchant
770 760 192 79 laquelle
986 767 71 65 ily
1081 772 64 43 ait
1167 784 56 30 eu
1245 785 96 31 vne
1359 764 35 50 ſi
1417 769 178 64 grande
1615 770 78 47 di-

445 836 163 50 uerſitè
622 839 271 65 d'opinions
905 853 162 49 parmy
1081 834 62 49 les
1171 832 309 71 Philoſophes
1501 840 188 47 anciens

446 914 48 39 &
514 905 278 57 modernes,
819 920 93 51 que
933 902 113 49 celle
1068 908 83 62 qui
1172 904 192 67 regarde
1386 903 43 49 la
1449 921 164 31 nature
1634 906 58 48 de

445 970 188 68 l'Eſprit
644 973 58 46 de
715 972 251 48 Homme,
982 971 60 58 il
1055 974 140 64 myen
1213 991 21 29 à
1256 975 140 64 point
1420 970 268 60 toutesfois,

442 1038 61 49 od
521 1040 55 48 ils
589 1057 140 48 ayent
751 1043 157 45 moins
935 1039 172 65 reüſſy;
1132 1059 49 29 ce
1200 1044 84 63 qui
1304 1058 102 30 non
1427 1038 260 50 ſeulement

444 1106 61 49 eſt
516 1106 147 50 arriuè
676 1107 25 49 à
714 1105 129 51 cauſe
854 1109 58 47 de
925 1107 42 48 la
979 1106 221 68 difficultè
1223 1108 56 48 do
1299 1108 44 49 la
1363 1112 218 53 matiere,
1604 1112 86 61 qui

442 1174 62 48 eſt
520 1194 55 30 au
584 1170 147 76 deſſus
751 1177 77 48 des
850 1174 125 60 ſens,
992 1180 115 46 mais
1136 1194 168 30 encore
1331 1194 134 48 parce
1486 1193 93 49 que
1599 1177 87 46 Se-

441 1242 122 49 ſtans
603 1245 390 66 principalement
1038 1244 208 47 attacher
1281 1242 27 47 à
1338 1241 261 50 conſiderer
1638 1243 46 49 le

406 1352 247 4 rapport,
669 1311 153 47 quieſt
837 1327 128 31 entre
986 1308 182 67 Eſprit
1196 1319 44 38 &
1273 1309 42 46 le
1337 1315 152 60 Corps
1509 1311 174 65 auquel

442 1375 32 49 il
497 1376 61 47 eſt
579 1381 154 60 joint,
761 1377 53 48 ils
836 1375 44 49 ſe
906 1375 107 49 ſont
1033 1377 144 47 rendu
1200 1375 43 48 la
1274 1377 332 50 connolſſance
1626 1379 58 48 de

441 1462 50 31 ce
501 1443 110 65 quil
624 1447 133 47 eſtoit
771 1462 58 29 en
843 1445 76 63 luy
934 1441 202 60 meſme,
1152 1442 100 68 plus
1267 1444 210 54 difficile;
1505 1452 94 41 Car
1620 1465 78 30 ne

439 1510 289 67 diſtinguans
740 1516 137 61 point
890 1512 43 46 la
947 1508 126 50 force
1084 1510 108 67 quà
1205 1511 42 46 le
1259 1517 152 61 Corps
1423 1513 57 46 de
1491 1510 43 50 ſe
1545 1530 139 32 mou-

439 1583 103 45 uoir
554 1578 146 65 deluy
714 1577 201 59 meſme,
936 1579 157 47 d'auec
1107 1573 136 77 celle,
1256 1597 79 49 par
1358 1578 41 49 le
1423 1598 177 48 moyen
1621 1582 61 50 de

439 1647 200 67 laquelle
672 1647 221 65 quelques
920 1664 329 32 mouuements
1281 1647 64 49 du
1375 1653 153 60 Corps
1570 1647 110 50 ſont

438 1712 180 54 ſoumis
632 1715 25 49 à
669 1715 43 49 la
728 1715 198 50 volont
939 1716 56 49 de
1009 1713 209 70 Eſprit,
1239 1715 223 63 quelques
1482 1731 86 29 vns
1590 1733 90 31 ont

433 1783 84 49 crũ
538 1800 93 49 que
653 1782 181 68 lEſprit
861 1785 132 47 eſtoit
1016 1803 67 27 vn
1104 1790 182 54 Corps,
1308 1797 64 30 ou
1394 1779 77 49 du
1492 1786 186 56 moins,

432 1850 280 50 hharmonie
736 1867 63 30 ou
820 1850 41 45 le
880 1862 310 42 mouuement
1213 1848 113 49 d'n
1349 1852 177 63 Corps;
1560 1859 45 39 &
1637 1850 39 51 ſi

433 1918 227 67 quelques
682 1932 148 33 autres
850 1912 165 53 faiſans
1037 1914 224 52 reflexion
1285 1914 72 50 ſur
1386 1913 65 49 ſes
1488 1918 188 49 actions

432 1983 62 50 les
506 1986 102 65 plus
636 1983 164 55 nobles
826 1995 44 40 &
895 1985 63 50 les
980 1985 100 68 plus
1101 1982 221 57 releuces,
1350 1999 65 30 ou
1435 1981 144 53 eſtans
1604 1984 72 50 eſ-

434 2047 161 52 clalre?
609 2055 77 47 des
699 2054 281 50 lumieres
916 2043 68 81 de
992 2054 43 46 la
1053 2058 94 57 Foy,
1161 2066 113 41 ont
1286 2047 139 68 penſè
1444 2069 93 51 que
1557 2053 136 50 lEſ-

431 2118 89 64 prit
533 2118 131 50 eſtoit
678 2121 201 66 quelque
890 2116 135 54 choſe
1037 2117 363 63 dlmmateriel,
1422 2119 248 60 toutesfois
