<?xml version="1.0" encoding="UTF-8"?>
<alto xmlns="http://www.loc.gov/standards/alto/ns-v3#" xmlns:xlink="http://www.w3.org/1999/xlink" xmlns:xsi="http://www.w3.org/2001/XMLSchema-instance" xsi:schemaLocation="http://www.loc.gov/standards/alto/ns-v3# http://www.loc.gov/alto/v3/alto-3-0.xsd">
	<Description>
		<MeasurementUnit>pixel</MeasurementUnit>
		<sourceImageInformation>
			<fileName>			</fileName>
		</sourceImageInformation>
		<OCRProcessing ID="OCR_0">
			<ocrProcessingStep>
				<processingSoftware>
					<softwareName>tesseract v4.1.0-elag2019</softwareName>
				</processingSoftware>
			</ocrProcessingStep>
		</OCRProcessing>
	</Description>
	<Layout>
		<Page WIDTH="1776" HEIGHT="2528" PHYSICAL_IMG_NR="0" ID="page_0">
			<PrintSpace HPOS="0" VPOS="0" WIDTH="1776" HEIGHT="2528">
				<TextBlock ID="block_0" HPOS="790" VPOS="11" WIDTH="15" HEIGHT="18">
					<TextLine ID="line_0" HPOS="790" VPOS="11" WIDTH="15" HEIGHT="18">
						<String ID="string_0" HPOS="790" VPOS="11" WIDTH="15" HEIGHT="18" WC="0.48" CONTENT="NX"/>
					</TextLine>
				</TextBlock>
				<TextBlock ID="block_1" HPOS="124" VPOS="101" WIDTH="1231" HEIGHT="2096">
					<TextLine ID="line_1" HPOS="276" VPOS="101" WIDTH="645" HEIGHT="67">
						<String ID="string_1" HPOS="276" VPOS="165" WIDTH="6" HEIGHT="3" WC="0.89" CONTENT="|"/><SP WIDTH="257" VPOS="165" HPOS="282"/>
						<String ID="string_2" HPOS="539" VPOS="101" WIDTH="382" HEIGHT="54" WC="0.86" CONTENT="PREFACE."/>
					</TextLine>
					<TextLine ID="line_2" HPOS="143" VPOS="168" WIDTH="1189" HEIGHT="72">
						<String ID="string_3" HPOS="143" VPOS="164" WIDTH="122" HEIGHT="80" WC="0.82" CONTENT="peut"/><SP WIDTH="3" VPOS="164" HPOS="265"/>
						<String ID="string_4" HPOS="268" VPOS="164" WIDTH="245" HEIGHT="80" WC="0.85" CONTENT="découurir"/><SP WIDTH="24" VPOS="164" HPOS="513"/>
						<String ID="string_5" HPOS="537" VPOS="171" WIDTH="114" HEIGHT="48" WC="0.95" CONTENT="dela"/><SP WIDTH="21" VPOS="171" HPOS="651"/>
						<String ID="string_6" HPOS="672" VPOS="176" WIDTH="180" HEIGHT="45" WC="0.0" CONTENT="Nature"/><SP WIDTH="11" VPOS="176" HPOS="852"/>
						<String ID="string_7" HPOS="863" VPOS="175" WIDTH="57" HEIGHT="46" WC="0.0" CONTENT="de"/><SP WIDTH="19" VPOS="175" HPOS="920"/>
						<String ID="string_8" HPOS="939" VPOS="172" WIDTH="153" HEIGHT="50" WC="0.38" CONTENT="l&#39;Ame"/><SP WIDTH="19" VPOS="172" HPOS="1092"/>
						<String ID="string_9" HPOS="1111" VPOS="211" WIDTH="9" HEIGHT="22" WC="0.87" CONTENT=","/><SP WIDTH="16" VPOS="211" HPOS="1120"/>
						<String ID="string_10" HPOS="1136" VPOS="175" WIDTH="50" HEIGHT="47" WC="0.92" CONTENT="ie"/><SP WIDTH="19" VPOS="175" HPOS="1186"/>
						<String ID="string_11" HPOS="1205" VPOS="174" WIDTH="127" HEIGHT="66" WC="0.75" CONTENT="n&#39;ay"/>
					</TextLine>
					<TextLine ID="line_3" HPOS="124" VPOS="235" WIDTH="1198" HEIGHT="72">
						<String ID="string_12" HPOS="124" VPOS="256" WIDTH="107" HEIGHT="51" WC="0.55" CONTENT="“pas"/><SP WIDTH="32" VPOS="256" HPOS="231"/>
						<String ID="string_13" HPOS="263" VPOS="237" WIDTH="65" HEIGHT="49" WC="0.96" CONTENT="dû"/><SP WIDTH="31" VPOS="237" HPOS="328"/>
						<String ID="string_14" HPOS="359" VPOS="255" WIDTH="76" HEIGHT="30" WC="0.93" CONTENT="me"/><SP WIDTH="27" VPOS="255" HPOS="435"/>
						<String ID="string_15" HPOS="462" VPOS="235" WIDTH="136" HEIGHT="51" WC="0.87" CONTENT="feruir"/><SP WIDTH="23" VPOS="235" HPOS="598"/>
						<String ID="string_16" HPOS="621" VPOS="238" WIDTH="226" HEIGHT="51" WC="0.3" CONTENT="d&#39;aucune"/><SP WIDTH="19" VPOS="238" HPOS="847"/>
						<String ID="string_17" HPOS="866" VPOS="241" WIDTH="235" HEIGHT="55" WC="0.92" CONTENT="autorité"/><SP WIDTH="-28" VPOS="241" HPOS="1101"/>
						<String ID="string_18" HPOS="1073" VPOS="231" WIDTH="41" HEIGHT="80" WC="0.90" CONTENT=";"/><SP WIDTH="12" VPOS="231" HPOS="1114"/>
						<String ID="string_19" HPOS="1126" VPOS="246" WIDTH="74" HEIGHT="45" WC="0.93" CONTENT="De"/><SP WIDTH="20" VPOS="246" HPOS="1200"/>
						<String ID="string_20" HPOS="1220" VPOS="241" WIDTH="102" HEIGHT="49" WC="0.59" CONTENT="for-"/>
					</TextLine>
					<TextLine ID="line_4" HPOS="154" VPOS="303" WIDTH="1169" HEIGHT="74">
						<String ID="string_21" HPOS="154" VPOS="322" WIDTH="44" HEIGHT="32" WC="0.92" CONTENT="te"/><SP WIDTH="21" VPOS="322" HPOS="198"/>
						<String ID="string_22" HPOS="219" VPOS="303" WIDTH="201" HEIGHT="60" WC="0.92" CONTENT="mefme,"/><SP WIDTH="25" VPOS="303" HPOS="420"/>
						<String ID="string_23" HPOS="445" VPOS="323" WIDTH="91" HEIGHT="51" WC="0.37" CONTENT="que"/><SP WIDTH="11" VPOS="323" HPOS="536"/>
						<String ID="string_24" HPOS="547" VPOS="310" WIDTH="160" HEIGHT="64" WC="0.37" CONTENT="quand"/><SP WIDTH="21" VPOS="310" HPOS="707"/>
						<String ID="string_25" HPOS="728" VPOS="308" WIDTH="211" HEIGHT="69" WC="0.62" CONTENT="j’allegue"/><SP WIDTH="20" VPOS="308" HPOS="939"/>
						<String ID="string_26" HPOS="959" VPOS="309" WIDTH="111" HEIGHT="48" WC="0.96" CONTENT="celle"/><SP WIDTH="16" VPOS="309" HPOS="1070"/>
						<String ID="string_27" HPOS="1086" VPOS="310" WIDTH="57" HEIGHT="48" WC="0.93" CONTENT="de"/><SP WIDTH="25" VPOS="310" HPOS="1143"/>
						<String ID="string_28" HPOS="1168" VPOS="315" WIDTH="155" HEIGHT="44" WC="0.92" CONTENT="Mon-"/>
					</TextLine>
					<TextLine ID="line_5" HPOS="146" VPOS="371" WIDTH="1177" HEIGHT="73">
						<String ID="string_29" HPOS="146" VPOS="371" WIDTH="124" HEIGHT="51" WC="0.60" CONTENT="fleur"/><SP WIDTH="22" VPOS="371" HPOS="270"/>
						<String ID="string_30" HPOS="292" VPOS="371" WIDTH="264" HEIGHT="61" WC="0.91" CONTENT="Defcartes,"/><SP WIDTH="32" VPOS="371" HPOS="556"/>
						<String ID="string_31" HPOS="588" VPOS="378" WIDTH="49" HEIGHT="45" WC="0.92" CONTENT="ce"/><SP WIDTH="22" VPOS="378" HPOS="637"/>
						<String ID="string_32" HPOS="659" VPOS="375" WIDTH="110" HEIGHT="49" WC="0.86" CONTENT="n’eft"/><SP WIDTH="26" VPOS="375" HPOS="769"/>
						<String ID="string_33" HPOS="795" VPOS="395" WIDTH="78" HEIGHT="48" WC="0.96" CONTENT="pas"/><SP WIDTH="30" VPOS="395" HPOS="873"/>
						<String ID="string_34" HPOS="903" VPOS="395" WIDTH="118" HEIGHT="49" WC="0.93" CONTENT="pour"/><SP WIDTH="19" VPOS="395" HPOS="1021"/>
						<String ID="string_35" HPOS="1040" VPOS="395" WIDTH="197" HEIGHT="49" WC="0.89" CONTENT="prouuer"/><SP WIDTH="21" VPOS="395" HPOS="1237"/>
						<String ID="string_36" HPOS="1258" VPOS="376" WIDTH="65" HEIGHT="48" WC="0.93" CONTENT="les"/>
					</TextLine>
					<TextLine ID="line_6" HPOS="141" VPOS="438" WIDTH="1183" HEIGHT="73">
						<String ID="string_37" HPOS="141" VPOS="438" WIDTH="172" HEIGHT="51" WC="0.86" CONTENT="chofes"/><SP WIDTH="24" VPOS="438" HPOS="313"/>
						<String ID="string_38" HPOS="337" VPOS="444" WIDTH="334" HEIGHT="65" WC="0.48" CONTENT="quei&#39;auance;"/><SP WIDTH="25" VPOS="444" HPOS="671"/>
						<String ID="string_39" HPOS="696" VPOS="434" WIDTH="110" HEIGHT="81" WC="0.92" CONTENT="mais"/><SP WIDTH="12" VPOS="434" HPOS="806"/>
						<String ID="string_40" HPOS="818" VPOS="434" WIDTH="116" HEIGHT="81" WC="0.96" CONTENT="pour"/><SP WIDTH="27" VPOS="434" HPOS="934"/>
						<String ID="string_41" HPOS="961" VPOS="441" WIDTH="112" HEIGHT="52" WC="0.96" CONTENT="faire"/><SP WIDTH="22" VPOS="441" HPOS="1073"/>
						<String ID="string_42" HPOS="1095" VPOS="449" WIDTH="104" HEIGHT="45" WC="0.93" CONTENT="voir"/><SP WIDTH="22" VPOS="449" HPOS="1199"/>
						<String ID="string_43" HPOS="1221" VPOS="442" WIDTH="103" HEIGHT="50" WC="0.87" CONTENT="feu-"/>
					</TextLine>
					<TextLine ID="line_7" HPOS="151" VPOS="508" WIDTH="1170" HEIGHT="70">
						<String ID="string_44" HPOS="151" VPOS="508" WIDTH="181" HEIGHT="49" WC="0.79" CONTENT="lement"/><SP WIDTH="11" VPOS="508" HPOS="332"/>
						<String ID="string_45" HPOS="343" VPOS="527" WIDTH="92" HEIGHT="50" WC="0.79" CONTENT="que"/><SP WIDTH="23" VPOS="527" HPOS="435"/>
						<String ID="string_46" HPOS="458" VPOS="513" WIDTH="43" HEIGHT="44" WC="0.93" CONTENT="ie"/><SP WIDTH="18" VPOS="513" HPOS="501"/>
						<String ID="string_47" HPOS="519" VPOS="508" WIDTH="354" HEIGHT="50" WC="0.90" CONTENT="raifonnefelon"/><SP WIDTH="23" VPOS="508" HPOS="873"/>
						<String ID="string_48" HPOS="896" VPOS="510" WIDTH="64" HEIGHT="48" WC="0.95" CONTENT="fes"/><SP WIDTH="14" VPOS="510" HPOS="960"/>
						<String ID="string_49" HPOS="974" VPOS="511" WIDTH="232" HEIGHT="67" WC="0.91" CONTENT="Principes"/><SP WIDTH="23" VPOS="511" HPOS="1206"/>
						<String ID="string_50" HPOS="1229" VPOS="548" WIDTH="13" HEIGHT="21" WC="0.89" CONTENT=","/><SP WIDTH="16" VPOS="548" HPOS="1242"/>
						<String ID="string_51" HPOS="1258" VPOS="504" WIDTH="40" HEIGHT="78" WC="0.91" CONTENT="&amp;"/>
					</TextLine>
					<TextLine ID="line_8" HPOS="143" VPOS="575" WIDTH="1182" HEIGHT="70">
						<String ID="string_52" HPOS="143" VPOS="594" WIDTH="105" HEIGHT="51" WC="0.95" CONTENT="que"/><SP WIDTH="19" VPOS="594" HPOS="248"/>
						<String ID="string_53" HPOS="267" VPOS="581" WIDTH="43" HEIGHT="44" WC="0.95" CONTENT="ie"/><SP WIDTH="19" VPOS="581" HPOS="310"/>
						<String ID="string_54" HPOS="329" VPOS="595" WIDTH="59" HEIGHT="30" WC="0.93" CONTENT="ne"/><SP WIDTH="30" VPOS="595" HPOS="388"/>
						<String ID="string_55" HPOS="418" VPOS="575" WIDTH="254" HEIGHT="66" WC="0.19" CONTENT="m&#39;eloigne"/><SP WIDTH="16" VPOS="575" HPOS="672"/>
						<String ID="string_56" HPOS="688" VPOS="596" WIDTH="76" HEIGHT="48" WC="0.96" CONTENT="pas"/><SP WIDTH="26" VPOS="596" HPOS="764"/>
						<String ID="string_57" HPOS="790" VPOS="578" WIDTH="56" HEIGHT="45" WC="0.96" CONTENT="de"/><SP WIDTH="20" VPOS="578" HPOS="846"/>
						<String ID="string_58" HPOS="866" VPOS="577" WIDTH="68" HEIGHT="48" WC="0.92" CONTENT="fes"/><SP WIDTH="18" VPOS="577" HPOS="934"/>
						<String ID="string_59" HPOS="952" VPOS="575" WIDTH="265" HEIGHT="52" WC="0.91" CONTENT="fentimens."/><SP WIDTH="26" VPOS="575" HPOS="1217"/>
						<String ID="string_60" HPOS="1243" VPOS="581" WIDTH="82" HEIGHT="44" WC="0.92" CONTENT="Se-"/>
					</TextLine>
					<TextLine ID="line_9" HPOS="142" VPOS="643" WIDTH="1187" HEIGHT="69">
						<String ID="string_61" HPOS="142" VPOS="645" WIDTH="328" HEIGHT="50" WC="0.87" CONTENT="condement,"/><SP WIDTH="31" VPOS="645" HPOS="470"/>
						<String ID="string_62" HPOS="501" VPOS="646" WIDTH="43" HEIGHT="43" WC="0.96" CONTENT="ie"/><SP WIDTH="21" VPOS="646" HPOS="544"/>
						<String ID="string_63" HPOS="565" VPOS="661" WIDTH="118" HEIGHT="30" WC="0.96" CONTENT="veux"/><SP WIDTH="25" VPOS="661" HPOS="683"/>
						<String ID="string_64" HPOS="708" VPOS="644" WIDTH="107" HEIGHT="48" WC="0.96" CONTENT="bien"/><SP WIDTH="14" VPOS="644" HPOS="815"/>
						<String ID="string_65" HPOS="829" VPOS="644" WIDTH="133" HEIGHT="68" WC="0.87" CONTENT="qu&#39;ils"/><SP WIDTH="14" VPOS="644" HPOS="962"/>
						<String ID="string_66" HPOS="976" VPOS="643" WIDTH="219" HEIGHT="64" WC="0.74" CONTENT="fçachent"/><SP WIDTH="15" VPOS="643" HPOS="1195"/>
						<String ID="string_67" HPOS="1210" VPOS="682" WIDTH="13" HEIGHT="21" WC="0.74" CONTENT=","/><SP WIDTH="14" VPOS="682" HPOS="1223"/>
						<String ID="string_68" HPOS="1237" VPOS="661" WIDTH="92" HEIGHT="50" WC="0.83" CONTENT="que"/>
					</TextLine>
					<TextLine ID="line_10" HPOS="142" VPOS="709" WIDTH="1189" HEIGHT="69">
						<String ID="string_69" HPOS="142" VPOS="709" WIDTH="219" HEIGHT="50" WC="0.17" CONTENT="Liauois"/><SP WIDTH="15" VPOS="709" HPOS="361"/>
						<String ID="string_70" HPOS="376" VPOS="709" WIDTH="79" HEIGHT="49" WC="0.88" CONTENT="crû"/><SP WIDTH="22" VPOS="709" HPOS="455"/>
						<String ID="string_71" HPOS="477" VPOS="712" WIDTH="188" HEIGHT="65" WC="0.70" CONTENT="qu&#39;auec"/><SP WIDTH="18" VPOS="712" HPOS="665"/>
						<String ID="string_72" HPOS="683" VPOS="714" WIDTH="77" HEIGHT="46" WC="0.96" CONTENT="des"/><SP WIDTH="27" VPOS="714" HPOS="760"/>
						<String ID="string_73" HPOS="787" VPOS="729" WIDTH="119" HEIGHT="49" WC="0.93" CONTENT="gens"/><SP WIDTH="19" VPOS="729" HPOS="906"/>
						<String ID="string_74" HPOS="925" VPOS="711" WIDTH="322" HEIGHT="50" WC="0.91" CONTENT="raifonnables"/><SP WIDTH="32" VPOS="711" HPOS="1247"/>
						<String ID="string_75" HPOS="1279" VPOS="730" WIDTH="52" HEIGHT="29" WC="0.95" CONTENT="ce"/>
					</TextLine>
					<TextLine ID="line_11" HPOS="155" VPOS="776" WIDTH="1173" HEIGHT="70">
						<String ID="string_76" HPOS="155" VPOS="778" WIDTH="185" HEIGHT="49" WC="0.52" CONTENT="n&#39;eftoit"/><SP WIDTH="23" VPOS="778" HPOS="340"/>
						<String ID="string_77" HPOS="363" VPOS="796" WIDTH="77" HEIGHT="48" WC="0.93" CONTENT="pas"/><SP WIDTH="22" VPOS="796" HPOS="440"/>
						<String ID="string_78" HPOS="462" VPOS="776" WIDTH="114" HEIGHT="51" WC="0.75" CONTENT="afléz"/><SP WIDTH="22" VPOS="776" HPOS="576"/>
						<String ID="string_79" HPOS="598" VPOS="772" WIDTH="145" HEIGHT="78" WC="0.84" CONTENT="d&#39;agir"/><SP WIDTH="11" VPOS="772" HPOS="743"/>
						<String ID="string_80" HPOS="754" VPOS="772" WIDTH="86" HEIGHT="78" WC="0.93" CONTENT="par"/><SP WIDTH="24" VPOS="772" HPOS="840"/>
						<String ID="string_81" HPOS="864" VPOS="778" WIDTH="152" HEIGHT="51" WC="0.44" CONTENT="raifon"/><SP WIDTH="20" VPOS="778" HPOS="1016"/>
						<String ID="string_82" HPOS="1036" VPOS="817" WIDTH="15" HEIGHT="22" WC="0.44" CONTENT=","/><SP WIDTH="32" VPOS="817" HPOS="1051"/>
						<String ID="string_83" HPOS="1083" VPOS="784" WIDTH="41" HEIGHT="44" WC="0.73" CONTENT="ie"/><SP WIDTH="43" VPOS="784" HPOS="1124"/>
						<String ID="string_84" HPOS="1167" VPOS="778" WIDTH="161" HEIGHT="50" WC="0.44" CONTENT="n&#39;alle-"/>
					</TextLine>
					<TextLine ID="line_12" HPOS="145" VPOS="844" WIDTH="1184" HEIGHT="70">
						<String ID="string_85" HPOS="145" VPOS="844" WIDTH="306" HEIGHT="69" WC="0.84" CONTENT="gueprefque"/><SP WIDTH="20" VPOS="844" HPOS="451"/>
						<String ID="string_86" HPOS="471" VPOS="864" WIDTH="179" HEIGHT="30" WC="0.93" CONTENT="aucune"/><SP WIDTH="20" VPOS="864" HPOS="650"/>
						<String ID="string_87" HPOS="670" VPOS="845" WIDTH="162" HEIGHT="69" WC="0.91" CONTENT="penfée"/><SP WIDTH="21" VPOS="845" HPOS="832"/>
						<String ID="string_88" HPOS="853" VPOS="848" WIDTH="56" HEIGHT="47" WC="0.93" CONTENT="de"/><SP WIDTH="21" VPOS="848" HPOS="909"/>
						<String ID="string_89" HPOS="930" VPOS="846" WIDTH="246" HEIGHT="51" WC="0.89" CONTENT="Monfieur"/><SP WIDTH="30" VPOS="846" HPOS="1176"/>
						<String ID="string_90" HPOS="1206" VPOS="844" WIDTH="123" HEIGHT="52" WC="0.90" CONTENT="Def-"/>
					</TextLine>
					<TextLine ID="line_13" HPOS="145" VPOS="911" WIDTH="1183" HEIGHT="72">
						<String ID="string_91" HPOS="145" VPOS="930" WIDTH="169" HEIGHT="42" WC="0.91" CONTENT="cartes,"/><SP WIDTH="14" VPOS="930" HPOS="314"/>
						<String ID="string_92" HPOS="328" VPOS="911" WIDTH="176" HEIGHT="54" WC="0.78" CONTENT="mefme"/><SP WIDTH="11" VPOS="911" HPOS="504"/>
						<String ID="string_93" HPOS="515" VPOS="915" WIDTH="57" HEIGHT="47" WC="0.78" CONTENT="de"/><SP WIDTH="14" VPOS="915" HPOS="572"/>
						<String ID="string_94" HPOS="586" VPOS="915" WIDTH="128" HEIGHT="47" WC="0.96" CONTENT="celles"/><SP WIDTH="13" VPOS="915" HPOS="714"/>
						<String ID="string_95" HPOS="727" VPOS="907" WIDTH="135" HEIGHT="80" WC="0.91" CONTENT="qu&#39;on"/><SP WIDTH="15" VPOS="907" HPOS="862"/>
						<String ID="string_96" HPOS="877" VPOS="919" WIDTH="118" HEIGHT="44" WC="0.89" CONTENT="croit"/><SP WIDTH="22" VPOS="919" HPOS="995"/>
						<String ID="string_97" HPOS="1017" VPOS="914" WIDTH="77" HEIGHT="67" WC="0.86" CONTENT="luy"/><SP WIDTH="14" VPOS="914" HPOS="1094"/>
						<String ID="string_98" HPOS="1108" VPOS="913" WIDTH="220" HEIGHT="68" WC="0.87" CONTENT="eftreplus"/>
					</TextLine>
					<TextLine ID="line_14" HPOS="147" VPOS="981" WIDTH="1181" HEIGHT="68">
						<String ID="string_99" HPOS="147" VPOS="981" WIDTH="345" HEIGHT="66" WC="0.90" CONTENT="particulieres,"/><SP WIDTH="27" VPOS="981" HPOS="492"/>
						<String ID="string_100" HPOS="519" VPOS="981" WIDTH="172" HEIGHT="68" WC="0.96" CONTENT="pour"/><SP WIDTH="-61" VPOS="981" HPOS="691"/>
						<String ID="string_101" HPOS="630" VPOS="977" WIDTH="64" HEIGHT="76" WC="0.95" CONTENT="la"/><SP WIDTH="11" VPOS="977" HPOS="694"/>
						<String ID="string_102" HPOS="705" VPOS="981" WIDTH="334" HEIGHT="50" WC="0.93" CONTENT="confirmation"/><SP WIDTH="22" VPOS="981" HPOS="1039"/>
						<String ID="string_103" HPOS="1061" VPOS="981" WIDTH="267" HEIGHT="68" WC="0.92" CONTENT="delaquelle"/>
					</TextLine>
					<TextLine ID="line_15" HPOS="148" VPOS="1049" WIDTH="1180" HEIGHT="68">
						<String ID="string_104" HPOS="148" VPOS="1051" WIDTH="49" HEIGHT="44" WC="0.81" CONTENT="1e"/><SP WIDTH="21" VPOS="1051" HPOS="197"/>
						<String ID="string_105" HPOS="218" VPOS="1049" WIDTH="168" HEIGHT="48" WC="0.49" CONTENT="n&#39;euffe"/><SP WIDTH="23" VPOS="1049" HPOS="386"/>
						<String ID="string_106" HPOS="409" VPOS="1049" WIDTH="66" HEIGHT="66" WC="0.64" CONTENT="pü"/><SP WIDTH="21" VPOS="1049" HPOS="475"/>
						<String ID="string_107" HPOS="496" VPOS="1065" WIDTH="214" HEIGHT="50" WC="0.96" CONTENT="apporter"/><SP WIDTH="13" VPOS="1065" HPOS="710"/>
						<String ID="string_108" HPOS="723" VPOS="1065" WIDTH="162" HEIGHT="33" WC="0.96" CONTENT="autant"/><SP WIDTH="19" VPOS="1065" HPOS="885"/>
						<String ID="string_109" HPOS="904" VPOS="1068" WIDTH="64" HEIGHT="31" WC="0.96" CONTENT="ou"/><SP WIDTH="13" VPOS="1068" HPOS="968"/>
						<String ID="string_110" HPOS="981" VPOS="1050" WIDTH="102" HEIGHT="67" WC="0.93" CONTENT="plus"/><SP WIDTH="14" VPOS="1050" HPOS="1083"/>
						<String ID="string_111" HPOS="1097" VPOS="1052" WIDTH="231" HEIGHT="46" WC="0.86" CONTENT="d’autori-"/>
					</TextLine>
					<TextLine ID="line_16" HPOS="149" VPOS="1116" WIDTH="1182" HEIGHT="68">
						<String ID="string_112" HPOS="149" VPOS="1130" WIDTH="83" HEIGHT="33" WC="0.92" CONTENT="tez"/><SP WIDTH="16" VPOS="1130" HPOS="232"/>
						<String ID="string_113" HPOS="248" VPOS="1122" WIDTH="244" HEIGHT="61" WC="0.91" CONTENT="Grecques"/><SP WIDTH="11" VPOS="1122" HPOS="492"/>
						<String ID="string_114" HPOS="503" VPOS="1125" WIDTH="47" HEIGHT="39" WC="0.92" CONTENT="&amp;"/><SP WIDTH="17" VPOS="1125" HPOS="550"/>
						<String ID="string_115" HPOS="567" VPOS="1121" WIDTH="203" HEIGHT="55" WC="0.96" CONTENT="Latines,"/><SP WIDTH="15" VPOS="1121" HPOS="770"/>
						<String ID="string_116" HPOS="785" VPOS="1120" WIDTH="148" HEIGHT="64" WC="0.85" CONTENT="qu&#39;on"/><SP WIDTH="11" VPOS="1120" HPOS="933"/>
						<String ID="string_117" HPOS="944" VPOS="1136" WIDTH="59" HEIGHT="32" WC="0.85" CONTENT="en"/><SP WIDTH="11" VPOS="1136" HPOS="1003"/>
						<String ID="string_118" HPOS="1014" VPOS="1116" WIDTH="203" HEIGHT="65" WC="0.86" CONTENT="fçauroit"/><SP WIDTH="9" VPOS="1116" HPOS="1217"/>
						<String ID="string_119" HPOS="1226" VPOS="1134" WIDTH="105" HEIGHT="49" WC="0.89" CONTENT="pro-"/>
					</TextLine>
					<TextLine ID="line_17" HPOS="145" VPOS="1181" WIDTH="1184" HEIGHT="71">
						<String ID="string_120" HPOS="145" VPOS="1183" WIDTH="139" HEIGHT="48" WC="0.92" CONTENT="duire"/><SP WIDTH="28" VPOS="1183" HPOS="284"/>
						<String ID="string_121" HPOS="312" VPOS="1202" WIDTH="118" HEIGHT="49" WC="0.97" CONTENT="pour"/><SP WIDTH="20" VPOS="1202" HPOS="430"/>
						<String ID="string_122" HPOS="450" VPOS="1184" WIDTH="130" HEIGHT="49" WC="0.96" CONTENT="celles"/><SP WIDTH="36" VPOS="1184" HPOS="580"/>
						<String ID="string_123" HPOS="616" VPOS="1190" WIDTH="83" HEIGHT="62" WC="0.96" CONTENT="qui"/><SP WIDTH="22" VPOS="1190" HPOS="699"/>
						<String ID="string_124" HPOS="721" VPOS="1185" WIDTH="106" HEIGHT="48" WC="0.96" CONTENT="font"/><SP WIDTH="17" VPOS="1185" HPOS="827"/>
						<String ID="string_125" HPOS="844" VPOS="1185" WIDTH="51" HEIGHT="48" WC="0.95" CONTENT="le"/><SP WIDTH="21" VPOS="1185" HPOS="895"/>
						<String ID="string_126" HPOS="916" VPOS="1185" WIDTH="108" HEIGHT="66" WC="0.92" CONTENT="plus"/><SP WIDTH="21" VPOS="1185" HPOS="1024"/>
						<String ID="string_127" HPOS="1045" VPOS="1181" WIDTH="284" HEIGHT="51" WC="0.91" CONTENT="communé-"/>
					</TextLine>
					<TextLine ID="line_18" HPOS="153" VPOS="1251" WIDTH="1176" HEIGHT="69">
						<String ID="string_128" HPOS="153" VPOS="1267" WIDTH="137" HEIGHT="32" WC="0.93" CONTENT="ment"/><SP WIDTH="34" VPOS="1267" HPOS="290"/>
						<String ID="string_129" HPOS="324" VPOS="1260" WIDTH="180" HEIGHT="40" WC="0.90" CONTENT="receuës"/><SP WIDTH="30" VPOS="1260" HPOS="504"/>
						<String ID="string_130" HPOS="534" VPOS="1253" WIDTH="114" HEIGHT="48" WC="0.96" CONTENT="dans"/><SP WIDTH="22" VPOS="1253" HPOS="648"/>
						<String ID="string_131" HPOS="670" VPOS="1252" WIDTH="193" HEIGHT="49" WC="0.90" CONTENT="l&#39;Ecole."/><SP WIDTH="41" VPOS="1252" HPOS="863"/>
						<String ID="string_132" HPOS="904" VPOS="1256" WIDTH="62" HEIGHT="45" WC="0.0" CONTENT="Er"/><SP WIDTH="29" VPOS="1256" HPOS="966"/>
						<String ID="string_133" HPOS="995" VPOS="1269" WIDTH="116" HEIGHT="51" WC="0.96" CONTENT="pour"/><SP WIDTH="30" VPOS="1269" HPOS="1111"/>
						<String ID="string_134" HPOS="1141" VPOS="1251" WIDTH="96" HEIGHT="48" WC="0.95" CONTENT="leur"/><SP WIDTH="33" VPOS="1251" HPOS="1237"/>
						<String ID="string_135" HPOS="1270" VPOS="1267" WIDTH="59" HEIGHT="31" WC="0.96" CONTENT="en"/>
					</TextLine>
					<TextLine ID="line_19" HPOS="147" VPOS="1318" WIDTH="1183" HEIGHT="70">
						<String ID="string_136" HPOS="147" VPOS="1318" WIDTH="192" HEIGHT="49" WC="0.96" CONTENT="donner"/><SP WIDTH="32" VPOS="1318" HPOS="339"/>
						<String ID="string_137" HPOS="371" VPOS="1319" WIDTH="226" HEIGHT="69" WC="0.96" CONTENT="quelques"/><SP WIDTH="29" VPOS="1319" HPOS="597"/>
						<String ID="string_138" HPOS="626" VPOS="1337" WIDTH="240" HEIGHT="50" WC="0.95" CONTENT="marques,"/><SP WIDTH="23" VPOS="1337" HPOS="866"/>
						<String ID="string_139" HPOS="889" VPOS="1322" WIDTH="43" HEIGHT="46" WC="0.95" CONTENT="ie"/><SP WIDTH="25" VPOS="1322" HPOS="932"/>
						<String ID="string_140" HPOS="957" VPOS="1324" WIDTH="100" HEIGHT="45" WC="0.95" CONTENT="vais"/><SP WIDTH="19" VPOS="1324" HPOS="1057"/>
						<String ID="string_141" HPOS="1076" VPOS="1318" WIDTH="96" HEIGHT="50" WC="0.90" CONTENT="leur"/><SP WIDTH="21" VPOS="1318" HPOS="1172"/>
						<String ID="string_142" HPOS="1193" VPOS="1335" WIDTH="137" HEIGHT="31" WC="0.86" CONTENT="mon-"/>
					</TextLine>
					<TextLine ID="line_20" HPOS="149" VPOS="1384" WIDTH="1182" HEIGHT="71">
						<String ID="string_143" HPOS="149" VPOS="1384" WIDTH="116" HEIGHT="50" WC="0.73" CONTENT="ftrer"/><SP WIDTH="28" VPOS="1384" HPOS="265"/>
						<String ID="string_144" HPOS="293" VPOS="1391" WIDTH="73" HEIGHT="61" WC="0.90" CONTENT="icy"/><SP WIDTH="23" VPOS="1391" HPOS="366"/>
						<String ID="string_145" HPOS="389" VPOS="1406" WIDTH="60" HEIGHT="31" WC="0.96" CONTENT="en"/><SP WIDTH="29" VPOS="1406" HPOS="449"/>
						<String ID="string_146" HPOS="478" VPOS="1406" WIDTH="86" HEIGHT="47" WC="0.96" CONTENT="peu"/><SP WIDTH="23" VPOS="1406" HPOS="564"/>
						<String ID="string_147" HPOS="587" VPOS="1388" WIDTH="58" HEIGHT="48" WC="0.96" CONTENT="de"/><SP WIDTH="19" VPOS="1388" HPOS="645"/>
						<String ID="string_148" HPOS="664" VPOS="1404" WIDTH="160" HEIGHT="42" WC="0.94" CONTENT="mots,"/><SP WIDTH="36" VPOS="1404" HPOS="824"/>
						<String ID="string_149" HPOS="860" VPOS="1403" WIDTH="98" HEIGHT="52" WC="0.96" CONTENT="que"/><SP WIDTH="21" VPOS="1403" HPOS="958"/>
						<String ID="string_150" HPOS="979" VPOS="1388" WIDTH="63" HEIGHT="47" WC="0.93" CONTENT="les"/><SP WIDTH="17" VPOS="1388" HPOS="1042"/>
						<String ID="string_151" HPOS="1059" VPOS="1384" WIDTH="190" HEIGHT="70" WC="0.92" CONTENT="penfées"/><SP WIDTH="23" VPOS="1384" HPOS="1249"/>
						<String ID="string_152" HPOS="1272" VPOS="1386" WIDTH="59" HEIGHT="48" WC="0.96" CONTENT="de"/>
					</TextLine>
					<TextLine ID="line_21" HPOS="157" VPOS="1452" WIDTH="1175" HEIGHT="63">
						<String ID="string_153" HPOS="157" VPOS="1453" WIDTH="244" HEIGHT="49" WC="0.91" CONTENT="Monfieur"/><SP WIDTH="14" VPOS="1453" HPOS="401"/>
						<String ID="string_154" HPOS="415" VPOS="1453" WIDTH="543" HEIGHT="62" WC="0.77" CONTENT="Defcartes,touchantla"/><SP WIDTH="11" VPOS="1453" HPOS="958"/>
						<String ID="string_155" HPOS="969" VPOS="1458" WIDTH="187" HEIGHT="46" WC="0.86" CONTENT="Nature"/><SP WIDTH="11" VPOS="1458" HPOS="1156"/>
						<String ID="string_156" HPOS="1167" VPOS="1455" WIDTH="56" HEIGHT="46" WC="0.86" CONTENT="de"/><SP WIDTH="16" VPOS="1455" HPOS="1223"/>
						<String ID="string_157" HPOS="1239" VPOS="1452" WIDTH="93" HEIGHT="49" WC="0.66" CONTENT="l’A-"/>
					</TextLine>
					<TextLine ID="line_22" HPOS="159" VPOS="1519" WIDTH="1171" HEIGHT="57">
						<String ID="string_158" HPOS="159" VPOS="1536" WIDTH="106" HEIGHT="40" WC="0.93" CONTENT="me,"/><SP WIDTH="24" VPOS="1536" HPOS="265"/>
						<String ID="string_159" HPOS="289" VPOS="1519" WIDTH="427" HEIGHT="52" WC="0.91" CONTENT="fontentierement"/><SP WIDTH="26" VPOS="1519" HPOS="716"/>
						<String ID="string_160" HPOS="742" VPOS="1521" WIDTH="265" HEIGHT="51" WC="0.95" CONTENT="conformes"/><SP WIDTH="14" VPOS="1521" HPOS="1007"/>
						<String ID="string_161" HPOS="1021" VPOS="1520" WIDTH="27" HEIGHT="50" WC="0.96" CONTENT="à"/><SP WIDTH="21" VPOS="1520" HPOS="1048"/>
						<String ID="string_162" HPOS="1069" VPOS="1521" WIDTH="43" HEIGHT="49" WC="0.93" CONTENT="la"/><SP WIDTH="19" VPOS="1521" HPOS="1112"/>
						<String ID="string_163" HPOS="1131" VPOS="1522" WIDTH="199" HEIGHT="49" WC="0.90" CONTENT="Doétri-"/>
					</TextLine>
					<TextLine ID="line_23" HPOS="156" VPOS="1586" WIDTH="1177" HEIGHT="66">
						<String ID="string_164" HPOS="156" VPOS="1602" WIDTH="62" HEIGHT="32" WC="0.96" CONTENT="ne"/><SP WIDTH="21" VPOS="1602" HPOS="218"/>
						<String ID="string_165" HPOS="239" VPOS="1586" WIDTH="58" HEIGHT="45" WC="0.93" CONTENT="de"/><SP WIDTH="23" VPOS="1586" HPOS="297"/>
						<String ID="string_166" HPOS="320" VPOS="1591" WIDTH="44" HEIGHT="41" WC="0.53" CONTENT="$S."/><SP WIDTH="23" VPOS="1591" HPOS="364"/>
						<String ID="string_167" HPOS="387" VPOS="1588" WIDTH="233" HEIGHT="64" WC="0.90" CONTENT="Auguftin"/><SP WIDTH="17" VPOS="1588" HPOS="620"/>
						<String ID="string_168" HPOS="637" VPOS="1627" WIDTH="18" HEIGHT="20" WC="0.67" CONTENT=","/><SP WIDTH="26" VPOS="1627" HPOS="655"/>
						<String ID="string_169" HPOS="681" VPOS="1591" WIDTH="56" HEIGHT="47" WC="0.92" CONTENT="de"/><SP WIDTH="23" VPOS="1591" HPOS="737"/>
						<String ID="string_170" HPOS="760" VPOS="1590" WIDTH="215" HEIGHT="49" WC="0.90" CONTENT="Marcille"/><SP WIDTH="18" VPOS="1590" HPOS="975"/>
						<String ID="string_171" HPOS="993" VPOS="1588" WIDTH="176" HEIGHT="59" WC="0.92" CONTENT="Fifcin,"/><SP WIDTH="25" VPOS="1588" HPOS="1169"/>
						<String ID="string_172" HPOS="1194" VPOS="1596" WIDTH="46" HEIGHT="40" WC="0.93" CONTENT="&amp;"/><SP WIDTH="35" VPOS="1596" HPOS="1240"/>
						<String ID="string_173" HPOS="1275" VPOS="1587" WIDTH="58" HEIGHT="47" WC="0.96" CONTENT="de"/>
					</TextLine>
					<TextLine ID="line_24" HPOS="153" VPOS="1650" WIDTH="1092" HEIGHT="69">
						<String ID="string_174" HPOS="153" VPOS="1650" WIDTH="394" HEIGHT="69" WC="0.90" CONTENT="quelquesautres"/><SP WIDTH="22" VPOS="1650" HPOS="547"/>
						<String ID="string_175" HPOS="569" VPOS="1661" WIDTH="185" HEIGHT="43" WC="0.96" CONTENT="anciens"/><SP WIDTH="12" VPOS="1661" HPOS="754"/>
						<String ID="string_176" HPOS="766" VPOS="1660" WIDTH="211" HEIGHT="45" WC="0.95" CONTENT="Auteurs."/><SP WIDTH="263" VPOS="1660" HPOS="977"/>
						<String ID="string_177" HPOS="1240" VPOS="1666" WIDTH="5" HEIGHT="3" WC="0.83" CONTENT="|"/>
					</TextLine>
					<TextLine ID="line_25" HPOS="168" VPOS="1713" WIDTH="1166" HEIGHT="55">
						<String ID="string_178" HPOS="168" VPOS="1739" WIDTH="9" HEIGHT="12" WC="0.48" CONTENT="+"/><SP WIDTH="81" VPOS="1739" HPOS="177"/>
						<String ID="string_179" HPOS="258" VPOS="1713" WIDTH="247" HEIGHT="55" WC="0.49" CONTENT="Monfieur"/><SP WIDTH="11" VPOS="1713" HPOS="505"/>
						<String ID="string_180" HPOS="516" VPOS="1717" WIDTH="577" HEIGHT="51" WC="0.65" CONTENT="Defcartescommencefa"/><SP WIDTH="19" VPOS="1717" HPOS="1093"/>
						<String ID="string_181" HPOS="1112" VPOS="1717" WIDTH="222" HEIGHT="49" WC="0.85" CONTENT="Philofo-"/>
					</TextLine>
					<TextLine ID="line_26" HPOS="157" VPOS="1784" WIDTH="1176" HEIGHT="71">
						<String ID="string_182" HPOS="157" VPOS="1786" WIDTH="114" HEIGHT="69" WC="0.92" CONTENT="phie"/><SP WIDTH="23" VPOS="1786" HPOS="271"/>
						<String ID="string_183" HPOS="294" VPOS="1785" WIDTH="133" HEIGHT="67" WC="0.96" CONTENT="parle"/><SP WIDTH="22" VPOS="1785" HPOS="427"/>
						<String ID="string_184" HPOS="449" VPOS="1784" WIDTH="142" HEIGHT="51" WC="0.92" CONTENT="doute"/><SP WIDTH="22" VPOS="1784" HPOS="591"/>
						<String ID="string_185" HPOS="613" VPOS="1823" WIDTH="15" HEIGHT="22" WC="0.88" CONTENT=","/><SP WIDTH="23" VPOS="1823" HPOS="628"/>
						<String ID="string_186" HPOS="651" VPOS="1794" WIDTH="45" HEIGHT="41" WC="0.91" CONTENT="&amp;"/><SP WIDTH="23" VPOS="1794" HPOS="696"/>
						<String ID="string_187" HPOS="719" VPOS="1800" WIDTH="110" HEIGHT="35" WC="0.21" CONTENT="veut"/><SP WIDTH="12" VPOS="1800" HPOS="829"/>
						<String ID="string_188" HPOS="841" VPOS="1787" WIDTH="316" HEIGHT="66" WC="0.21" CONTENT="qu&#39;onrejette"/><SP WIDTH="25" VPOS="1787" HPOS="1157"/>
						<String ID="string_189" HPOS="1182" VPOS="1799" WIDTH="151" HEIGHT="32" WC="0.96" CONTENT="toutes"/>
					</TextLine>
					<TextLine ID="line_27" HPOS="165" VPOS="1850" WIDTH="1190" HEIGHT="73">
						<String ID="string_190" HPOS="165" VPOS="1855" WIDTH="260" HEIGHT="68" WC="0.88" CONTENT="lesopiniôs"/><SP WIDTH="24" VPOS="1855" HPOS="425"/>
						<String ID="string_191" HPOS="449" VPOS="1853" WIDTH="106" HEIGHT="50" WC="0.88" CONTENT="oùil"/><SP WIDTH="10" VPOS="1853" HPOS="555"/>
						<String ID="string_192" HPOS="565" VPOS="1874" WIDTH="28" HEIGHT="45" WC="0.39" CONTENT="ya"/><SP WIDTH="12" VPOS="1874" HPOS="593"/>
						<String ID="string_193" HPOS="605" VPOS="1855" WIDTH="80" HEIGHT="49" WC="0.39" CONTENT="la"/><SP WIDTH="12" VPOS="1855" HPOS="685"/>
						<String ID="string_194" HPOS="697" VPOS="1856" WIDTH="213" HEIGHT="49" WC="0.92" CONTENT="moindre"/><SP WIDTH="14" VPOS="1856" HPOS="910"/>
						<String ID="string_195" HPOS="924" VPOS="1850" WIDTH="216" HEIGHT="54" WC="0.79" CONTENT="occafion"/><SP WIDTH="11" VPOS="1850" HPOS="1140"/>
						<String ID="string_196" HPOS="1151" VPOS="1852" WIDTH="58" HEIGHT="49" WC="0.3" CONTENT="de"/><SP WIDTH="11" VPOS="1852" HPOS="1209"/>
						<String ID="string_197" HPOS="1220" VPOS="1852" WIDTH="114" HEIGHT="48" WC="0.0" CONTENT="dou"/>
					</TextLine>
					<TextLine ID="line_28" HPOS="162" VPOS="1918" WIDTH="1170" HEIGHT="73">
						<String ID="string_198" HPOS="162" VPOS="1937" WIDTH="100" HEIGHT="39" WC="0.86" CONTENT="ter,"/><SP WIDTH="25" VPOS="1937" HPOS="262"/>
						<String ID="string_199" HPOS="287" VPOS="1920" WIDTH="97" HEIGHT="51" WC="0.93" CONTENT="afin"/><SP WIDTH="13" VPOS="1920" HPOS="384"/>
						<String ID="string_200" HPOS="397" VPOS="1921" WIDTH="255" HEIGHT="50" WC="0.92" CONTENT="detrouuer"/><SP WIDTH="23" VPOS="1921" HPOS="652"/>
						<String ID="string_201" HPOS="675" VPOS="1941" WIDTH="64" HEIGHT="32" WC="0.93" CONTENT="vn"/><SP WIDTH="21" VPOS="1941" HPOS="739"/>
						<String ID="string_202" HPOS="760" VPOS="1927" WIDTH="206" HEIGHT="64" WC="0.93" CONTENT="principe"/><SP WIDTH="33" VPOS="1927" HPOS="966"/>
						<String ID="string_203" HPOS="999" VPOS="1918" WIDTH="333" HEIGHT="60" WC="0.92" CONTENT="inébranlable,"/>
					</TextLine>
					<TextLine ID="line_29" HPOS="164" VPOS="1988" WIDTH="1167" HEIGHT="69">
						<String ID="string_204" HPOS="164" VPOS="1994" WIDTH="87" HEIGHT="60" WC="0.14" CONTENT="qui"/><SP WIDTH="12" VPOS="1994" HPOS="251"/>
						<String ID="string_205" HPOS="263" VPOS="2008" WIDTH="59" HEIGHT="29" WC="0.14" CONTENT="ne"/><SP WIDTH="13" VPOS="2008" HPOS="322"/>
						<String ID="string_206" HPOS="335" VPOS="1989" WIDTH="264" HEIGHT="68" WC="0.28" CONTENT="puiffeeftre"/><SP WIDTH="24" VPOS="1989" HPOS="599"/>
						<String ID="string_207" HPOS="623" VPOS="1990" WIDTH="212" HEIGHT="51" WC="0.86" CONTENT="contefté."/><SP WIDTH="37" VPOS="1990" HPOS="835"/>
						<String ID="string_208" HPOS="872" VPOS="1997" WIDTH="134" HEIGHT="41" WC="0.96" CONTENT="Cette"/><SP WIDTH="28" VPOS="1997" HPOS="1006"/>
						<String ID="string_209" HPOS="1034" VPOS="1988" WIDTH="224" HEIGHT="49" WC="0.53" CONTENT="methode"/><SP WIDTH="12" VPOS="1988" HPOS="1258"/>
						<String ID="string_210" HPOS="1270" VPOS="1988" WIDTH="61" HEIGHT="48" WC="0.91" CONTENT="eft"/>
					</TextLine>
					<TextLine ID="line_30" HPOS="163" VPOS="2055" WIDTH="1170" HEIGHT="54">
						<String ID="string_211" HPOS="163" VPOS="2057" WIDTH="312" HEIGHT="50" WC="0.88" CONTENT="entierement"/><SP WIDTH="21" VPOS="2057" HPOS="475"/>
						<String ID="string_212" HPOS="496" VPOS="2056" WIDTH="246" HEIGHT="53" WC="0.93" CONTENT="conforme"/><SP WIDTH="20" VPOS="2056" HPOS="742"/>
						<String ID="string_213" HPOS="762" VPOS="2056" WIDTH="322" HEIGHT="52" WC="0.88" CONTENT="aufentiment"/><SP WIDTH="22" VPOS="2056" HPOS="1084"/>
						<String ID="string_214" HPOS="1106" VPOS="2055" WIDTH="227" HEIGHT="49" WC="0.85" CONTENT="d’Arifto-"/>
					</TextLine>
					<TextLine ID="line_31" HPOS="164" VPOS="2121" WIDTH="1170" HEIGHT="76">
						<String ID="string_215" HPOS="164" VPOS="2137" WIDTH="76" HEIGHT="44" WC="0.91" CONTENT="te,"/><SP WIDTH="34" VPOS="2137" HPOS="240"/>
						<String ID="string_216" HPOS="274" VPOS="2121" WIDTH="114" HEIGHT="64" WC="0.42" CONTENT="ainfi"/><SP WIDTH="20" VPOS="2121" HPOS="388"/>
						<String ID="string_217" HPOS="408" VPOS="2128" WIDTH="146" HEIGHT="65" WC="0.87" CONTENT="qu&#39;on"/><SP WIDTH="18" VPOS="2128" HPOS="554"/>
						<String ID="string_218" HPOS="572" VPOS="2145" WIDTH="110" HEIGHT="52" WC="0.95" CONTENT="peut"/><SP WIDTH="19" VPOS="2145" HPOS="682"/>
						<String ID="string_219" HPOS="701" VPOS="2131" WIDTH="103" HEIGHT="50" WC="0.93" CONTENT="voir"/><SP WIDTH="28" VPOS="2131" HPOS="804"/>
						<String ID="string_220" HPOS="832" VPOS="2145" WIDTH="105" HEIGHT="34" WC="0.91" CONTENT="aur."/><SP WIDTH="25" VPOS="2145" HPOS="937"/>
						<String ID="string_221" HPOS="962" VPOS="2125" WIDTH="225" HEIGHT="68" WC="0.96" CONTENT="Chapitre"/><SP WIDTH="20" VPOS="2125" HPOS="1187"/>
						<String ID="string_222" HPOS="1207" VPOS="2125" WIDTH="61" HEIGHT="49" WC="0.96" CONTENT="du"/><SP WIDTH="21" VPOS="2125" HPOS="1268"/>
						<String ID="string_223" HPOS="1289" VPOS="2136" WIDTH="45" HEIGHT="53" WC="0.77" CONTENT="3."/>
					</TextLine>
				</TextBlock>
				<TextBlock ID="block_2" HPOS="180" VPOS="2242" WIDTH="13" HEIGHT="14">
					<TextLine ID="line_32" HPOS="180" VPOS="2242" WIDTH="13" HEIGHT="14">
						<String ID="string_224" HPOS="180" VPOS="2242" WIDTH="13" HEIGHT="14" WC="0.70" CONTENT="+"/>
					</TextLine>
				</TextBlock>
			</PrintSpace>
		</Page>
	</Layout>
</alto>
