1776 2528
296 99 81 51 DE
417 97 300 51 L'EsFRIT
744 96 96 52 DE
875 101 328 51 L'HOMME
1332 110 47 56 1

131 174 131 43 parce
282 167 136 67 qu’ils
447 168 123 49 l'ont
593 165 240 50 confideré
855 165 25 50 à
900 168 43 47 la
965 165 146 67 façon
1101 159 106 79 des
1221 159 154 79 autres

128 188 176 97 Ermes
327 236 58 47 de
412 234 44 49 la
479 238 223 55 matiere,
730 244 45 39 &
800 236 137 66 qu’ils
958 236 79 66 luy
1058 253 88 32 ont
1169 239 201 49 attribué

122 310 159 42 toutes
304 304 62 47 les
392 301 251 51 fonctions
661 307 84 63 qui
766 301 45 49 fe
832 321 301 51 remarquent
1154 310 57 44 eh
1232 325 136 42 nous,

128 371 54 49 ils
194 372 93 48 s'en
300 369 108 51 font
426 368 154 51 formé
594 372 231 56 vneidée,
850 376 146 62 partie
1018 374 281 66 corporelle,
1322 385 46 39 &

124 438 406 69 partiefpirituelle
543 437 106 51 auffi
663 438 193 49 ridicule
870 457 92 49 que
984 440 111 47 celle
1124 441 76 48 des
1230 442 137 66 Chy-

126 524 147 31 meres
289 517 44 38 &
348 509 78 47 des
439 511 422 62 Hippocentaures.
909 507 283 48 [Îsauroient
1216 526 149 33 nean-

124 579 158 50 moins
293 593 90 47 peu
396 572 45 48 fe
459 575 194 45 dehiurer
673 572 117 49 affez
813 570 269 51 facilement
1105 574 57 47 de
1186 594 69 28 ces
1290 595 73 29 er-

124 659 125 30 teurs
265 680 13 18 ,
298 639 38 49 fi
354 639 181 48 laiffans
558 657 118 48 pour
698 656 66 32 vn
785 654 150 52 temps
956 639 44 47 la
1021 638 344 55 confideration

126 709 64 47 du
203 714 151 61 Corps
368 704 133 61 ,ilsfe
520 704 170 51 fuffent
709 706 189 49 arreftez
924 704 26 50 à
968 708 212 66 regarder
1203 728 48 28 ce
1272 725 93 52 que

128 774 182 69 l'Efprit
333 775 60 48 eft
415 794 58 30 en
495 774 78 67 [uy
595 772 197 56 mefme,
814 790 141 48 auant
974 792 93 50 que
1084 775 280 51 d'examiner

126 841 42 49 Ja
180 849 202 45 maniere
394 844 56 48 de
449 837 91 77 fon
560 846 150 45 vnion
723 837 163 77 auecle
895 862 179 30 Corps:
1096 861 73 30 car
1193 843 170 67 qu'elle

125 926 88 47 que
223 913 143 65 puiffe
379 911 109 59 eftre
500 927 118 31 cette
633 914 177 54 vnion,
827 910 156 50 ellene
994 858 195 119 Éauroit
1223 912 137 48 l'em-

126 977 182 65 pefcher
323 979 156 50 d’eftre
493 977 167 65 cequil
676 978 75 48 eft.
784 978 118 48 C'eft
916 978 313 67 cequenoftre
1243 980 117 48 Phi-

129 1044 230 71 lofophea
372 1045 487 51 faitadmirablement
873 1045 133 54 bien;
1035 1055 44 39 &
1102 1064 57 30 au
1183 1064 176 33 moyen

124 1113 193 69 dequoy
334 1116 72 48 ila
429 1111 268 52 demonftré
718 1111 87 50 fon
827 1111 353 50 Immaterialité
1200 1111 35 50 fi
1223 1063 107 114 de

127 1194 176 39 tement
324 1201 93 50 que
437 1187 41 43 ie
497 1186 211 62 pourrois
730 1199 76 29 me
827 1178 226 68 difpenfer
1070 1185 71 59 icy
1176 1181 57 45 de
1263 1187 98 44 rien

124 1249 225 61 adjoutter
364 1250 25 49 à
406 1270 49 28 ce
473 1248 328 70 qu'ilenadit,
814 1245 87 50 fiie
918 1265 59 31 ne
997 1251 165 62 voyois
1185 1263 91 51 que
1296 1246 63 51 fes

122 1315 394 52 demonftrations
529 1316 194 51 n’eftant
736 1335 76 47 pas
826 1313 357 51 accommodées
1196 1333 56 29 au
1279 1315 80 49 fti-

124 1379 41 50 le
186 1387 57 46 de
268 1386 178 48 l'Ecole
466 1405 60 29 ne
547 1385 157 48 leuent
726 1402 78 48 pas
826 1399 152 32 toutes
1014 1382 62 48 les
1107 1382 248 50 difficultez

122 1453 164 60 qu'elle
299 1458 84 43 tire
393 1454 77 47 des
482 1451 224 51 fubtilités
720 1453 57 46 de
790 1452 42 46 la
848 1454 240 64 Logique;
1114 1466 134 32 outre
1266 1468 93 50 que

117 1520 358 61 cepointeftant
490 1521 40 46 le
543 1522 100 65 plus
664 1524 260 62 important
946 1519 58 46 de
1028 1534 104 31 tout
1151 1518 208 48 l’ouura-

118 1600 87 47 ge,
229 1584 31 46 il
284 1582 137 50 feroit
442 1605 57 29 en
520 1587 200 64 quelque
740 1584 144 65 façon
904 1583 262 69 imparfait,
1189 1584 34 49 fi
1257 1583 101 49 fans

110 1650 276 69 l'expliquer
414 1652 265 64 dauantage
700 1657 41 53 ie
761 1671 77 28 me
863 1656 265 45 contentois
1160 1652 57 47 de
1253 1655 105 43 tirer

121 1715 300 70 fimplement
443 1716 62 49 les
528 1712 340 69 confequences
892 1723 82 57 qui
995 1716 180 46 fuiuent
1200 1715 157 47 necef-

121 1782 244 59 fairement
379 1783 132 52 defes
523 1781 409 52 demonftrations.
962 1780 130 50 C’eft
1106 1797 253 51 pourquoy

122 1854 39 45 ie
177 1853 229 67 tafcheray
427 1857 58 46 de
506 1851 112 53 faire
638 1857 105 51 voir
770 1851 45 49 Le
833 1849 104 70 plus
958 1849 267 49 clairement
1247 1850 110 63 qu'il

121 1936 75 33 me
208 1920 89 51 {era
310 1922 220 68 poflible,
546 1936 208 51 quetout
767 1940 48 27 ce
835 1923 83 62 qui
943 1915 142 51 Penfe
1107 1916 59 48 eft
1184 1920 173 46 Imma-

124 1990 149 61 teriel;
295 2010 75 29 car
392 1991 95 48 cela
510 1989 144 49 eftant
673 2004 93 31 vne
784 1983 90 50 fois
892 1986 111 46 bien
1024 1979 201 72 prouué,
1251 2001 106 34 tout

116 2052 168 51 lerefte
293 2058 56 47 de
362 2079 47 28 ce
421 2077 90 48 que
524 2059 82 64 i'ay
622 2056 133 49 àdire
768 2054 57 62 de
848 2053 44 51 la
911 2067 164 35 nature
1096 2050 57 48 de
1174 2050 183 70 l’Efprit

116 2122 327 61 del'Homme
457 2126 88 61 fuit
569 2123 400 53 neceffairement;
993 2139 49 29 ce
1063 2137 88 49 que
1172 2123 40 46 ie
1233 2117 126 73 feray

986 2192 35 65 B
1075 2193 46 63 ii)
