1776 2528
272 105 78 52 5E
389 104 305 50 IESGVEXIT
728 102 452 56 DELHOMME.
1264 106 120 69 435

115 181 61 58 ny
198 173 99 50 Pon
310 192 63 48 ny
397 174 163 48 Pautre
582 171 100 49 ſans
704 192 93 29 vne
817 170 241 53 ſubſtance
1072 176 295 60 eſtenduè,
1307 166 59 78 ic

116 240 83 49 fuis
213 239 168 50 aſſeure
404 258 92 49 que
518 239 124 50 Vvne
666 250 44 39 &
735 241 157 48 Vautre
903 240 107 51 ſont
1035 244 77 47 des
1133 247 237 49 accidents

117 328 62 28 ou
191 314 257 60 propriete?
463 310 62 46 du
542 326 145 49 corps.
707 309 38 46 Il
758 312 107 45 nen
880 328 59 29 va
950 312 148 64 pas
1043 303 72 77 de
1112 309 175 51 meſme
1308 315 58 48 de

94 370 66 76 la
171 374 189 68 pensce,
391 395 72 29 car
485 380 41 43 ic
544 375 43 48 la
601 380 194 59 congois
811 374 96 50 fort
929 377 108 48 bien
1065 377 99 49 ſans
1188 379 43 48 la
1253 378 115 50 ſub-

116 441 153 50 ſtãnce
290 444 245 56 eſtendus,
563 453 45 38 &
632 437 113 78 celle
755 463 72 45 cy
844 442 100 49 ſans
958 445 42 47 la
1020 444 189 67 pensée,
1227 466 48 28 ce
1305 467 65 30 ne

118 527 110 48 peut
247 513 126 47 donc
396 511 109 48 eſtre
533 528 66 30 vn
615 511 210 46 aceident
837 529 62 28 ou
913 512 208 67 propictè
1142 514 62 46 du
1218 532 153 50 corps;

105 570 47 77 Et
160 576 152 50 ainſi
335 595 66 29 on
423 595 60 28 ne
501 592 111 49 peut
633 593 77 47 pas
733 576 97 47 dire
844 577 110 65 qu'il
975 589 76 53 ſæy
1073 594 78 49 ayt
1174 580 112 47 dans
1323 584 46 47 le

115 643 184 49 monde
318 660 93 49 que
426 643 75 47 des
531 640 255 49 ſubſtances
819 644 331 65 corporelles,
1170 645 200 71 puiſque

117 718 120 41 nous
248 707 196 66 ſcauons
458 707 152 68 qu'ily
623 728 26 28 a
661 709 78 49 des
753 708 156 49 choſes
924 714 82 65 qui
1019 714 231 65 pensẽt,
1212 703 43 83 &
1272 733 97 49 que

121 777 42 48 la
175 776 165 69 pense
365 778 309 66 mappartient
695 781 139 62 point
858 779 63 47 du
949 795 103 32 tout
1077 798 56 29 au
1146 800 130 47 corps
1301 801 31 29 ny

124 863 187 30 comme
323 844 86 49 ſon
423 845 257 64 eſſence,
624 840 74 73 ny
699 863 188 30 comme
899 864 64 30 vn
972 849 276 54 accident;
1202 840 56 73 Il
1265 847 104 52 faut

122 912 123 48 donc
259 912 168 69 qu'elle
448 911 109 50 faſſe
570 931 62 31 vn
656 930 142 49 genre
820 914 57 47 de
896 912 237 51 ſubſtance
1152 915 25 48 à
1199 934 117 50 part.

202 979 244 51 Monſieur
469 981 40 47 le
535 986 110 59 Roy
673 997 120 49 pour
814 980 156 49 eluder
1010 999 136 38 cette
1167 985 201 48 demon-

124 1045 227 61 ſtration,
392 1064 92 50 que
506 1066 132 29 nous
665 1051 151 44 tirons
833 1049 59 46 de
926 1068 49 27 ce
997 1066 91 51 que
1119 1051 52 47 la
1194 1054 175 47 Penscc

129 1124 43 39 &
207 1116 265 48 Eſtendue
521 1120 201 60 peuuent
765 1114 109 48 eſtre
911 1125 236 40 conceués
1185 1117 185 68 ſeparé-

125 1198 130 33 ment
282 1184 123 48 one
426 1182 55 48 de
492 1182 184 51 lautre,
698 1197 191 52 apporte
911 1198 117 31 cette
1042 1184 330 65 comparaiſon

125 1249 112 49 dans
257 1251 43 47 la
324 1248 214 69 reſponſe
563 1261 87 35 aux
663 1264 135 32 notes
823 1248 56 48 de
902 1247 243 50 Monſieur
1168 1250 201 51 Deſcar-

126 1330 62 35 tes
201 1317 70 48 ſur
286 1316 83 50 ſon
380 1317 213 68 placard,
618 1315 200 49 laquelle
843 1314 59 48 eſt
923 1320 303 46 entierement
1256 1340 114 29 con-

126 1398 66 34 tre
213 1385 120 66 luy,
353 1386 107 49 bien
472 1379 164 78 quelle
665 1332 178 101 EJte
871 1382 42 50 le
942 1381 233 53 fauoriſer.
1208 1387 48 47 Il
1277 1390 93 57 dit,

127 1466 92 49 que
230 1453 110 63 sily
354 1458 129 43 auoit
497 1452 274 49 vnhomme
786 1456 82 63 qui
876 1454 102 47 euſt
997 1472 100 33 vne
1107 1460 125 43 croix
1245 1457 128 47 car-

128 1533 116 47 gent
272 1518 126 47 dans
415 1519 56 48 ſa
492 1521 195 63 poche,
709 1530 46 38 &
786 1521 114 66 qu'il
932 1520 144 63 ſceuſt
1113 1520 269 50 ſeulement

129 1581 117 64 qu'il
265 1589 152 42 auroit
439 1603 93 29 vne
557 1591 150 52 croix,
733 1585 100 51 ſans
857 1585 181 64 ſcauoir
1060 1591 56 45 de
1138 1607 128 48 quoy
1280 1589 91 46 ello

127 1642 141 76 ſeroit
268 1646 147 60 faite,
440 1657 211 57 pourroit
673 1654 130 50 dire,
817 1658 43 41 ie
883 1659 197 42 connois
1085 1642 288 76 claireinent

132 1725 44 40 &
202 1716 359 64 diſtinctement
577 1732 90 50 que
679 1720 88 58 nñ̃ay
790 1734 90 29 vne
894 1720 372 45 Croixdans
1180 1712 78 77 ma
1288 1740 86 45 po-

130 1783 110 59 che,
264 1783 101 50 ſans
385 1788 249 47 conceuoir
647 1800 83 51 que
749 1785 60 64 iy
822 1783 152 67 aye
915 1778 71 77 de
996 1783 224 68 Pargent,
1254 1795 45 39 &
1313 1807 59 32 en

130 1855 132 45 niant
276 1851 174 51 meſme
464 1853 114 64 qu'il
590 1871 27 45 y
632 1871 54 32 en
700 1868 147 49 aytau
856 1853 180 47 monde;
1049 1857 85 65 Et
1149 1851 222 54 toutefois

129 1916 32 49 i
177 1936 56 30 ne
238 1925 218 61 pourroit
473 1938 77 49 pas
563 1921 217 46 conclure
792 1922 144 64 que
874 1912 75 81 la
953 1925 205 44 Cvoix
1110 1912 41 81 &
1175 1919 201 70 largent

119 1980 700 73 fuſſent
310 1976 136 81 deux
445 1976 170 81 choſes
614 1980 246 73 ſeparées,
891 1985 108 47 bien
1012 1976 120 81 qu'il
1147 1985 69 48 les
1230 1980 128 79 puiſſe

131 2060 247 41 conceuoir
400 2054 309 69 ſeparement;
724 2058 58 44 Et
788 2058 190 64 partant
990 2052 31 47 il
1034 2055 193 63 pretend
1240 2075 132 33 auoir

102 2110 273 86 auſſidroit
389 2124 164 49 dedire
577 2140 92 49 que
689 2140 119 35 nous
831 2110 189 86 mauons
1036 2110 77 86 pas
1133 2124 253 54 meilleuro

1076 2194 92 64 —
