<?xml version="1.0" encoding="UTF-8"?>
<alto xmlns="http://www.loc.gov/standards/alto/ns-v3#" xmlns:xlink="http://www.w3.org/1999/xlink" xmlns:xsi="http://www.w3.org/2001/XMLSchema-instance" xsi:schemaLocation="http://www.loc.gov/standards/alto/ns-v3# http://www.loc.gov/alto/v3/alto-3-0.xsd">
	<Description>
		<MeasurementUnit>pixel</MeasurementUnit>
		<sourceImageInformation>
			<fileName>			</fileName>
		</sourceImageInformation>
		<OCRProcessing ID="OCR_0">
			<ocrProcessingStep>
				<processingSoftware>
					<softwareName>tesseract v4.1.0-elag2019</softwareName>
				</processingSoftware>
			</ocrProcessingStep>
		</OCRProcessing>
	</Description>
	<Layout>
		<Page WIDTH="1776" HEIGHT="2528" PHYSICAL_IMG_NR="0" ID="page_0">
			<PrintSpace HPOS="0" VPOS="0" WIDTH="1776" HEIGHT="2528">
				<TextBlock ID="block_0" HPOS="90" VPOS="118" WIDTH="1281" HEIGHT="2092">
					<TextLine ID="line_0" HPOS="181" VPOS="118" WIDTH="1190" HEIGHT="72">
						<String ID="string_0" HPOS="269" VPOS="118" WIDTH="84" HEIGHT="52" WC="0.18" CONTENT="OE"/><SP WIDTH="26" VPOS="118" HPOS="353"/>
						<String ID="string_1" HPOS="379" VPOS="118" WIDTH="313" HEIGHT="50" WC="0.0" CONTENT="LESVPRTT"/><SP WIDTH="44" VPOS="118" HPOS="692"/>
						<String ID="string_2" HPOS="736" VPOS="119" WIDTH="80" HEIGHT="50" WC="0.64" CONTENT="DE"/><SP WIDTH="38" VPOS="119" HPOS="816"/>
						<String ID="string_3" HPOS="854" VPOS="121" WIDTH="338" HEIGHT="51" WC="0.77" CONTENT="HOMME."/><SP WIDTH="90" VPOS="121" HPOS="1192"/>
						<String ID="string_4" HPOS="1282" VPOS="131" WIDTH="89" HEIGHT="59" WC="0.87" CONTENT="—"/>
					</TextLine>
					<TextLine ID="line_1" HPOS="90" VPOS="179" WIDTH="1253" HEIGHT="79">
						<String ID="string_5" HPOS="90" VPOS="179" WIDTH="99" HEIGHT="56" WC="0.37" CONTENT="Etõ"/><SP WIDTH="16" VPOS="179" HPOS="189"/>
						<String ID="string_6" HPOS="205" VPOS="202" WIDTH="96" HEIGHT="52" WC="0.82" CONTENT="que"/><SP WIDTH="18" VPOS="202" HPOS="301"/>
						<String ID="string_7" HPOS="319" VPOS="206" WIDTH="53" HEIGHT="29" WC="0.46" CONTENT="ce"/><SP WIDTH="11" VPOS="206" HPOS="372"/>
						<String ID="string_8" HPOS="383" VPOS="190" WIDTH="84" HEIGHT="65" WC="0.46" CONTENT="qui"/><SP WIDTH="19" VPOS="190" HPOS="467"/>
						<String ID="string_9" HPOS="486" VPOS="186" WIDTH="187" HEIGHT="68" WC="0.91" CONTENT="poſſede"/><SP WIDTH="18" VPOS="186" HPOS="673"/>
						<String ID="string_10" HPOS="691" VPOS="206" WIDTH="58" HEIGHT="31" WC="0.93" CONTENT="en"/><SP WIDTH="13" VPOS="206" HPOS="749"/>
						<String ID="string_11" HPOS="762" VPOS="205" WIDTH="120" HEIGHT="32" WC="0.89" CONTENT="nous"/><SP WIDTH="20" VPOS="205" HPOS="882"/>
						<String ID="string_12" HPOS="902" VPOS="189" WIDTH="45" HEIGHT="48" WC="0.92" CONTENT="la"/><SP WIDTH="19" VPOS="189" HPOS="947"/>
						<String ID="string_13" HPOS="966" VPOS="187" WIDTH="169" HEIGHT="51" WC="0.53" CONTENT="facult"/><SP WIDTH="12" VPOS="187" HPOS="1135"/>
						<String ID="string_14" HPOS="1147" VPOS="192" WIDTH="57" HEIGHT="47" WC="0.83" CONTENT="de"/><SP WIDTH="19" VPOS="192" HPOS="1204"/>
						<String ID="string_15" HPOS="1223" VPOS="191" WIDTH="120" HEIGHT="67" WC="0.64" CONTENT="pen-"/>
					</TextLine>
					<TextLine ID="line_2" HPOS="105" VPOS="252" WIDTH="1236" HEIGHT="73">
						<String ID="string_16" HPOS="105" VPOS="252" WIDTH="92" HEIGHT="61" WC="0.90" CONTENT="ſer,"/><SP WIDTH="24" VPOS="252" HPOS="197"/>
						<String ID="string_17" HPOS="221" VPOS="264" WIDTH="47" HEIGHT="40" WC="0.91" CONTENT="&amp;"/><SP WIDTH="60" VPOS="264" HPOS="268"/>
						<String ID="string_18" HPOS="328" VPOS="259" WIDTH="49" HEIGHT="44" WC="0.90" CONTENT="qui"/><SP WIDTH="18" VPOS="259" HPOS="377"/>
						<String ID="string_19" HPOS="395" VPOS="254" WIDTH="60" HEIGHT="48" WC="0.58" CONTENT="eſt"/><SP WIDTH="21" VPOS="254" HPOS="455"/>
						<String ID="string_20" HPOS="476" VPOS="256" WIDTH="42" HEIGHT="47" WC="0.88" CONTENT="ſe"/><SP WIDTH="20" VPOS="256" HPOS="518"/>
						<String ID="string_21" HPOS="538" VPOS="259" WIDTH="198" HEIGHT="62" WC="0.92" CONTENT="premier"/><SP WIDTH="16" VPOS="259" HPOS="736"/>
						<String ID="string_22" HPOS="752" VPOS="254" WIDTH="117" HEIGHT="67" WC="0.90" CONTENT="ſujet"/><SP WIDTH="18" VPOS="254" HPOS="869"/>
						<String ID="string_23" HPOS="887" VPOS="258" WIDTH="114" HEIGHT="47" WC="0.93" CONTENT="dans"/><SP WIDTH="15" VPOS="258" HPOS="1001"/>
						<String ID="string_24" HPOS="1016" VPOS="248" WIDTH="154" HEIGHT="81" WC="0.79" CONTENT="lequel"/><SP WIDTH="11" VPOS="248" HPOS="1170"/>
						<String ID="string_25" HPOS="1181" VPOS="248" WIDTH="156" HEIGHT="81" WC="0.37" CONTENT="tõutes"/>
					</TextLine>
					<TextLine ID="line_3" HPOS="104" VPOS="321" WIDTH="1238" HEIGHT="70">
						<String ID="string_26" HPOS="104" VPOS="339" WIDTH="86" HEIGHT="32" WC="0.93" CONTENT="nos"/><SP WIDTH="19" VPOS="339" HPOS="190"/>
						<String ID="string_27" HPOS="209" VPOS="321" WIDTH="185" HEIGHT="68" WC="0.62" CONTENT="penſces"/><SP WIDTH="23" VPOS="321" HPOS="394"/>
						<String ID="string_28" HPOS="417" VPOS="341" WIDTH="58" HEIGHT="31" WC="0.93" CONTENT="en"/><SP WIDTH="21" VPOS="341" HPOS="475"/>
						<String ID="string_29" HPOS="496" VPOS="324" WIDTH="262" HEIGHT="67" WC="0.92" CONTENT="particulier"/><SP WIDTH="20" VPOS="324" HPOS="758"/>
						<String ID="string_30" HPOS="778" VPOS="322" WIDTH="109" HEIGHT="50" WC="0.92" CONTENT="ſont"/><SP WIDTH="20" VPOS="322" HPOS="887"/>
						<String ID="string_31" HPOS="907" VPOS="333" WIDTH="178" HEIGHT="56" WC="0.10" CONTENT="receués,"/><SP WIDTH="14" VPOS="333" HPOS="1085"/>
						<String ID="string_32" HPOS="1099" VPOS="323" WIDTH="129" HEIGHT="60" WC="0.92" CONTENT="ſoit"/><SP WIDTH="19" VPOS="323" HPOS="1228"/>
						<String ID="string_33" HPOS="1247" VPOS="345" WIDTH="95" HEIGHT="31" WC="0.81" CONTENT="vne"/>
					</TextLine>
					<TextLine ID="line_4" HPOS="103" VPOS="386" WIDTH="1237" HEIGHT="72">
						<String ID="string_34" HPOS="103" VPOS="386" WIDTH="269" HEIGHT="59" WC="0.87" CONTENT="ſubſtance;"/><SP WIDTH="19" VPOS="386" HPOS="372"/>
						<String ID="string_35" HPOS="391" VPOS="394" WIDTH="63" HEIGHT="45" WC="0.92" CONTENT="Et"/><SP WIDTH="10" VPOS="394" HPOS="454"/>
						<String ID="string_36" HPOS="464" VPOS="408" WIDTH="185" HEIGHT="50" WC="0.92" CONTENT="partant"/><SP WIDTH="11" VPOS="408" HPOS="649"/>
						<String ID="string_37" HPOS="660" VPOS="391" WIDTH="109" HEIGHT="50" WC="0.92" CONTENT="bien"/><SP WIDTH="19" VPOS="391" HPOS="769"/>
						<String ID="string_38" HPOS="788" VPOS="409" WIDTH="94" HEIGHT="49" WC="0.92" CONTENT="que"/><SP WIDTH="10" VPOS="409" HPOS="882"/>
						<String ID="string_39" HPOS="892" VPOS="410" WIDTH="119" HEIGHT="33" WC="0.92" CONTENT="nous"/><SP WIDTH="14" VPOS="410" HPOS="1011"/>
						<String ID="string_40" HPOS="1025" VPOS="411" WIDTH="59" HEIGHT="30" WC="0.91" CONTENT="ne"/><SP WIDTH="13" VPOS="411" HPOS="1084"/>
						<String ID="string_41" HPOS="1097" VPOS="390" WIDTH="243" HEIGHT="65" WC="0.53" CONTENT="ſcachions"/>
					</TextLine>
					<TextLine ID="line_5" HPOS="103" VPOS="458" WIDTH="1240" HEIGHT="72">
						<String ID="string_42" HPOS="103" VPOS="475" WIDTH="76" HEIGHT="50" WC="0.92" CONTENT="pas"/><SP WIDTH="13" VPOS="475" HPOS="179"/>
						<String ID="string_43" HPOS="192" VPOS="476" WIDTH="177" HEIGHT="32" WC="0.85" CONTENT="encore"/><SP WIDTH="11" VPOS="476" HPOS="369"/>
						<String ID="string_44" HPOS="380" VPOS="458" WIDTH="66" HEIGHT="49" WC="0.85" CONTENT="de"/><SP WIDTH="14" VPOS="458" HPOS="446"/>
						<String ID="string_45" HPOS="460" VPOS="459" WIDTH="156" HEIGHT="68" WC="0.85" CONTENT="quelle"/><SP WIDTH="10" VPOS="459" HPOS="616"/>
						<String ID="string_46" HPOS="626" VPOS="462" WIDTH="163" HEIGHT="47" WC="0.87" CONTENT="nature"/><SP WIDTH="17" VPOS="462" HPOS="789"/>
						<String ID="string_47" HPOS="806" VPOS="469" WIDTH="45" HEIGHT="39" WC="0.91" CONTENT="&amp;"/><SP WIDTH="27" VPOS="469" HPOS="851"/>
						<String ID="string_48" HPOS="878" VPOS="460" WIDTH="251" HEIGHT="70" WC="0.91" CONTENT="condition"/><SP WIDTH="20" VPOS="460" HPOS="1129"/>
						<String ID="string_49" HPOS="1149" VPOS="459" WIDTH="86" HEIGHT="49" WC="0.92" CONTENT="elle"/><SP WIDTH="23" VPOS="459" HPOS="1235"/>
						<String ID="string_50" HPOS="1258" VPOS="461" WIDTH="85" HEIGHT="58" WC="0.92" CONTENT="eſt,"/>
					</TextLine>
					<TextLine ID="line_6" HPOS="102" VPOS="529" WIDTH="1236" HEIGHT="65">
						<String ID="string_51" HPOS="102" VPOS="542" WIDTH="118" HEIGHT="32" WC="0.92" CONTENT="nous"/><SP WIDTH="30" VPOS="542" HPOS="220"/>
						<String ID="string_52" HPOS="250" VPOS="545" WIDTH="61" HEIGHT="30" WC="0.91" CONTENT="ne"/><SP WIDTH="37" VPOS="545" HPOS="311"/>
						<String ID="string_53" HPOS="348" VPOS="543" WIDTH="220" HEIGHT="51" WC="0.91" CONTENT="pouuons"/><SP WIDTH="33" VPOS="543" HPOS="568"/>
						<String ID="string_54" HPOS="601" VPOS="531" WIDTH="237" HEIGHT="62" WC="0.89" CONTENT="pourtant"/><SP WIDTH="37" VPOS="531" HPOS="838"/>
						<String ID="string_55" HPOS="875" VPOS="529" WIDTH="169" HEIGHT="46" WC="0.92" CONTENT="douter"/><SP WIDTH="42" VPOS="529" HPOS="1044"/>
						<String ID="string_56" HPOS="1086" VPOS="543" WIDTH="94" HEIGHT="50" WC="0.89" CONTENT="que"/><SP WIDTH="38" VPOS="543" HPOS="1180"/>
						<String ID="string_57" HPOS="1218" VPOS="543" WIDTH="120" HEIGHT="33" WC="0.92" CONTENT="nous"/>
					</TextLine>
					<TextLine ID="line_7" HPOS="102" VPOS="591" WIDTH="1237" HEIGHT="68">
						<String ID="string_58" HPOS="102" VPOS="586" WIDTH="202" HEIGHT="77" WC="0.17" CONTENT="nayons"/><SP WIDTH="3" VPOS="586" HPOS="304"/>
						<String ID="string_59" HPOS="307" VPOS="612" WIDTH="69" HEIGHT="30" WC="0.45" CONTENT="en"/><SP WIDTH="21" VPOS="612" HPOS="376"/>
						<String ID="string_60" HPOS="397" VPOS="591" WIDTH="476" HEIGHT="50" WC="0.92" CONTENT="nous"/><SP WIDTH="-346" VPOS="591" HPOS="873"/>
						<String ID="string_61" HPOS="527" VPOS="586" WIDTH="98" HEIGHT="77" WC="0.63" CONTENT="vnc"/><SP WIDTH="-1" VPOS="586" HPOS="625"/>
						<String ID="string_62" HPOS="624" VPOS="591" WIDTH="249" HEIGHT="50" WC="0.63" CONTENT="ſubſtance"/><SP WIDTH="12" VPOS="591" HPOS="873"/>
						<String ID="string_63" HPOS="885" VPOS="597" WIDTH="82" HEIGHT="62" WC="0.93" CONTENT="qui"/><SP WIDTH="20" VPOS="597" HPOS="967"/>
						<String ID="string_64" HPOS="987" VPOS="591" WIDTH="162" HEIGHT="67" WC="0.28" CONTENT="penſc,"/><SP WIDTH="22" VPOS="591" HPOS="1149"/>
						<String ID="string_65" HPOS="1171" VPOS="598" WIDTH="83" HEIGHT="60" WC="0.87" CONTENT="qui"/><SP WIDTH="23" VPOS="598" HPOS="1254"/>
						<String ID="string_66" HPOS="1277" VPOS="595" WIDTH="62" HEIGHT="47" WC="0.87" CONTENT="eſt"/>
					</TextLine>
					<TextLine ID="line_8" HPOS="102" VPOS="656" WIDTH="1242" HEIGHT="70">
						<String ID="string_67" HPOS="102" VPOS="678" WIDTH="47" HEIGHT="30" WC="0.82" CONTENT="ce"/><SP WIDTH="22" VPOS="678" HPOS="149"/>
						<String ID="string_68" HPOS="171" VPOS="672" WIDTH="151" HEIGHT="54" WC="0.9" CONTENT="quron"/><SP WIDTH="20" VPOS="672" HPOS="322"/>
						<String ID="string_69" HPOS="342" VPOS="652" WIDTH="179" HEIGHT="78" WC="0.61" CONTENT="appelle"/><SP WIDTH="12" VPOS="652" HPOS="521"/>
						<String ID="string_70" HPOS="533" VPOS="652" WIDTH="150" HEIGHT="78" WC="0.61" CONTENT="lAme"/><SP WIDTH="18" VPOS="652" HPOS="683"/>
						<String ID="string_71" HPOS="701" VPOS="674" WIDTH="62" HEIGHT="33" WC="0.88" CONTENT="ou"/><SP WIDTH="24" VPOS="674" HPOS="763"/>
						<String ID="string_72" HPOS="787" VPOS="656" WIDTH="184" HEIGHT="69" WC="0.0" CONTENT="lEſprit"/><SP WIDTH="21" VPOS="656" HPOS="971"/>
						<String ID="string_73" HPOS="992" VPOS="660" WIDTH="69" HEIGHT="47" WC="0.84" CONTENT="de"/><SP WIDTH="11" VPOS="660" HPOS="1061"/>
						<String ID="string_74" HPOS="1072" VPOS="671" WIDTH="272" HEIGHT="38" WC="0.24" CONTENT="lHomme."/>
					</TextLine>
					<TextLine ID="line_9" HPOS="105" VPOS="724" WIDTH="1236" HEIGHT="70">
						<String ID="string_75" HPOS="105" VPOS="730" WIDTH="64" HEIGHT="45" WC="0.90" CONTENT="La"/><SP WIDTH="23" VPOS="730" HPOS="169"/>
						<String ID="string_76" HPOS="192" VPOS="726" WIDTH="200" HEIGHT="51" WC="0.78" CONTENT="ſeconde"/><SP WIDTH="23" VPOS="726" HPOS="392"/>
						<String ID="string_77" HPOS="415" VPOS="724" WIDTH="137" HEIGHT="51" WC="0.78" CONTENT="choſe"/><SP WIDTH="32" VPOS="724" HPOS="552"/>
						<String ID="string_78" HPOS="584" VPOS="726" WIDTH="114" HEIGHT="68" WC="0.60" CONTENT="qu&#39;il"/><SP WIDTH="30" VPOS="726" HPOS="698"/>
						<String ID="string_79" HPOS="728" VPOS="724" WIDTH="99" HEIGHT="51" WC="0.92" CONTENT="faut"/><SP WIDTH="27" VPOS="724" HPOS="827"/>
						<String ID="string_80" HPOS="854" VPOS="725" WIDTH="293" HEIGHT="60" WC="0.91" CONTENT="conſiderer,"/><SP WIDTH="22" VPOS="725" HPOS="1147"/>
						<String ID="string_81" HPOS="1169" VPOS="726" WIDTH="61" HEIGHT="49" WC="0.91" CONTENT="eſt"/><SP WIDTH="20" VPOS="726" HPOS="1230"/>
						<String ID="string_82" HPOS="1250" VPOS="745" WIDTH="91" HEIGHT="47" WC="0.91" CONTENT="que"/>
					</TextLine>
					<TextLine ID="line_10" HPOS="102" VPOS="791" WIDTH="1238" HEIGHT="72">
						<String ID="string_83" HPOS="102" VPOS="791" WIDTH="85" HEIGHT="52" WC="0.88" CONTENT="ſoit"/><SP WIDTH="19" VPOS="791" HPOS="187"/>
						<String ID="string_84" HPOS="206" VPOS="812" WIDTH="93" HEIGHT="51" WC="0.92" CONTENT="que"/><SP WIDTH="24" VPOS="812" HPOS="299"/>
						<String ID="string_85" HPOS="323" VPOS="811" WIDTH="120" HEIGHT="32" WC="0.91" CONTENT="cette"/><SP WIDTH="19" VPOS="811" HPOS="443"/>
						<String ID="string_86" HPOS="462" VPOS="793" WIDTH="239" HEIGHT="51" WC="0.68" CONTENT="ſubſtãnce"/><SP WIDTH="18" VPOS="793" HPOS="701"/>
						<String ID="string_87" HPOS="719" VPOS="799" WIDTH="83" HEIGHT="62" WC="0.89" CONTENT="qui"/><SP WIDTH="28" VPOS="799" HPOS="802"/>
						<String ID="string_88" HPOS="830" VPOS="791" WIDTH="137" HEIGHT="69" WC="0.92" CONTENT="penſe"/><SP WIDTH="23" VPOS="791" HPOS="967"/>
						<String ID="string_89" HPOS="990" VPOS="791" WIDTH="91" HEIGHT="52" WC="0.92" CONTENT="ſoit"/><SP WIDTH="22" VPOS="791" HPOS="1081"/>
						<String ID="string_90" HPOS="1103" VPOS="812" WIDTH="94" HEIGHT="32" WC="0.88" CONTENT="vne"/><SP WIDTH="11" VPOS="812" HPOS="1197"/>
						<String ID="string_91" HPOS="1208" VPOS="793" WIDTH="132" HEIGHT="50" WC="0.88" CONTENT="meſ-"/>
					</TextLine>
					<TextLine ID="line_11" HPOS="103" VPOS="861" WIDTH="1235" HEIGHT="68">
						<String ID="string_92" HPOS="103" VPOS="877" WIDTH="73" HEIGHT="34" WC="0.91" CONTENT="me"/><SP WIDTH="23" VPOS="877" HPOS="176"/>
						<String ID="string_93" HPOS="199" VPOS="861" WIDTH="137" HEIGHT="51" WC="0.91" CONTENT="choſe"/><SP WIDTH="21" VPOS="861" HPOS="336"/>
						<String ID="string_94" HPOS="357" VPOS="880" WIDTH="110" HEIGHT="31" WC="0.92" CONTENT="auec"/><SP WIDTH="22" VPOS="880" HPOS="467"/>
						<String ID="string_95" HPOS="489" VPOS="862" WIDTH="113" HEIGHT="49" WC="0.91" CONTENT="celle"/><SP WIDTH="16" VPOS="862" HPOS="602"/>
						<String ID="string_96" HPOS="618" VPOS="866" WIDTH="88" HEIGHT="63" WC="0.92" CONTENT="qui"/><SP WIDTH="24" VPOS="866" HPOS="706"/>
						<String ID="string_97" HPOS="730" VPOS="861" WIDTH="60" HEIGHT="49" WC="0.88" CONTENT="eſt"/><SP WIDTH="29" VPOS="861" HPOS="790"/>
						<String ID="string_98" HPOS="819" VPOS="861" WIDTH="247" HEIGHT="59" WC="0.63" CONTENT="eſtendus,"/><SP WIDTH="29" VPOS="861" HPOS="1066"/>
						<String ID="string_99" HPOS="1095" VPOS="878" WIDTH="95" HEIGHT="50" WC="0.92" CONTENT="que"/><SP WIDTH="26" VPOS="878" HPOS="1190"/>
						<String ID="string_100" HPOS="1216" VPOS="880" WIDTH="122" HEIGHT="30" WC="0.92" CONTENT="nous"/>
					</TextLine>
					<TextLine ID="line_12" HPOS="103" VPOS="927" WIDTH="1234" HEIGHT="71">
						<String ID="string_101" HPOS="103" VPOS="931" WIDTH="452" HEIGHT="67" WC="0.60" CONTENT="appellons"/><SP WIDTH="-219" VPOS="931" HPOS="555"/>
						<String ID="string_102" HPOS="336" VPOS="923" WIDTH="66" HEIGHT="79" WC="0.60" CONTENT="le"/><SP WIDTH="-1" VPOS="923" HPOS="402"/>
						<String ID="string_103" HPOS="401" VPOS="931" WIDTH="154" HEIGHT="67" WC="0.80" CONTENT="Corps,"/><SP WIDTH="12" VPOS="931" HPOS="555"/>
						<String ID="string_104" HPOS="567" VPOS="928" WIDTH="117" HEIGHT="61" WC="0.66" CONTENT="ſoit"/><SP WIDTH="21" VPOS="928" HPOS="684"/>
						<String ID="string_105" HPOS="705" VPOS="946" WIDTH="66" HEIGHT="50" WC="0.60" CONTENT="qu"/><SP WIDTH="3" VPOS="946" HPOS="771"/>
						<String ID="string_106" HPOS="774" VPOS="929" WIDTH="99" HEIGHT="48" WC="0.60" CONTENT="elle"/><SP WIDTH="24" VPOS="929" HPOS="873"/>
						<String ID="string_107" HPOS="897" VPOS="948" WIDTH="58" HEIGHT="30" WC="0.90" CONTENT="en"/><SP WIDTH="10" VPOS="948" HPOS="955"/>
						<String ID="string_108" HPOS="965" VPOS="927" WIDTH="92" HEIGHT="52" WC="0.90" CONTENT="ſoit"/><SP WIDTH="20" VPOS="927" HPOS="1057"/>
						<String ID="string_109" HPOS="1077" VPOS="927" WIDTH="260" HEIGHT="69" WC="0.80" CONTENT="differente,"/>
					</TextLine>
					<TextLine ID="line_13" HPOS="102" VPOS="994" WIDTH="1235" HEIGHT="70">
						<String ID="string_110" HPOS="102" VPOS="1012" WIDTH="114" HEIGHT="34" WC="0.91" CONTENT="nous"/><SP WIDTH="14" VPOS="1012" HPOS="216"/>
						<String ID="string_111" HPOS="230" VPOS="998" WIDTH="43" HEIGHT="49" WC="0.91" CONTENT="la"/><SP WIDTH="12" VPOS="998" HPOS="273"/>
						<String ID="string_112" HPOS="285" VPOS="998" WIDTH="310" HEIGHT="49" WC="0.88" CONTENT="connoiſſons"/><SP WIDTH="8" VPOS="998" HPOS="595"/>
						<String ID="string_113" HPOS="603" VPOS="996" WIDTH="211" HEIGHT="68" WC="0.92" CONTENT="pluſtoſt,"/><SP WIDTH="11" VPOS="996" HPOS="814"/>
						<String ID="string_114" HPOS="825" VPOS="1006" WIDTH="44" HEIGHT="39" WC="0.92" CONTENT="&amp;"/><SP WIDTH="11" VPOS="1006" HPOS="869"/>
						<String ID="string_115" HPOS="880" VPOS="1015" WIDTH="123" HEIGHT="30" WC="0.93" CONTENT="nous"/><SP WIDTH="18" VPOS="1015" HPOS="1003"/>
						<String ID="string_116" HPOS="1021" VPOS="990" WIDTH="182" HEIGHT="78" WC="0.91" CONTENT="ſommes"/><SP WIDTH="6" VPOS="990" HPOS="1203"/>
						<String ID="string_117" HPOS="1209" VPOS="990" WIDTH="128" HEIGHT="78" WC="0.89" CONTENT="plus"/>
					</TextLine>
					<TextLine ID="line_14" HPOS="103" VPOS="1063" WIDTH="1234" HEIGHT="69">
						<String ID="string_118" HPOS="103" VPOS="1059" WIDTH="190" HEIGHT="77" WC="0.8" CONTENT="aſſeurex"/><SP WIDTH="13" VPOS="1059" HPOS="293"/>
						<String ID="string_119" HPOS="306" VPOS="1068" WIDTH="71" HEIGHT="47" WC="0.81" CONTENT="de"/><SP WIDTH="11" VPOS="1068" HPOS="377"/>
						<String ID="string_120" HPOS="388" VPOS="1063" WIDTH="97" HEIGHT="51" WC="0.90" CONTENT="ſon"/><SP WIDTH="8" VPOS="1063" HPOS="485"/>
						<String ID="string_121" HPOS="493" VPOS="1102" WIDTH="267" HEIGHT="21" WC="0.80" CONTENT="exiſtence,"/><SP WIDTH="27" VPOS="1102" HPOS="760"/>
						<String ID="string_122" HPOS="787" VPOS="1074" WIDTH="53" HEIGHT="49" WC="0.92" CONTENT="&amp;"/><SP WIDTH="15" VPOS="1074" HPOS="840"/>
						<String ID="string_123" HPOS="855" VPOS="1065" WIDTH="58" HEIGHT="47" WC="0.22" CONTENT="de"/><SP WIDTH="4" VPOS="1065" HPOS="913"/>
						<String ID="string_124" HPOS="917" VPOS="1083" WIDTH="65" HEIGHT="30" WC="0.22" CONTENT="ce"/><SP WIDTH="19" VPOS="1083" HPOS="982"/>
						<String ID="string_125" HPOS="1001" VPOS="1064" WIDTH="170" HEIGHT="68" WC="0.85" CONTENT="qu&#39;elle"/><SP WIDTH="22" VPOS="1064" HPOS="1171"/>
						<String ID="string_126" HPOS="1193" VPOS="1065" WIDTH="62" HEIGHT="47" WC="0.92" CONTENT="eſt"/><SP WIDTH="22" VPOS="1065" HPOS="1255"/>
						<String ID="string_127" HPOS="1277" VPOS="1083" WIDTH="60" HEIGHT="31" WC="0.92" CONTENT="en"/>
					</TextLine>
					<TextLine ID="line_15" HPOS="101" VPOS="1130" WIDTH="1250" HEIGHT="71">
						<String ID="string_128" HPOS="101" VPOS="1145" WIDTH="95" HEIGHT="37" WC="0.92" CONTENT="tant"/><SP WIDTH="13" VPOS="1145" HPOS="196"/>
						<String ID="string_129" HPOS="209" VPOS="1134" WIDTH="170" HEIGHT="67" WC="0.0" CONTENT="qulelle"/><SP WIDTH="10" VPOS="1134" HPOS="379"/>
						<String ID="string_130" HPOS="389" VPOS="1126" WIDTH="152" HEIGHT="79" WC="0.92" CONTENT="penſe,"/><SP WIDTH="16" VPOS="1126" HPOS="541"/>
						<String ID="string_131" HPOS="557" VPOS="1150" WIDTH="83" HEIGHT="49" WC="0.91" CONTENT="que"/><SP WIDTH="10" VPOS="1150" HPOS="640"/>
						<String ID="string_132" HPOS="650" VPOS="1149" WIDTH="117" HEIGHT="30" WC="0.91" CONTENT="nous"/><SP WIDTH="13" VPOS="1149" HPOS="767"/>
						<String ID="string_133" HPOS="780" VPOS="1150" WIDTH="59" HEIGHT="30" WC="0.85" CONTENT="ne"/><SP WIDTH="11" VPOS="1150" HPOS="839"/>
						<String ID="string_134" HPOS="850" VPOS="1130" WIDTH="255" HEIGHT="50" WC="0.35" CONTENT="leſommes"/><SP WIDTH="13" VPOS="1130" HPOS="1105"/>
						<String ID="string_135" HPOS="1118" VPOS="1132" WIDTH="233" HEIGHT="66" WC="0.47" CONTENT="duCorps"/>
					</TextLine>
					<TextLine ID="line_16" HPOS="101" VPOS="1195" WIDTH="1234" HEIGHT="54">
						<String ID="string_136" HPOS="101" VPOS="1215" WIDTH="59" HEIGHT="32" WC="0.91" CONTENT="ou"/><SP WIDTH="26" VPOS="1215" HPOS="160"/>
						<String ID="string_137" HPOS="186" VPOS="1202" WIDTH="58" HEIGHT="47" WC="0.67" CONTENT="dẽ"/><SP WIDTH="28" VPOS="1202" HPOS="244"/>
						<String ID="string_138" HPOS="272" VPOS="1201" WIDTH="45" HEIGHT="48" WC="0.89" CONTENT="la"/><SP WIDTH="17" VPOS="1201" HPOS="317"/>
						<String ID="string_139" HPOS="334" VPOS="1199" WIDTH="249" HEIGHT="50" WC="0.39" CONTENT="ſubſtancc"/><SP WIDTH="32" VPOS="1199" HPOS="583"/>
						<String ID="string_140" HPOS="615" VPOS="1198" WIDTH="229" HEIGHT="48" WC="0.0" CONTENT="eſtendus."/><SP WIDTH="38" VPOS="1198" HPOS="844"/>
						<String ID="string_141" HPOS="882" VPOS="1204" WIDTH="142" HEIGHT="43" WC="0.92" CONTENT="Cette"/><SP WIDTH="32" VPOS="1204" HPOS="1024"/>
						<String ID="string_142" HPOS="1056" VPOS="1196" WIDTH="144" HEIGHT="49" WC="0.76" CONTENT="verité"/><SP WIDTH="20" VPOS="1196" HPOS="1200"/>
						<String ID="string_143" HPOS="1220" VPOS="1197" WIDTH="60" HEIGHT="47" WC="0.87" CONTENT="eſt"/><SP WIDTH="20" VPOS="1197" HPOS="1280"/>
						<String ID="string_144" HPOS="1300" VPOS="1195" WIDTH="35" HEIGHT="49" WC="0.87" CONTENT="ſi"/>
					</TextLine>
					<TextLine ID="line_17" HPOS="99" VPOS="1264" WIDTH="1237" HEIGHT="73">
						<String ID="string_145" HPOS="99" VPOS="1265" WIDTH="155" HEIGHT="62" WC="0.92" CONTENT="claire,"/><SP WIDTH="15" VPOS="1265" HPOS="254"/>
						<String ID="string_146" HPOS="269" VPOS="1286" WIDTH="102" HEIGHT="51" WC="0.87" CONTENT="que"/><SP WIDTH="13" VPOS="1286" HPOS="371"/>
						<String ID="string_147" HPOS="384" VPOS="1266" WIDTH="240" HEIGHT="51" WC="0.50" CONTENT="Meſſicurs"/><SP WIDTH="24" VPOS="1266" HPOS="624"/>
						<String ID="string_148" HPOS="648" VPOS="1264" WIDTH="238" HEIGHT="68" WC="0.90" CONTENT="Gaſſendy"/><SP WIDTH="19" VPOS="1264" HPOS="886"/>
						<String ID="string_149" HPOS="905" VPOS="1274" WIDTH="50" HEIGHT="40" WC="0.90" CONTENT="&amp;"/><SP WIDTH="28" VPOS="1274" HPOS="955"/>
						<String ID="string_150" HPOS="983" VPOS="1264" WIDTH="42" HEIGHT="49" WC="0.83" CONTENT="le"/><SP WIDTH="20" VPOS="1264" HPOS="1025"/>
						<String ID="string_151" HPOS="1045" VPOS="1270" WIDTH="138" HEIGHT="60" WC="0.91" CONTENT="Roy,"/><SP WIDTH="18" VPOS="1270" HPOS="1183"/>
						<String ID="string_152" HPOS="1201" VPOS="1282" WIDTH="135" HEIGHT="50" WC="0.81" CONTENT="quoy"/>
					</TextLine>
					<TextLine ID="line_18" HPOS="260" VPOS="1331" WIDTH="1075" HEIGHT="115">
						<String ID="string_153" HPOS="260" VPOS="1338" WIDTH="107" HEIGHT="108" WC="0.3" CONTENT="**"/><SP WIDTH="33" VPOS="1338" HPOS="367"/>
						<String ID="string_154" HPOS="400" VPOS="1334" WIDTH="206" HEIGHT="51" WC="0.35" CONTENT="declarez"/><SP WIDTH="15" VPOS="1334" HPOS="606"/>
						<String ID="string_155" HPOS="621" VPOS="1334" WIDTH="56" HEIGHT="49" WC="0.90" CONTENT="de"/><SP WIDTH="12" VPOS="1334" HPOS="677"/>
						<String ID="string_156" HPOS="689" VPOS="1333" WIDTH="44" HEIGHT="49" WC="0.90" CONTENT="la"/><SP WIDTH="12" VPOS="1333" HPOS="733"/>
						<String ID="string_157" HPOS="745" VPOS="1331" WIDTH="362" HEIGHT="70" WC="0.89" CONTENT="Metaphyſique"/><SP WIDTH="11" VPOS="1331" HPOS="1107"/>
						<String ID="string_158" HPOS="1118" VPOS="1333" WIDTH="57" HEIGHT="48" WC="0.89" CONTENT="de"/><SP WIDTH="15" VPOS="1333" HPOS="1175"/>
						<String ID="string_159" HPOS="1190" VPOS="1338" WIDTH="145" HEIGHT="45" WC="0.90" CONTENT="Mon-"/>
					</TextLine>
					<TextLine ID="line_19" HPOS="117" VPOS="1400" WIDTH="1218" HEIGHT="61">
						<String ID="string_160" HPOS="117" VPOS="1417" WIDTH="91" HEIGHT="34" WC="0.67" CONTENT="leur"/><SP WIDTH="13" VPOS="1417" HPOS="208"/>
						<String ID="string_161" HPOS="221" VPOS="1403" WIDTH="262" HEIGHT="58" WC="0.91" CONTENT="Deſcartes,"/><SP WIDTH="20" VPOS="1403" HPOS="483"/>
						<String ID="string_162" HPOS="503" VPOS="1421" WIDTH="59" HEIGHT="31" WC="0.92" CONTENT="en"/><SP WIDTH="17" VPOS="1421" HPOS="562"/>
						<String ID="string_163" HPOS="579" VPOS="1400" WIDTH="108" HEIGHT="51" WC="0.92" CONTENT="ſont"/><SP WIDTH="19" VPOS="1400" HPOS="687"/>
						<String ID="string_164" HPOS="706" VPOS="1402" WIDTH="244" HEIGHT="49" WC="0.0" CONTENT="demeutez"/><SP WIDTH="19" VPOS="1402" HPOS="950"/>
						<String ID="string_165" HPOS="969" VPOS="1401" WIDTH="230" HEIGHT="49" WC="0.1" CONTENT="d&#39;accord."/><SP WIDTH="16" VPOS="1401" HPOS="1199"/>
						<String ID="string_166" HPOS="1215" VPOS="1401" WIDTH="120" HEIGHT="48" WC="0.21" CONTENT="C&#39;eſt"/>
					</TextLine>
					<TextLine ID="line_20" HPOS="96" VPOS="1466" WIDTH="1239" HEIGHT="71">
						<String ID="string_167" HPOS="96" VPOS="1483" WIDTH="248" HEIGHT="54" WC="0.88" CONTENT="pourquoy"/><SP WIDTH="20" VPOS="1483" HPOS="344"/>
						<String ID="string_168" HPOS="364" VPOS="1476" WIDTH="41" HEIGHT="44" WC="0.42" CONTENT="ie"/><SP WIDTH="10" VPOS="1476" HPOS="405"/>
						<String ID="string_169" HPOS="415" VPOS="1471" WIDTH="422" HEIGHT="66" WC="0.26" CONTENT="mentreprendrois"/><SP WIDTH="11" VPOS="1471" HPOS="837"/>
						<String ID="string_170" HPOS="848" VPOS="1488" WIDTH="80" HEIGHT="49" WC="0.90" CONTENT="pas"/><SP WIDTH="19" VPOS="1488" HPOS="928"/>
						<String ID="string_171" HPOS="947" VPOS="1468" WIDTH="54" HEIGHT="49" WC="0.79" CONTENT="de"/><SP WIDTH="7" VPOS="1468" HPOS="1001"/>
						<String ID="string_172" HPOS="1008" VPOS="1469" WIDTH="52" HEIGHT="48" WC="0.79" CONTENT="la"/><SP WIDTH="9" VPOS="1469" HPOS="1060"/>
						<String ID="string_173" HPOS="1069" VPOS="1486" WIDTH="217" HEIGHT="50" WC="0.90" CONTENT="prouuer,"/><SP WIDTH="8" VPOS="1486" HPOS="1286"/>
						<String ID="string_174" HPOS="1294" VPOS="1466" WIDTH="41" HEIGHT="49" WC="0.92" CONTENT="ſi"/>
					</TextLine>
					<TextLine ID="line_21" HPOS="98" VPOS="1534" WIDTH="1237" HEIGHT="71">
						<String ID="string_175" HPOS="98" VPOS="1536" WIDTH="38" HEIGHT="46" WC="0.81" CONTENT="ie"/><SP WIDTH="28" VPOS="1536" HPOS="136"/>
						<String ID="string_176" HPOS="164" VPOS="1536" WIDTH="181" HEIGHT="65" WC="0.85" CONTENT="penſois"/><SP WIDTH="30" VPOS="1536" HPOS="345"/>
						<String ID="string_177" HPOS="375" VPOS="1556" WIDTH="94" HEIGHT="49" WC="0.90" CONTENT="que"/><SP WIDTH="27" VPOS="1556" HPOS="469"/>
						<String ID="string_178" HPOS="496" VPOS="1554" WIDTH="106" HEIGHT="32" WC="0.92" CONTENT="tous"/><SP WIDTH="23" VPOS="1554" HPOS="602"/>
						<String ID="string_179" HPOS="625" VPOS="1556" WIDTH="120" HEIGHT="29" WC="0.89" CONTENT="ceux"/><SP WIDTH="24" VPOS="1556" HPOS="745"/>
						<String ID="string_180" HPOS="769" VPOS="1542" WIDTH="93" HEIGHT="63" WC="0.52" CONTENT="quĩ"/><SP WIDTH="30" VPOS="1542" HPOS="862"/>
						<String ID="string_181" HPOS="892" VPOS="1552" WIDTH="232" HEIGHT="52" WC="0.90" CONTENT="pourront"/><SP WIDTH="29" VPOS="1552" HPOS="1124"/>
						<String ID="string_182" HPOS="1153" VPOS="1535" WIDTH="83" HEIGHT="48" WC="0.92" CONTENT="lire"/><SP WIDTH="28" VPOS="1535" HPOS="1236"/>
						<String ID="string_183" HPOS="1264" VPOS="1534" WIDTH="71" HEIGHT="49" WC="0.18" CONTENT="cet"/>
					</TextLine>
					<TextLine ID="line_22" HPOS="98" VPOS="1600" WIDTH="1234" HEIGHT="70">
						<String ID="string_184" HPOS="98" VPOS="1600" WIDTH="168" HEIGHT="60" WC="0.91" CONTENT="Eſcrit,"/><SP WIDTH="25" VPOS="1600" HPOS="266"/>
						<String ID="string_185" HPOS="291" VPOS="1605" WIDTH="175" HEIGHT="47" WC="0.92" CONTENT="euſſent"/><SP WIDTH="32" VPOS="1605" HPOS="466"/>
						<String ID="string_186" HPOS="498" VPOS="1621" WIDTH="283" HEIGHT="49" WC="0.91" CONTENT="auparauant"/><SP WIDTH="33" VPOS="1621" HPOS="781"/>
						<String ID="string_187" HPOS="814" VPOS="1604" WIDTH="73" HEIGHT="48" WC="0.60" CONTENT="leu"/><SP WIDTH="28" VPOS="1604" HPOS="887"/>
						<String ID="string_188" HPOS="915" VPOS="1602" WIDTH="65" HEIGHT="50" WC="0.60" CONTENT="ſes"/><SP WIDTH="25" VPOS="1602" HPOS="980"/>
						<String ID="string_189" HPOS="1005" VPOS="1605" WIDTH="327" HEIGHT="49" WC="0.39" CONTENT="Meditations:"/>
					</TextLine>
					<TextLine ID="line_23" HPOS="101" VPOS="1669" WIDTH="1234" HEIGHT="68">
						<String ID="string_190" HPOS="101" VPOS="1669" WIDTH="118" HEIGHT="50" WC="0.91" CONTENT="Mais"/><SP WIDTH="21" VPOS="1669" HPOS="219"/>
						<String ID="string_191" HPOS="240" VPOS="1670" WIDTH="234" HEIGHT="48" WC="0.75" CONTENT="commeil"/><SP WIDTH="15" VPOS="1670" HPOS="474"/>
						<String ID="string_192" HPOS="489" VPOS="1672" WIDTH="97" HEIGHT="43" WC="0.61" CONTENT="sen"/><SP WIDTH="12" VPOS="1672" HPOS="586"/>
						<String ID="string_193" HPOS="598" VPOS="1689" WIDTH="167" HEIGHT="44" WC="0.76" CONTENT="pourra"/><SP WIDTH="5" VPOS="1689" HPOS="765"/>
						<String ID="string_194" HPOS="770" VPOS="1663" WIDTH="192" HEIGHT="78" WC="0.76" CONTENT="trouuer"/><SP WIDTH="10" VPOS="1663" HPOS="962"/>
						<String ID="string_195" HPOS="972" VPOS="1671" WIDTH="260" HEIGHT="66" WC="0.59" CONTENT="quelqu&#39;vn"/><SP WIDTH="19" VPOS="1671" HPOS="1232"/>
						<String ID="string_196" HPOS="1251" VPOS="1670" WIDTH="84" HEIGHT="62" WC="0.92" CONTENT="qui"/>
					</TextLine>
					<TextLine ID="line_24" HPOS="99" VPOS="1736" WIDTH="1235" HEIGHT="69">
						<String ID="string_197" HPOS="99" VPOS="1749" WIDTH="55" HEIGHT="33" WC="0.88" CONTENT="ne"/><SP WIDTH="22" VPOS="1749" HPOS="154"/>
						<String ID="string_198" HPOS="176" VPOS="1737" WIDTH="62" HEIGHT="48" WC="0.88" CONTENT="les"/><SP WIDTH="21" VPOS="1737" HPOS="238"/>
						<String ID="string_199" HPOS="259" VPOS="1756" WIDTH="107" HEIGHT="31" WC="0.93" CONTENT="aura"/><SP WIDTH="21" VPOS="1756" HPOS="366"/>
						<String ID="string_200" HPOS="387" VPOS="1755" WIDTH="79" HEIGHT="50" WC="0.93" CONTENT="pas"/><SP WIDTH="22" VPOS="1755" HPOS="466"/>
						<String ID="string_201" HPOS="488" VPOS="1742" WIDTH="166" HEIGHT="50" WC="0.22" CONTENT="veuẽs,"/><SP WIDTH="23" VPOS="1742" HPOS="654"/>
						<String ID="string_202" HPOS="677" VPOS="1743" WIDTH="45" HEIGHT="38" WC="0.91" CONTENT="&amp;"/><SP WIDTH="17" VPOS="1743" HPOS="722"/>
						<String ID="string_203" HPOS="739" VPOS="1731" WIDTH="114" HEIGHT="78" WC="0.62" CONTENT="qu&#39;il"/><SP WIDTH="9" VPOS="1731" HPOS="853"/>
						<String ID="string_204" HPOS="862" VPOS="1731" WIDTH="68" HEIGHT="78" WC="0.70" CONTENT="eſt"/><SP WIDTH="20" VPOS="1731" HPOS="930"/>
						<String ID="string_205" HPOS="950" VPOS="1752" WIDTH="114" HEIGHT="28" WC="0.82" CONTENT="tres"/><SP WIDTH="5" VPOS="1752" HPOS="1064"/>
						<String ID="string_206" HPOS="1069" VPOS="1731" WIDTH="265" HEIGHT="78" WC="0.82" CONTENT="important"/>
					</TextLine>
					<TextLine ID="line_25" HPOS="99" VPOS="1794" WIDTH="1237" HEIGHT="73">
						<String ID="string_207" HPOS="99" VPOS="1801" WIDTH="54" HEIGHT="48" WC="0.88" CONTENT="de"/><SP WIDTH="19" VPOS="1801" HPOS="153"/>
						<String ID="string_208" HPOS="172" VPOS="1803" WIDTH="109" HEIGHT="51" WC="0.88" CONTENT="bien"/><SP WIDTH="22" VPOS="1803" HPOS="281"/>
						<String ID="string_209" HPOS="303" VPOS="1805" WIDTH="181" HEIGHT="50" WC="0.84" CONTENT="eſtablir"/><SP WIDTH="22" VPOS="1805" HPOS="484"/>
						<String ID="string_210" HPOS="506" VPOS="1819" WIDTH="118" HEIGHT="33" WC="0.89" CONTENT="cette"/><SP WIDTH="13" VPOS="1819" HPOS="624"/>
						<String ID="string_211" HPOS="637" VPOS="1798" WIDTH="145" HEIGHT="53" WC="0.16" CONTENT="verite,"/><SP WIDTH="13" VPOS="1798" HPOS="782"/>
						<String ID="string_212" HPOS="795" VPOS="1803" WIDTH="68" HEIGHT="56" WC="0.90" CONTENT="ie"/><SP WIDTH="11" VPOS="1803" HPOS="863"/>
						<String ID="string_213" HPOS="874" VPOS="1815" WIDTH="231" HEIGHT="52" WC="0.73" CONTENT="repeteray"/><SP WIDTH="12" VPOS="1815" HPOS="1105"/>
						<String ID="string_214" HPOS="1117" VPOS="1801" WIDTH="72" HEIGHT="62" WC="0.90" CONTENT="icy"/><SP WIDTH="15" VPOS="1801" HPOS="1189"/>
						<String ID="string_215" HPOS="1204" VPOS="1794" WIDTH="132" HEIGHT="51" WC="0.90" CONTENT="ſom-"/>
					</TextLine>
					<TextLine ID="line_26" HPOS="99" VPOS="1865" WIDTH="1237" HEIGHT="74">
						<String ID="string_216" HPOS="99" VPOS="1875" WIDTH="272" HEIGHT="48" WC="0.92" CONTENT="mairement"/><SP WIDTH="12" VPOS="1875" HPOS="371"/>
						<String ID="string_217" HPOS="383" VPOS="1889" WIDTH="104" HEIGHT="33" WC="0.92" CONTENT="tout"/><SP WIDTH="12" VPOS="1889" HPOS="487"/>
						<String ID="string_218" HPOS="499" VPOS="1891" WIDTH="51" HEIGHT="28" WC="0.90" CONTENT="ce"/><SP WIDTH="11" VPOS="1891" HPOS="550"/>
						<String ID="string_219" HPOS="561" VPOS="1870" WIDTH="115" HEIGHT="69" WC="0.76" CONTENT="qu&#39;il"/><SP WIDTH="20" VPOS="1870" HPOS="676"/>
						<String ID="string_220" HPOS="696" VPOS="1871" WIDTH="104" HEIGHT="48" WC="0.54" CONTENT="adit"/><SP WIDTH="22" VPOS="1871" HPOS="800"/>
						<String ID="string_221" HPOS="822" VPOS="1887" WIDTH="57" HEIGHT="31" WC="0.84" CONTENT="en"/><SP WIDTH="12" VPOS="1887" HPOS="879"/>
						<String ID="string_222" HPOS="891" VPOS="1865" WIDTH="238" HEIGHT="56" WC="0.26" CONTENT="celieu-l,"/><SP WIDTH="5" VPOS="1865" HPOS="1129"/>
						<String ID="string_223" HPOS="1134" VPOS="1870" WIDTH="84" HEIGHT="62" WC="0.89" CONTENT="qui"/><SP WIDTH="7" VPOS="1870" HPOS="1218"/>
						<String ID="string_224" HPOS="1225" VPOS="1882" WIDTH="111" HEIGHT="51" WC="0.92" CONTENT="peut"/>
					</TextLine>
					<TextLine ID="line_27" HPOS="100" VPOS="1932" WIDTH="647" HEIGHT="58">
						<String ID="string_225" HPOS="100" VPOS="1932" WIDTH="132" HEIGHT="55" WC="0.85" CONTENT="ſeruir"/><SP WIDTH="10" VPOS="1932" HPOS="232"/>
						<String ID="string_226" HPOS="242" VPOS="1940" WIDTH="27" HEIGHT="48" WC="0.85" CONTENT="à"/><SP WIDTH="10" VPOS="1940" HPOS="269"/>
						<String ID="string_227" HPOS="279" VPOS="1939" WIDTH="84" HEIGHT="51" WC="0.93" CONTENT="ſon"/><SP WIDTH="14" VPOS="1939" HPOS="363"/>
						<String ID="string_228" HPOS="377" VPOS="1939" WIDTH="370" HEIGHT="51" WC="0.65" CONTENT="eſtabliſſement."/>
					</TextLine>
					<TextLine ID="line_28" HPOS="164" VPOS="1998" WIDTH="1173" HEIGHT="79">
						<String ID="string_229" HPOS="164" VPOS="2009" WIDTH="120" HEIGHT="45" WC="0.87" CONTENT="Lors"/><SP WIDTH="13" VPOS="2009" HPOS="284"/>
						<String ID="string_230" HPOS="297" VPOS="2026" WIDTH="94" HEIGHT="49" WC="0.60" CONTENT="que"/><SP WIDTH="8" VPOS="2026" HPOS="391"/>
						<String ID="string_231" HPOS="399" VPOS="2010" WIDTH="88" HEIGHT="49" WC="0.13" CONTENT="Fon"/><SP WIDTH="36" VPOS="2010" HPOS="487"/>
						<String ID="string_232" HPOS="523" VPOS="2004" WIDTH="98" HEIGHT="52" WC="0.18" CONTENT="seſt"/><SP WIDTH="22" VPOS="2004" HPOS="621"/>
						<String ID="string_233" HPOS="643" VPOS="2023" WIDTH="92" HEIGHT="32" WC="0.90" CONTENT="vne"/><SP WIDTH="19" VPOS="2023" HPOS="735"/>
						<String ID="string_234" HPOS="754" VPOS="2000" WIDTH="90" HEIGHT="52" WC="0.90" CONTENT="fois"/><SP WIDTH="24" VPOS="2000" HPOS="844"/>
						<String ID="string_235" HPOS="868" VPOS="1999" WIDTH="260" HEIGHT="78" WC="0.68" CONTENT="determiné"/><SP WIDTH="25" VPOS="1999" HPOS="1128"/>
						<String ID="string_236" HPOS="1153" VPOS="1998" WIDTH="26" HEIGHT="48" WC="0.78" CONTENT="à"/><SP WIDTH="24" VPOS="1998" HPOS="1179"/>
						<String ID="string_237" HPOS="1203" VPOS="2000" WIDTH="134" HEIGHT="49" WC="0.91" CONTENT="cher-"/>
					</TextLine>
					<TextLine ID="line_29" HPOS="102" VPOS="2065" WIDTH="1236" HEIGHT="69">
						<String ID="string_238" HPOS="102" VPOS="2069" WIDTH="101" HEIGHT="49" WC="0.91" CONTENT="cher"/><SP WIDTH="19" VPOS="2069" HPOS="203"/>
						<String ID="string_239" HPOS="222" VPOS="2089" WIDTH="92" HEIGHT="31" WC="0.33" CONTENT="vne"/><SP WIDTH="12" VPOS="2089" HPOS="314"/>
						<String ID="string_240" HPOS="326" VPOS="2075" WIDTH="144" HEIGHT="49" WC="0.33" CONTENT="veritẽ"/><SP WIDTH="12" VPOS="2075" HPOS="470"/>
						<String ID="string_241" HPOS="482" VPOS="2072" WIDTH="196" HEIGHT="53" WC="0.68" CONTENT="aſſeurce"/><SP WIDTH="11" VPOS="2072" HPOS="678"/>
						<String ID="string_242" HPOS="689" VPOS="2068" WIDTH="397" HEIGHT="54" WC="0.90" CONTENT="dans"/><SP WIDTH="-286" VPOS="2068" HPOS="1086"/>
						<String ID="string_243" HPOS="800" VPOS="2061" WIDTH="88" HEIGHT="81" WC="0.47" CONTENT="les"/><SP WIDTH="-1" VPOS="2061" HPOS="888"/>
						<String ID="string_244" HPOS="887" VPOS="2068" WIDTH="227" HEIGHT="56" WC="0.47" CONTENT="ſciences,"/><SP WIDTH="23" VPOS="2068" HPOS="1114"/>
						<String ID="string_245" HPOS="1137" VPOS="2065" WIDTH="201" HEIGHT="69" WC="0.91" CONTENT="laquelle"/>
					</TextLine>
					<TextLine ID="line_30" HPOS="96" VPOS="2137" WIDTH="1246" HEIGHT="73">
						<String ID="string_246" HPOS="85" VPOS="2133" WIDTH="61" HEIGHT="81" WC="0.75" CONTENT="ne"/><SP WIDTH="21" VPOS="2133" HPOS="146"/>
						<String ID="string_247" HPOS="167" VPOS="2137" WIDTH="149" HEIGHT="68" WC="0.90" CONTENT="puiſſe"/><SP WIDTH="23" VPOS="2137" HPOS="316"/>
						<String ID="string_248" HPOS="339" VPOS="2141" WIDTH="109" HEIGHT="49" WC="0.92" CONTENT="eſtre"/><SP WIDTH="20" VPOS="2141" HPOS="448"/>
						<String ID="string_249" HPOS="468" VPOS="2140" WIDTH="212" HEIGHT="53" WC="0.0" CONTENT="ébranle"/><SP WIDTH="10" VPOS="2140" HPOS="680"/>
						<String ID="string_250" HPOS="690" VPOS="2159" WIDTH="81" HEIGHT="51" WC="0.92" CONTENT="par"/><SP WIDTH="10" VPOS="2159" HPOS="771"/>
						<String ID="string_251" HPOS="781" VPOS="2158" WIDTH="150" HEIGHT="31" WC="0.92" CONTENT="aucun"/><SP WIDTH="13" VPOS="2158" HPOS="931"/>
						<String ID="string_252" HPOS="944" VPOS="2133" WIDTH="166" HEIGHT="81" WC="0.89" CONTENT="doute,"/><SP WIDTH="8" VPOS="2133" HPOS="1110"/>
						<String ID="string_253" HPOS="1118" VPOS="2133" WIDTH="122" HEIGHT="81" WC="0.92" CONTENT="pour"/><SP WIDTH="10" VPOS="2133" HPOS="1240"/>
						<String ID="string_254" HPOS="1250" VPOS="2157" WIDTH="92" HEIGHT="50" WC="0.86" CONTENT="pe-"/>
					</TextLine>
				</TextBlock>
			</PrintSpace>
		</Page>
	</Layout>
</alto>
