1776 2528
316 131 80 42 DE
444 121 297 52 ESVDRIT
782 123 416 57 DEIHOMME.

83 187 226 52 Vauoir
328 190 178 50 auancè
526 191 207 69 quelque
755 191 298 69 propoſition
1075 201 81 60 qui
1181 198 56 47 la
1247 200 129 49 com-

127 256 135 62 bate,
295 264 116 45 mais
424 278 133 50 parce
573 261 117 66 quil
701 278 77 30 me
793 257 172 52 femble
979 264 169 67 qu'elle
1168 265 112 48 weſt
1292 286 80 48 pas

126 324 110 51 bien
248 328 246 68 employce
521 328 114 48 daũs
647 327 43 49 la
712 327 329 70 Philoſophic,
1052 320 100 81 dont
1161 334 62 46 le
1238 334 134 66 prin-

122 394 124 68 cipal
266 396 85 48 but
364 396 60 48 eſt
447 398 58 46 de
523 393 246 52 decouurir
789 396 62 49 les
873 403 208 56 verites,
1110 399 65 50 ol
1189 400 43 48 la
1252 400 120 53 ſcule

120 459 198 53 lumiere
340 462 229 51 naturelle
590 481 111 52 peut
720 465 247 51 atteindre.

362 556 15 12 A

155 595 54 7 —

122 662 87 57 De
236 662 52 55 la
310 680 171 39 nature
494 664 56 52 de
591 659 199 78 VEſprit
818 664 55 54 de
896 664 21 53 l
925 664 240 61 Homme,
1207 645 169 106 quil

235 737 66 74 eſt
309 740 111 78 plus
439 741 98 54 aitẽ
557 737 34 56 à
609 741 253 72 connoiſtre
889 758 89 58 que
1003 740 43 54 le
1062 746 176 75 Corps.

545 867 226 45 CHAP.
845 864 81 47 JJ.

281 1000 243 49 OMME
568 1012 119 33 nous
726 1011 147 34 auons
903 995 91 50 eſté
1028 996 163 53 enfans
1224 1007 147 44 auant

279 1084 90 48 que
401 1065 159 49 d'eſtre
595 1065 266 58 hommes,
893 1075 45 39 &
968 1084 90 49 que
1089 1086 119 30 nous
1247 1088 121 31 nous

119 1126 204 56 ſommes
347 1132 135 50 ſeruis
495 1132 58 48 de
571 1150 86 30 nos
680 1130 98 48 ſens
802 1141 44 39 &
876 1134 57 47 de
953 1133 155 57 noſtre
1127 1139 241 63 imagina-

117 1202 131 52 tion,
261 1217 140 32 auant
413 1217 90 48 que
514 1216 119 31 nous
646 1196 193 51 fuſſions
853 1200 208 66 capables
1079 1203 288 65 d'employer

116 1268 155 49 noſtre
304 1269 353 50 Entendement
689 1275 44 40 &
767 1266 153 50 noſtre
958 1265 180 63 Raiſon
1168 1267 26 50 à
1225 1270 44 48 la
1292 1288 74 31 re-

113 1332 199 54 cherche
329 1338 58 50 de
418 1337 44 48 la
482 1334 177 61 verité,
692 1337 139 47 Nous
854 1353 122 31 nous
1003 1334 204 51 ſommes
1230 1337 160 50 telle-

117 1417 130 35 ment
279 1405 323 49 accouſtumez
624 1403 26 49 à
677 1408 200 43 recourir
900 1403 26 48 à
946 1421 85 31 eux,
1046 1404 144 60 dans
1212 1421 153 34 toutes

116 1465 65 51 les
214 1471 159 50 choſes
404 1490 91 47 que
516 1490 120 31 nous
658 1471 207 50 voulons
909 1471 309 61 connoiſtre,
1244 1474 118 66 qu'il

116 1538 77 62 ny
213 1554 25 28 a
258 1538 227 64 perſonne
503 1544 81 61 qui
605 1558 60 29 ne
687 1538 194 49 reſſente
902 1540 114 64 qu'il
1039 1539 63 49 eſt
1126 1556 115 33 tres-
1246 1532 118 77 diffi-

116 1603 89 47 cile
226 1604 58 46 de
305 1607 91 45 Sen
426 1607 249 53 détacher;
701 1615 44 40 &
770 1625 112 29 ceux
905 1611 82 59 qui
1008 1625 60 30 ne
1088 1608 43 48 le
1158 1622 207 53 peuuent

118 1664 147 65 fairo,
294 1688 236 51 prennent
560 1691 118 44 pour
711 1673 78 46 des
832 1689 161 32 contes
1025 1671 106 51 faits
1152 1674 27 47 à
1209 1671 154 68 plaiſir

119 1749 104 37 tout
246 1759 49 29 ce
324 1743 80 64 qui
430 1757 59 29 ne
512 1735 166 50 tombe
707 1742 136 59 point
866 1735 104 48 ſous
1000 1738 117 44 leurs
1139 1737 134 56 ſens,
1315 1747 46 40 &

121 1820 115 48 pour
258 1808 78 48 des
356 1805 158 51 choſes
534 1802 286 71 impoſſibles
832 1818 104 33 tout
960 1821 51 30 ce
1033 1801 133 67 qu'ils
1177 1820 59 33 ne
1248 1821 116 49 peu-

118 1884 113 38 uent
256 1873 245 71 imaginer.
525 1875 42 47 Il
581 1872 98 51 faut
699 1887 222 53 pourtant
940 1867 43 53 ſe
1003 1869 209 51 reſoudre
1233 1868 128 51 ſur-

123 1954 195 39 monter
332 1962 117 31 ectte
471 1940 248 59 difficultè,
742 1940 35 48 ſi
796 1941 100 47 on
925 1945 110 44 veut
1054 1940 309 63 comprendre

120 2010 206 67 quelque
338 2012 138 51 choſe
496 2012 59 49 de
575 2010 43 48 la
633 2024 167 39 nature
810 2007 58 58 de
890 2004 181 68 lEſprit
1083 2007 59 45 de
1165 2005 198 52 IHom-

121 2067 104 76 me,
237 2067 120 76 dont
380 2081 229 57 leſſence,
634 2078 62 48 les
718 2075 198 51 facultez
938 2082 45 41 &
1012 2071 62 49 les
1094 2078 270 61 operations

122 2156 60 48 ne
203 2144 221 63 tombent
452 2153 136 63 point
611 2145 105 53 ſous
732 2147 63 50 les
819 2142 115 69 ſens.
971 2143 247 62 Rejettons
1238 2145 128 66 donc

984 2212 44 65 A
1070 2214 48 63 ü
