1776 2528
500 94 374 50 PREFACE.
1032 157 3 4 |
1388 115 59 28 "

107 168 53 47 &
181 166 69 48 du
269 167 186 63 Corps,
487 170 45 41 &
557 161 45 49 la
621 166 209 45 maniere
853 162 121 49 dont
997 162 54 48 ils
1082 158 212 70 agiffent

110 234 97 49 lvn
232 230 70 49 fur
325 233 174 47 l’autre.
535 228 385 53 Penferfez-vous
943 247 93 50 que
1058 231 67 48 s’il
1153 234 142 46 auoit

113 300 79 49 crû
214 317 92 49 que
330 297 195 69 l’'Efprit
544 299 59 47 de
629 299 253 47 l'Homme
915 295 74 51 fut
1020 315 265 32 autrement

112 373 80 45 vni
207 369 22 47 à
243 366 84 49 fon
341 374 148 59 Corps
503 383 91 51 que
607 384 79 49 par
708 365 63 49 fes
796 363 185 72 penfées
1004 367 32 47 il
1057 367 78 48 eûr
1155 364 129 60 écrit,

115 441 124 43 Pour
262 454 112 47 moy
399 440 42 43 ie
464 453 58 30 ne
541 433 138 69 penfe
715 453 78 49 pas
825 451 92 50 que
945 435 153 49 l’Ame
1129 439 155 43 anime
1278 429 85 77 Ego
1362 429 110 77 autem
1486 460 36 29 ab
1535 462 60 29 ani

112 503 42 48 le
175 510 153 60 Corps
352 505 177 46 d'autre
546 501 129 50 forte
699 520 95 48 que
813 505 79 63 par
923 522 49 28 ce
1001 503 170 64 qu'elle
1199 521 85 47 ap-
1301 498 306 77 imarr
1433 493 59 86 non
1498 498 87 77 vero

113 588 131 50 porte
272 571 100 67 plus
403 572 284 47 d'attention
723 578 51 37 &
802 569 328 66 d'application
1168 569 26 48 à
1236 588 49 30 ce
1300 570 53 68 if
1348 570 237 72 intention
1520 563 42 83 fa

125 635 154 63 qu'elle
306 637 86 48 fait
423 636 209 65 pendant
663 635 65 48 les
756 634 199 67 paflions
989 636 64 48 du
1099 643 196 61 Corps?

117 702 215 52 S’ilfefüt
343 702 324 69 perfuadéque
678 703 342 69 quelqueautre
1044 702 128 51 caufe
1194 703 99 49 euft

119 772 180 50 attaché
320 773 62 47 les
412 770 181 69 penfées
622 772 58 47 de
710 771 120 49 l'vne
859 790 87 30 aux
979 789 323 32 mouuemens:

120 841 56 47 de
197 840 166 49 l’autre
377 857 93 50 que
490 839 44 48 la
556 837 116 50 feule
701 837 219 52 Volonté
939 839 58 48 de
1024 844 149 54 Dieu,
1203 857 91 31 au-

120 910 171 46 roit-il
311 910 71 46 dit
408 907 171 69 qu'elle
608 911 99 63 agit
741 906 72 48 fur
843 907 42 47 le
915 913 152 62 Corps
1098 925 207 30 comme

122 973 70 50 fur
218 994 67 30 va
307 973 113 62 fujet
441 992 95 49 que
557 979 122 44 Dieu
703 994 34 29 a
753 974 175 49 foimis
949 973 27 49 à
995 973 44 51 fa
1068 976 227 47 domina-

126 1047 128 44 tion?
292 1044 77 46 S'il
394 1043 93 48 euft
506 1041 139 68 penfé
663 1060 101 50 que
777 1042 41 48 le
843 1049 151 60 Corps
1012 1042 187 67 agiffoit
1221 1040 73 50 fur
1310 1044 133 73 Corpori
1459 1048 155 70 diuinitas®

125 1108 180 68 FEfprit
336 1109 35 48 à
393 1111 68 63 la:
466 1114 206 45 maniere
704 1112 89 46 des
815 1107 162 51 caufes
996 1115 268 62 vniuoques
1252 1094 29 87 ,
1311 1098 291 58 cioaifuæ

126 1186 46 39 &
198 1195 92 50 que
313 1176 96 48 leur
429 1176 269 48 vnion-euft
716 1171 193 78 confifté
918 1194 69 29 en
1014 1193 127 31 autre
1161 1175 148 49 chofe

126 1260 92 50 que
242 1245 115 48 dans
384 1244 53 47 le
445 1260 261 32 commerce
726 1245 76 47 des
823 1241 184 71 penfées
1039 1245 58 47 de
1121 1243 96 50 l’vn
1249 1253 50 39 &

127 1312 76 47 des
224 1330 311 31 mouuemens
557 1313 59 47 de
635 1312 160 49 l’autre
816 1348 24 23 ,
857 1312 216 49 auroit-il
1102 1311 197 66 ajoufté,

127 1379 127 65 Qu'il
267 1399 58 29 ne
339 1381 79 64 luy
432 1379 176 50 femble
618 1397 78 51 pas
720 1397 92 51 que
832 1381 155 48 l'Ame
1008 1376 170 53 fouffre
1201 1384 99 45 rien
1318 1389 212 69 viterurmihi
1535 1384 72 73 ant

123 1447 65 47 du
223 1454 153 60 Corps
418 1449 157 66 quand
614 1448 89 48 elle
732 1447 109 52 fent
880 1450 115 47 dans
1036 1449 45 48 le
1115 1455 149 61 Corps
1284 1485 15 21 ,
1309 1478 150 34 corpore,
1478 1476 60 35 noe
1556 1467 45 44 ab

126 1518 116 40 mais
255 1512 256 51 feulement
535 1516 169 65 qu'elle
729 1520 98 64 agit
848 1534 108 30 auec
977 1515 99 69 plus
1098 1516 202 48 d’atten-
1317 1507 56 28 Ris
1399 1512 112 30 ans
1531 1514 73 27 pate”

1318 1545 47 28 fed
1379 1545 28 25 in
1424 1546 61 24 eius
1496 1542 109 37 paiko-

126 1582 103 44 tion
248 1581 209 62 pendant
480 1582 113 65 qu'il
619 1582 170 49 fouffre
821 1584 205 67 quelque
1057 1582 137 49 chofe
1224 1585 76 46 des
1317 1581 233 29 nibesgrentis
1568 1591 35 18 a

1315 1629 77 27 gere;
1406 1619 49 27 has
1464 1623 143 34 operatio-

128 1646 148 61 objets
295 1664 11 33 ;
332 1653 45 38 &
396 1650 115 61 qu'il
526 1652 117 43 croit
664 1666 92 49 que
776 1652 162 65 quand
966 1650 83 47 elle
1068 1647 126 60 fent,
1197 1642 99 79 elle
1308 1642 54 79 nes
1386 1657 174 43 paññonibus

165 1720 4 3 .
582 1720 7 6 .
1318 1705 129 18 COrPOTIS
1478 1707 49 17 DUTO
1539 1708 15 18 Ali

131 1712 176 64 ajoufte
329 1709 65 50 fes
417 1728 265 51 operations
702 1733 87 27 aux
813 1715 200 64 paflions
1033 1717 63 44 du
1105 1701 164 82 Corps
1268 1701 42 82 ;
1372 1705 15 27 mam
1458 1706 17 27 exhibere

1288 1732 21 34 >
1319 1742 79 18 mem
1425 1730 136 53 exhibere

132 1784 125 46 Mais
282 1779 170 67 qu'elle
474 1798 59 31 ne
525 1772 458 97 reçoit.nullement
1008 1796 69 30 ces
1107 1777 191 51 mefmes
1319 1780 280 74 femrcapne.

134 1847 216 67 paffions.
384 1848 142 50 Enfin
548 1849 65 49 s'il
634 1848 213 69 euftjugé
866 1886 14 21 ,
914 1865 92 53 que
1037 1866 69 30 ces
1143 1863 163 52 opera-

136 1921 125 45 tions
279 1925 45 41 &
357 1936 48 28 ce
428 1934 154 29 mouere
613 1918 113 67 qu'il
755 1919 70 47 dit
847 1917 110 49 eftre
982 1914 187 68 fentire,
1216 1932 92 51 que

136 1983 325 69 FAmeaporte
474 1987 57 47 de
543 1984 85 50 fon
641 1983 146 60 cofté,
810 1986 161 67 quand
997 1985 62 46 les
1080 1982 99 50 fens
1201 1982 114 52 font

138 2047 181 68 frapez,
343 2052 275 50 euffentefté
639 2054 57 48 de
714 2051 246 51 veritables
983 2068 326 45 mouuemens,
1326 2055 294 68 Nonigiturabfur

137 2120 221 54 auroit-il
371 2121 53 53 eü
431 2121 119 53 tant
564 2123 56 50 de
632 2120 244 73 peine
760 2116 42 81 à
801 2120 334 73 lesnommer,
1152 2125 157 67 quand
1326 2142 44 19 us
1388 2133 62 28 fuos
1470 2135 158 31 animam,-

251 2174 86 6 on
394 2179 36 7 en
452 2182 153 8 TR
656 2180 200 13 ET
974 2180 146 24 PPS
1329 2170 49 39 vel
1399 2166 151 50 actiones,
1565 2166 65 50 vel:

662 2233 2 2 |
967 2206 76 49 44
1066 2207 47 48 ij.
1610 2207 5 4 j
