1776 2528
566 106 382 51 PREEAOE.

225 173 135 52 Mais
382 172 162 71 quand
558 178 49 44 S.
625 175 234 67 Auguſtin
878 177 200 48 mauroit
1097 193 78 52 pas
1187 177 127 68 parlé

126 242 47 50 li
192 243 274 49 clairement
478 242 116 48 dans
607 259 119 32 cette
738 248 283 54 matiere,
958 237 73 79 on
1033 263 60 29 ne
1104 250 215 62 pourroit

133 332 89 48 pas
236 307 272 54 toutes/fois
522 310 167 48 douter
702 328 91 51 que
806 331 50 28 ce
873 329 59 31 ne
943 310 161 50 fuſt
1116 310 84 51 Nſon
1209 310 106 51 ſen-

129 385 210 48 timent;
362 382 92 45 Car
482 396 128 49 apres
640 383 133 44 auoir
795 378 153 60 crit,
982 398 189 31 comme
1198 399 118 32 nous

132 466 159 33 auons
312 444 182 69 raporté
532 464 91 48 cy-
637 445 147 50 deſſus;
804 451 142 61 Que
976 448 152 49 lAme
1148 449 168 67 Saper-

133 522 110 59 Soit
254 513 111 52 auſſi
379 513 109 49 bien
502 514 164 67 quand
677 513 85 49 elle
776 532 61 31 ne
848 520 102 43 voĩt
960 534 79 47 pas
1051 532 93 49 que
1157 517 160 64 quand

129 586 99 48 clle
249 586 159 53 voit,
435 581 34 47 il
491 578 221 59 ſenſuit,
741 597 92 50 que
855 579 36 49 ſi
922 581 85 49 elle
1039 599 60 30 ne
1131 580 186 69 pènſoit

130 670 89 49 pas,
270 648 90 49 elle
381 647 188 48 deuroit
581 645 108 49 auſſi
713 649 22 45 '
740 665 56 30 en
807 653 292 61 aperceuoir,
1132 658 45 39 &
1192 647 127 51 meſ-

141 738 78 29 me
242 735 110 31 auec
370 715 100 67 plus
491 716 58 47 de
568 712 192 56 raiſon;
782 708 70 80 Car
863 715 54 48 il
941 716 107 48 meſt
1069 735 78 49 pas
1161 715 158 50 neceſ-

134 784 118 50 ſaire
267 794 94 58 que
375 784 160 68 quand
559 782 252 50 Homme
832 801 59 30 ne
911 787 101 46 voit
1031 802 106 49 pàs,
1165 784 153 50 Ame

135 854 98 50 Sen
256 854 248 66 apergoiue
525 848 260 60 touſiours,
806 856 215 61 pouuant
1043 870 58 30 en
1114 851 110 49 eſtre
1235 850 84 51 dé-

133 920 204 50 tournee
360 937 79 50 par
462 917 206 68 quelque
681 934 126 32 autre
837 917 198 68 pensce:
1049 913 103 78 Mais
1162 918 58 48 ſi
1234 919 85 49 elle

142 1006 63 31 ne
229 985 186 71 penſoit
436 1004 103 49 pas,
565 985 108 67 quel
700 985 130 65 objet
852 989 214 63 pourroit
1105 985 213 70 Pempeſ-

133 1056 119 47 cher
288 1055 58 47 de
368 1056 93 45 Sen
478 1057 264 62 aperceuoir?
770 1051 163 51 Ainſi
970 1053 85 48 elle
1086 1053 233 67 penſcroit

135 1124 124 47 dans
281 1122 41 48 le
341 1138 150 49 temps
513 1122 151 65 qu'on
683 1118 194 70 ſuppoſe
896 1120 168 68 qu'elle
1094 1140 59 30 ne
1180 1120 140 69 penſe

114 1183 118 78 pas.

240 1259 51 45 le
312 1252 106 70 ſgay
433 1255 112 50 bien
566 1255 147 68 qu'on
731 1271 112 51 peut
863 1255 274 60 mobiecter
1155 1270 97 52 que
1270 1258 45 46 8.

142 1321 236 69 Auguſtin
392 1342 24 30 a
432 1321 127 62 ccrit,
573 1340 92 50 quel
676 1322 153 50 Ame
842 1324 76 48 des
932 1321 177 52 Enfans
1123 1327 80 65 qui
1216 1321 106 50 ſont

137 1392 124 48 dans
283 1391 43 48 le
348 1407 164 35 ventre
534 1392 57 47 de
618 1390 96 50 leur
749 1396 133 44 Mere
916 1392 135 48 eſtoit
1081 1390 158 69 priue
1266 1392 59 47 de

142 1457 182 51 ſcience
345 1469 46 40 &
413 1459 58 48 de
501 1457 223 56 volonté;
739 1462 115 45 mais
878 1459 96 49 cela
986 1477 59 31 ne
1058 1458 179 69 Fopoſe
1251 1475 79 51 pas

143 1523 31 49 Aà
188 1545 49 28 ce
250 1543 92 49 que
353 1531 43 44 ie
409 1529 134 64 viens
558 1527 355 48 dauancer:
828 1519 85 78 Car
925 1546 118 31 nous
1052 1545 64 30 ne
1129 1543 201 49 croyons

139 1609 85 31 pas
244 1608 93 50 que
372 1593 117 47 leurs
508 1596 142 45 Ames
671 1591 149 52 ſoient
832 1591 241 66 ſcauantes
1087 1612 62 46 ny
1167 1593 166 55 libres,

142 1611 116 105 —
276 1672 93 54 que
400 1674 117 30 nous
549 1659 236 49 eſtimions
806 1662 191 65 qu'elles
1027 1658 196 69 penſent
1249 1656 85 49 dés

142 1745 52 28 ce
213 1717 227 79 temips-là.
480 1726 59 44 Et
554 1723 30 47 il
596 1724 110 64 wya
721 1743 77 46 pas
818 1727 58 44 de
889 1727 144 45 doute
1047 1743 96 45 que
1164 1731 44 38 S.
1225 1727 108 41 Au-

142 1794 188 66 guſtin;
345 1791 133 68 par
432 1780 63 84 le
489 1806 104 34 mot
607 1791 58 48 dę
681 1788 240 60 Volonte,
934 1809 25 30 a
969 1784 424 55 entendulvſa-

146 1879 66 48 ge
231 1858 314 60 dolalibertè,
568 1861 209 47 dautant
805 1858 115 67 qu'il
931 1877 60 30 ne
999 1857 336 68 diſtingue
1240 1853 98 78 pos

151 1928 64 51 ſes
226 1927 199 50 faculter
447 1927 58 49 de
530 1928 152 48 Ame
696 1928 155 48 d'aucc
872 1917 154 74 lAme
1032 1917 195 74 meſme.
1256 1921 75 50 Ila

149 1995 168 49 decidẽ
340 1994 284 69 luy-meſme
644 1994 42 48 la
700 1994 214 67 queſtion
926 1994 167 49 dansle
1127 2012 32 41 3.
1194 1989 131 50 Cha-

150 2066 121 63 pitre
282 2064 63 45 du
361 2084 72 39 14.
468 2068 139 45 Liure
627 2063 46 48 de
691 2064 42 47 la
755 2061 185 60 Trinitt,
977 2059 65 50 ou
1064 2060 33 47 il
1118 2058 205 60 conclut,
1343 2085 74 29 Non
1443 2083 135 40 ignorate
1594 2084 30 29 ſe

151 2126 186 71 Parlant
354 2133 56 46 de
430 2132 154 51 lAme
601 2133 76 50 des
705 2129 200 74 Enfans,
931 2127 261 82 Quelle
1117 2122 69 91 ne
1214 2145 110 53 peut
1336 2122 141 71 —
1479 2122 110 79 —

1039 2202 105 63 iij
