1776 2528
883 114 360 48 EPISTRE

429 181 122 56 rend
569 179 227 69 toufiours
816 180 39 53 le
875 183 186 66 maiffre
1085 181 57 52 de
1173 199 125 34 vous
1318 177 194 74 mefmé:
1553 179 162 77 Ouy;

435 260 403 57 MONSIEVR,
857 251 202 74 Ceffen
1090 276 124 33 vous
1249 255 296 68 confiderant
1572 275 117 37 auec

433 334 185 67 leffime
675 343 65 48 €
797 333 38 52 le
886 334 168 72 refpet
1098 331 151 74 qu'un
1299 331 171 74 grand
1526 336 163 52 merite

435 425 116 36 nous
576 410 166 72 énfpire
764 427 87 54 que
878 401 91 78 day
1006 403 245 56 découvert
1288 426 99 33 vne
1414 410 157 73 partie
1609 408 82 53 des

434 482 148 71 chofés
607 503 87 54 que
721 483 184 74 fexpofé
931 500 67 31 au
1024 478 184 73 public.s
1238 483 84 50 La
1335 483 164 68 fource
1526 482 58 53 de
1605 503 85 33 nos

434 578 183 33 erreurs
639 578 56 32 ne
722 552 97 59 m'a
835 556 108 72 plus
972 555 91 69 eflé
1093 553 158 55 cachée
1289 555 159 76 depuis
1486 577 88 55 que
1610 561 81 71 47

427 633 103 76 pris
544 633 155 73 garde
720 650 103 33 aux
845 642 190 59 moyens
1061 630 117 52 dont
1205 649 124 34 vous
1362 650 124 33 vous
1513 632 176 70 férnezs

430 724 124 59 pour
577 705 61 53 les
663 706 182 53 éniter:
890 713 65 48 er
981 705 42 51 ie
1045 723 57 32 ne
1136 704 138 53 doute
1301 704 107 75 plus
1449 724 91 54 que
1572 725 118 35 nous

437 803 58 32 ne
527 783 213 73 puifions
773 781 108 69 etre
917 775 131 56 libres
1078 777 123 72 fans
1237 781 107 68 effre
1383 780 268 54 indifférens
1670 792 20 47 ;

433 858 190 73 puifque
658 873 124 35 vous
816 853 178 75 agilfeX,
1009 854 54 67 fê
1086 853 332 75 puiflamment
1451 857 86 66 [ur
1580 876 109 52 moy

435 930 197 73 mefme,
649 931 92 73 que
752 926 101 56 bien
870 947 87 55 que
971 934 40 47 1e
1035 947 124 34 vous
1178 929 202 75 prefénte
1396 943 69 39 cet
1487 931 204 52 Ouura-

429 1026 60 54 ge
519 1002 240 56 librement
794 1012 66 50 €
884 1003 115 69 [ans
1035 1005 298 57 contrainte,
1379 1023 85 32 ma
1496 1003 202 56 volonté

440 1079 214 72 toutefois
690 1077 67 76 s'y
793 1092 130 63 porte
956 1097 115 34 auec
1107 1092 112 40 tant
1267 1074 226 56 d'ardeur
1536 1079 153 73 qu'elle

438 1155 149 68 moffe
611 1168 127 41 toute
748 1156 124 69 forte
893 1149 350 81 d'indifférence.

533 1231 182 55 Mais,
749 1233 388 52 MONSIEVR,
1169 1227 41 55 fl
1221 1224 108 72 n'eff
1335 1244 95 56 pas
1452 1227 238 72 necefaire

438 1301 55 53 de
519 1300 209 55 chercher
762 1318 111 37 tant
909 1305 56 51 de
998 1305 185 69 raifons
1209 1318 123 56 pour
1363 1321 125 34 vous
1527 1302 165 53 rendre

436 1396 48 32 ce
494 1377 182 74 prefént
698 1375 301 71 confiderable
1021 1401 16 36 3
1072 1380 78 48 La
1166 1376 147 73 gloire
1331 1376 55 54 de
1406 1379 146 67 noffre
1581 1374 112 64 Phi-

437 1447 170 77 lofophe
631 1470 121 33 vous
775 1449 64 69 eff
864 1467 101 59 trop
982 1449 126 54 chere
1124 1468 124 57 pour
1269 1450 343 56 l'abandonner
1632 1472 59 33 en

437 1539 113 59 cette
576 1526 201 67 occafion
801 1550 19 34 ;
854 1528 136 53 Vous
1016 1526 183 70 fçauezx,
1234 1539 89 61 que
1352 1525 82 71 [es
1480 1530 211 53 ennemis

437 1598 41 53 le
501 1596 287 57 combattent
812 1620 156 33 encore
991 1616 135 60 apres
1145 1601 58 70 [a
1229 1615 127 39 mort
1377 1637 15 20 ;
1425 1599 51 59 ©
1511 1605 41 50 ie
1579 1596 112 79 n'ay

433 1686 91 58 pas
555 1672 134 73 fujet
721 1676 219 76 d'efperer
972 1675 135 74 qu'ils
1136 1676 226 54 veuillent
1401 1678 38 49 le
1476 1675 217 71 refpecter

436 1751 124 51 dans
583 1769 98 33 mes
712 1754 176 51 Ecrits.
930 1752 130 68 C'eft
1078 1768 74 33 vn
1175 1750 142 66 déflin
1348 1753 81 70 qus
1468 1750 104 69 n'eft
1603 1770 88 54 que

437 1822 345 76 tropordinaire
802 1843 102 31 aux
930 1827 247 52 Hommes
1202 1822 209 72 ]Uuftres
1435 1826 55 51 de
1495 1827 58 69 fé
1579 1827 112 51 voir

435 1900 199 71 expofez
659 1918 104 33 aux
782 1912 221 61 altaques
1026 1897 54 54 de
1115 1896 122 56 leurs
1268 1903 202 50 enuieux
1493 1926 19 35 ;
1553 1904 136 48 Ceux

435 1978 82 66 qui
537 1993 56 31 ne
607 1989 205 57 peuvent
832 1969 151 82 égaler
1004 1976 102 52 leur
1134 1979 164 49 merite
1319 1976 241 69 s'eforcent
1585 1974 103 51 d'en

435 2049 152 49 ternir
603 2048 183 60 l'éclat,
829 2061 67 49 eg
920 2070 176 35 comme
1126 2070 72 33 ces
1225 2047 212 77 grandes
1474 2046 214 55 lumicres

434 2118 63 53 les
534 2118 275 78 éblonyffent
835 2125 56 54 ils
931 2141 197 40 mettent
1157 2139 104 40 tout
1289 2144 58 32 en
1387 2126 151 72 vfage
1569 2140 122 59 pour

435 2195 62 55 les
525 2196 233 70 eftcindre.
797 2202 60 53 Il
877 2223 57 34 ne
961 2205 118 71 faut
1104 2200 120 52 donc
1253 2213 91 60 pas
1378 2195 247 78 s'effonner
1639 2196 55 72 fi
