1776 2528
534 100 395 46 PREFACE:.

213 163 214 72 Sürqüoy
437 176 119 38 vous
575 162 265 50 obferuerez
863 181 92 50 que
981 162 134 50 felon
1132 158 42 54 S.
1200 166 128 46 Au”

135 234 176 67 güftin,
337 233 109 48 eftre
478 233 174 66 aperçü
680 234 65 46 de
766 234 138 45 l'Ame
947 232 60 47 ft
1057 251 65 30 vn
1162 241 173 57 genre”

136 318 228 31 commun
384 315 126 34 entre
544 298 139 50 fentir
719 308 50 40 &
796 298 182 64 fçauoir
999 321 11 32 ;
1034 307 105 55 Car
1169 306 48 59 ie
1244 310 89 38 ne”

138 388 106 46 croy
275 384 82 51 pas
387 371 151 62 qu'on
567 367 142 68 puifle
740 373 268 61 interpreter
1038 385 269 32 autrement

136 456 75 27 non
230 437 121 46 latere
370 440 202 52 animam,
593 454 91 48 que
707 452 79 50 par
811 436 92 61 efîre
920 434 144 68 aperc
1084 435 46 46 de
1149 438 153 46 l'Ame.

221 510 137 46 Vous
389 497 319 77 remarquerez
715 497 343 77 fecoñdement
1087 541 12 19 ,
1125 522 92 48 que
1248 504 57 47 de

137 587 118 33 cette
275 570 146 63 façon
444 571 32 46 il
500 570 170 64 paroïft
702 587 92 49 que
826 573 42 43 S.
906 571 287 64 Auguftin
1146 564 51 76 a
1231 589 73 28 re-

135 656 160 29 connu
323 654 125 49 pour
475 633 43 53 le
547 640 154 44 moins
745 636 119 47 deux
904 637 168 66 degrez
1110 637 132 47 dans
1264 637 72 47 le-

136 705 102 49 fens
266 725 11 33 ;
315 709 64 43 Le
390 707 207 63 ptemier
584 697 241 125 detquels
848 699 69 77 eft
922 719 64 32 ce
1017 704 112 66 qu'il
1162 704 144 68 apelle

135 778 150 60 paffion
306 772 56 46 du
385 776 129 62 Corps
527 783 25 41 ;
567 773 44 46 &
638 771 42 47 le
723 772 149 50 feconid
892 772 60 46 eft
965 771 48 48 la
1042 770 163 69 penfée
1241 789 63 31 ou

136 844 266 62 perception
429 841 63 47 de
514 837 178 69 l'Efprit
719 843 80 62 qui
830 841 242 66 s'aperçoit
1101 841 69 46 de
1187 857 118 31 cette

136 907 175 66 paflion
326 928 17 32 ;
372 900 133 77 C’eft
515 900 217 77 pourquoy
785 906 127 65 il-dit
928 925 167 30 encore
1117 908 112 55 dans
1261 908 44 47 le

138 973 292 69 cinquiefme
447 974 307 66 Chapitre
680 968 78 78 du
782 984 59 47 7.
865 968 144 78 Liure
1018 976 74 45 de
1123 972 43 51 la
1179 972 124 51 Tri-
1322 990 260 52 vigoquefrix

126 1040 220 70 gité,que
370 1043 41 47 la
433 1039 152 52 vifion
641 1045 46 58 qui
710 1039 42 48 fe
772 1039 83 49 fair
876 1042 113 47 dans
1009 1040 211 68 l'organe
1242 1044 61 55 du
1321 1042 232 76 Rnbrat

137 1107 131 53 fensa
291 1110 207 65 quelque
517 1109 136 47 chofe
679 1110 62 45 de
759 1107 234 67 fpirituel,
1009 1127 132 47 parce
1167 1105 136 76 qu'el-
1318 1119 152 66 fpiritale»
1475 1105 70 84 quia

141 1174 42 49 le
205 1194 59 30 ne
290 1175 45 48 fe
354 1191 121 53 peut
496 1172 112 50 faire
631 1172 105 50 fans
763 1176 188 52 l'Ame;
986 1181 122 43 Mais
1139 1165 432 78 qu’elle
1304 1161 66 87 non
1376 1161 103 87 poret
1485 1161 15 87 ;
1507 1161 59 87 Rd

141 1243 109 48 n'eft
263 1262 83 48 pas
373 1258 130 32 toute
526 1240 247 69 fpirituelle
796 1253 28 43 ;
839 1246 96 44 Car
949 1242 44 49 la
1013 1241 179 69 pafion
1222 1244 116 68 qui:
1344 1229 108 86 Ronan
1466 1229 41 86 lle
1523 1233 83 78 que
1630 1240 14 9 ‘

143 1308 46 49 fe
208 1309 83 50 fait
313 1304 115 79 dans
437 1309 275 68 l'organe,
728 1304 149 79 quand
919 1310 32 48 il
982 1312 60 47 eft
1072 1309 126 70 frapé
1195 1279 104 104 par
1308 1283 109 96 forma
1472 1314 161 65 ARRET

143 1377 62 48 les
229 1379 148 62 objets
402 1388 91 48 ,-&
529 1372 83 79 qui
627 1378 197 68 s'apelle
851 1377 111 51 aufli
992 1376 99 51 fens
1125 1390 181 57 ,-apar-

143 1448 117 45 tient
281 1465 62 47 au
367 1453 165 60 Corps.
567 1449 48 44 [e
643 1465 58 29 ne
723 1464 111 47 croy
852 1464 77 50 pas
952 1462 100 32 non
1070 1447 98 67 plus
1193 1447 114 69 qu'il

142 1528 28 45 y
186 1516 70 43 ait
278 1513 92 46 lieu
389 1514 57 46 de
472 1514 163 47 douter
658 1513 113 68 qu'il
806 1519 109 44 n'ait
944 1514 58 47 de
1031 1513 173 50 mefme
1234 1517 75 46 di-

142 1575 181 66 ftingué
342 1579 41 45 le
412 1577 259 52 troifiefme
690 1580 142 66 degré
852 1583 63 46 du
933 1579 125 60 fens,
1091 1584 86 47 des
1183 1590 163 21 deux:

143 1659 175 41 autres,
341 1644 99 44 C'eft
463 1644 26 46 à
509 1644 177 61 fçauoir
706 1648 42 46 le
769 1652 249 61 Tugement
1044 1654 83 61 qui
1141 1648 98 48 fuit
1271 1648 42 46 la

143 1713 270 65 perception
431 1710 58 48 de
490 1709 201 67 FEfprit
712 1748 14 18 ,
757 1720 187 39 come
982 1715 210 60 celle-cy
1225 1713 88 46 fuie

145 1778 43 48 la
197 1778 178 67 paflion
386 1780 63 46 du
470 1783 176 62 Corps,
672 1780 99 65 puis
791 1777 113 67 qu'il
925 1778 68 46 dit
1012 1785 58 40 en
1097 1775 232 69 plufieurs

147 1847 184 48 endrois
353 1862 93 51 que
473 1846 99 48 c’elt
600 1843 307 68 luy-melme
937 1848 81 68 qui
1057 1844 44 51 fe
1130 1862 184 53 trompe

147 1921 46 40 &
216 1932 101 30 non
336 1932 78 50 pas
440 1913 99 49 elle.

200 1981 41 47 Il
263 1999 28 47 y
312 2001 23 28 a
355 2000 64 32 vn
441 1980 326 69 parfaitement
786 1982 122 48 beau
928 1982 188 68 paflage
1131 1982 114 48 dans
1270 1983 42 50 le

143 2047 87 56 24.
273 2049 220 67 Chapitre
516 2052 165 47 du-12.
717 2054 137 44 Liure
883 2050 56 49 de
970 2051 42 47 la
1039 2048 177 51 Genele
1241 2050 72 50 fe-

146 2111 86 53 lon
251 2110 43 48 la
318 2115 136 61 letre,
483 2118 292 68 dans-lequel
794 2119 31 49 il
856 2118 216 70 explique
1103 2118 207 65 admira-
1376 2151 97 16 ,

1021 2204 27 30 ü
1075 2205 30 48 ij

1331 2015 10 5 $
