1776 2528
454 134 60 49 16
830 122 467 52 TRXITTT

454 199 45 52 ſe
515 211 43 37 &
573 214 116 32 nous
702 192 148 59 ſeche,
866 201 46 39 &
926 210 93 49 que
1032 192 111 47 Veau
1156 209 118 30 nous
1287 187 215 53 refroidit
1518 199 45 45 &
1583 195 123 61 nous

456 252 224 82 mouille;
695 281 92 49 que
801 263 41 45 le
856 261 192 48 Marbre
1071 259 59 47 eſt
1150 256 155 61 froid,
1329 258 69 49 ſec
1423 269 45 39 &
1495 266 135 55 noir,
1656 271 50 42 &

457 353 91 47 que
538 325 60 79 le
613 332 109 48 laict
736 330 61 48 eſt
820 329 129 57 mol,
974 327 139 49 blanc
1138 337 43 39 &
1208 327 218 55 humide;
1452 347 259 51 pourquoy

416 398 271 52 Lmeſme
700 397 155 49 raiſon
867 416 60 29 ne
940 393 240 51 fera-t-elle
1194 414 78 49 pas
1287 401 132 55 voir,
1437 414 94 49 que
1541 398 43 48 la
1595 396 117 50 ſub-

457 469 153 48 ſtance
623 467 232 48 Eſtendue
868 475 45 39 &
929 463 111 49 celle
1053 467 84 63 qui
1152 460 143 52 Penſe
1306 462 106 51 ſont
1423 466 287 48 totalement

459 535 289 58 differentes,
761 539 99 63 puis
873 550 93 51 que
977 531 99 48 hon
1091 551 59 28 ne
1160 528 200 66 ſcauroit
1379 548 189 34 trouuer
1592 535 119 48 dans

460 620 133 33 toute
620 603 44 48 la
683 619 163 33 nature
868 603 120 48 deux
1007 599 214 49 attributs
1244 599 102 67 plus
1367 599 263 68 eſloignes,
1660 611 48 40 &

462 676 84 63 qui
559 686 137 51 ayent
708 672 158 45 moins
889 669 59 45 de
968 683 188 50 rapport
1179 683 94 50 que
1296 667 44 47 la
1353 666 173 52 Penſce
1543 677 46 40 &
1599 668 114 57 lE-

459 739 206 48 ſtenduẽ.
681 743 94 43 Car
790 735 109 68 quel
912 750 188 51 rapport
1113 753 26 46 y
1163 733 128 48 at-il
1312 737 41 44 ie
1367 749 122 55 vous
1513 739 122 64 prie,
1660 742 51 44 &

463 805 159 69 quelle
651 802 369 57 reſſemblance,
1045 817 128 33 entre
1194 804 333 64 sapperceuoir
1563 804 59 48 de
1657 824 55 28 ce

462 866 89 79 que
569 873 94 46 lon
681 869 105 60 fait,
806 880 45 39 &
867 869 108 48 eſtre
989 868 203 49 Eſtendu
1216 870 114 47 dans
1352 889 66 32 vn
1440 871 115 55 lieu;
1580 888 132 33 entre

465 941 44 47 la
521 937 201 51 volonté
737 948 43 39 &
800 937 43 48 la
864 935 294 56 diuiſibilité;
1188 954 128 31 entre
1339 937 41 49 le
1400 939 171 58 doute,
1597 950 46 39 &
1667 940 45 48 le

461 1022 314 33 mouuement
790 1023 62 29 ou
865 1005 44 47 la
922 1004 162 69 figure.
1148 1008 214 48 N'auons
1385 1025 119 29 nous
1525 1026 78 47 pas
1624 1005 87 51 fait

462 1080 103 45 voir
578 1094 51 46 cy
644 1074 148 49 deſſus
808 1089 92 48 que
913 1091 119 31 nous
1044 1091 216 49 pouuons
1274 1074 166 48 douter
1464 1084 44 39 &
1532 1074 178 50 meſme

463 1148 99 44 nier
575 1137 155 76 qu'ily
743 1137 84 76 ait
817 1159 153 30 aucun
984 1148 152 59 Corps
1161 1159 57 30 au
1240 1142 203 59 monde,
1466 1145 116 45 mais
1606 1161 104 31 non

464 1230 79 47 pas
565 1228 93 48 que
689 1229 119 31 nous
839 1215 82 61 qui
951 1207 199 69 penſons
1186 1219 44 38 &
1266 1213 82 62 qui
1377 1212 244 56 doutons,
1651 1229 60 31 ne

465 1276 172 65 ſoyons
648 1282 206 61 point,
820 1270 39 77 &
868 1292 187 51 partant
1069 1293 92 48 que
1173 1274 132 49 Vide
1319 1277 57 47 de
1387 1277 263 50 Eſtendue
1662 1288 46 39 &

467 1345 112 46 celle
592 1344 114 47 dela
723 1342 171 48 Penſce
917 1341 107 50 ſont
1048 1347 305 45 entierement
1380 1342 265 52 differentes
1661 1355 47 40 &

466 1412 110 48 inde
586 1412 254 65 pendantes
852 1410 123 49 lvne
987 1412 56 45 de
1056 1410 181 55 lautre;
1251 1410 111 50 do
1375 1412 32 48 il
1420 1411 184 50 enſuit
1618 1431 95 50 que

466 1498 50 27 ce
529 1475 108 50 ſont
650 1479 120 45 deux
793 1477 150 47 diuers
968 1479 242 56 attributs,
1240 1489 45 37 &
1311 1498 81 46 par
1417 1478 292 69 conſequent

467 1563 94 50 que
582 1564 49 28 ce
652 1548 83 63 qui
759 1541 147 52 Penſe
928 1542 59 49 eſt
1008 1548 307 45 entierement
1336 1544 215 52 different
1579 1550 57 48 de
1659 1568 50 30 ce

467 1618 83 63 qui
566 1612 60 49 eſt
639 1612 218 49 Eſtendu.

546 1686 105 46 Nos
675 1678 273 52 aduerſaires
970 1681 166 69 preſſex
1159 1701 80 50 par
1261 1702 71 29 ces
1360 1684 174 47 raiſons
1571 1684 159 63 obje-

463 1753 131 46 ctent
605 1753 387 64 premicrement,
1009 1769 93 47 que
1120 1749 155 47 ſielles
1287 1749 196 48 eſtoient
1502 1750 210 50 valables

460 1818 32 48 il
514 1816 289 49 ſenſuiuroit
830 1834 94 46 que
951 1817 42 44 le
1023 1831 345 44 mouuement,
1399 1826 44 40 &
1482 1818 44 47 la
1557 1817 152 68 figure

457 1884 150 49 ronde,
650 1882 43 48 la
708 1881 185 48 chalcur
909 1889 44 39 &
969 1881 43 47 la
1033 1878 264 65 ſechereſſe,
1314 1883 43 49 la
1380 1884 255 50 blancheur
1658 1895 45 39 &

458 1952 44 46 la
518 1954 204 47 douceur,
734 1949 71 59 la
819 1965 134 35 vertu
965 1950 56 49 de
1040 1949 227 52 lAimant
1291 1956 84 61 qui
1396 1956 134 46 attire
1549 1954 42 48 le
1610 1950 92 60 fer,

462 2027 44 39 &
524 2020 110 49 celle
647 2023 83 66 qui
741 2020 42 48 le
794 2019 148 67 dirige
954 2015 96 78 vers
1064 2020 41 46 le
1119 2020 109 65 pole
1237 2012 195 68 ſerdient
1449 2022 301 67 incompa-

457 2084 162 62 tibles,
635 2107 135 48 parce
785 2106 67 52 qu
855 2087 119 49 elles
985 2103 59 32 ne
1067 2084 109 53 ſont
1197 2089 79 63 pas
1298 2092 157 46 moins
1481 2088 221 51 differen-

454 2164 94 41 tes;
564 2162 44 41 &
624 2169 94 51 que
731 2157 63 66 les
818 2154 122 67 idees
962 2169 94 54 que
1063 2147 130 80 nous
1215 2172 59 51 en
1294 2172 146 38 auons
1463 2156 109 52 ſont
1591 2151 155 60 auſſi

1503 2221 196 59 diuerſes
