1776 2528
833 34 9 26 (

257 102 83 49 DE
390 102 291 50 L'ESPRIT
722 119 78 35 DE
847 101 323 55 LHOMMY.
1282 127 68 44 39

90 184 71 34 tes
182 169 61 49 Les
269 168 159 51 chofes
448 170 195 50 eftoient
674 173 277 67 corporelles
986 192 64 30 ou
1080 174 255 59 eftenduës,

91 237 40 48 il
151 237 97 48 s’eft
270 236 188 70 trompé
479 239 337 60 lourdement,
851 250 45 40 &
929 241 60 48 eft
1023 240 166 49 tombé
1219 242 115 50 dans

100 323 271 41 vacerreur
336 301 40 78 ,
393 307 58 47 de
466 307 210 68 laquelle
696 308 33 48 il
752 307 44 49 fe
816 307 139 50 feroit
973 306 277 53 facilement
1271 317 62 40 ti-

90 372 53 47 té,
153 372 102 68 luy
278 383 44 39 &
338 393 111 30 ceux
461 380 81 60 qui
562 375 41 48 le
624 374 208 61 fuiuent,
851 378 91 47 s'ils
970 381 192 44 auoient
1185 378 149 47 voulu

89 437 116 51 faire
224 461 65 30 vn
311 460 90 48 peu
422 442 100 67 plus
544 443 58 47 de
621 442 221 51 reflexion
864 442 72 50 fur
969 444 61 49 les
1063 448 267 64 operations

87 509 65 47 de
180 509 95 48 leur
309 508 177 69 Efprit,
521 520 45 39 &
596 515 236 43 examiner
859 529 116 29 auec
1002 515 237 54 attention
1270 512 61 48 les

90 576 123 48 idées
241 576 137 66 qu'ils
402 581 263 60 pouuoient
693 592 187 32 trouuer
909 594 59 31 en
998 595 84 29 eux
1111 577 217 50 mefmes.

96 646 55 44 Et
180 641 181 69 efpere
384 659 93 51 que
510 661 112 29 ceux
650 647 84 63 qui
768 644 146 48 liront
946 643 69 48 cét
1045 642 145 50 Efcrit
1219 663 111 29 auec

99 707 94 52 foin
216 720 45 39 &
284 706 104 53 fans
410 708 190 69 prejugé
622 748 13 20 ,
675 712 330 48 connoiftront
1055 712 122 63 qu'ils
1210 731 119 30 con-

94 783 189 55 Soiuent
303 778 242 67 beaucoup
575 778 57 48 de
666 777 157 50 chofes
852 781 114 48 dans
998 724 238 126 lclquelles
1253 780 77 48 ils

99 846 370 67 n'apperçoiuent
482 864 177 30 aucune
672 846 245 50 Eftenduë.
974 851 226 63 Cequeie
1222 865 106 50 pre-

90 926 97 35 tens
207 918 125 45 donc
353 912 112 51 faire
486 918 101 47 voir
610 916 114 49 dans
736 934 52 28 ce
800 915 250 67 Chapitre,
1075 914 188 69 eftqu'il
1299 932 30 50 y

91 997 52 39 a,
156 985 106 46 iene
273 983 68 48 dis
353 1001 77 49 pas
444 983 76 47 des
533 980 198 70 Efprits,
746 1001 72 30 car
830 983 41 47 le
886 999 104 33 mot
1005 982 60 48 eft
1078 999 110 50 trop
1202 982 127 67 équi-

99 1061 147 55 Uoque
279 1069 59 29 en
373 1048 71 50 cét
465 1051 216 57 endroit,
705 1059 46 40 &
772 1069 97 29 mes
895 1047 280 51 aduerfaires
1204 1049 124 49 mel-

95 1130 72 33 me
181 1136 55 31 en
251 1120 371 47 demeureroient
633 1118 213 49 d'accord
860 1155 13 21 ,
890 1121 115 45 mais
1018 1118 75 47 des
1110 1115 214 51 fubftan-

90 1199 68 31 ces
179 1183 98 52 fans
303 1202 178 32 aucune
502 1184 213 50 eftenduë
736 1220 20 22 ,;
784 1194 44 39 &
860 1189 306 43 entierement
1192 1183 134 48 déta-

89 1248 129 52 chées
231 1254 112 48 dela
353 1253 208 48 matiere.
599 1250 292 51 Confiderez
910 1256 44 44 ie
972 1268 122 32 vous
1117 1254 94 64 prie
1234 1269 91 47 que

91 1313 44 51 da
148 1321 235 49 Puiffance
395 1321 59 48 de
476 1325 125 61 Dieu
621 1321 144 49 eftant
785 1319 188 59 infinie,
1001 1328 43 39 &
1068 1318 258 50 l’entende-

89 1398 125 37 ment
230 1389 61 65 de
316 1389 44 48 la
384 1389 100 66 plus
507 1386 215 69 parfaitte
743 1395 223 42 Creature
998 1387 145 49 eftant
1172 1403 153 32 extre«

93 1465 205 38 mement
316 1453 153 50 borné
491 1465 44 38 &
557 1455 96 65 finy
678 1490 13 24 ,
709 1456 36 48 il
767 1454 138 50 feroit
926 1454 191 50 ridicule
1138 1455 57 46 de
1227 1455 98 47 dire

87 1533 222 49 quesous
331 1521 231 65 peuflions
583 1519 250 53 conceuoit
851 1524 102 66 plus
975 1524 58 47 de
1053 1519 157 51 chofes
1232 1539 93 49 que

88 1586 123 47 Dieu
260 1588 107 46 n'en
398 1585 203 63 fçauroit
626 1587 117 51 faire
766 1611 13 32 ;
814 1607 119 31 nous
972 1608 59 32 ne
1085 1585 237 68 fçaurions

92 1652 119 50 donc
224 1655 99 46 rien
335 1659 249 40 conceuoir
605 1656 337 65 d’impofhble,
965 1655 35 47 fi
1022 1673 119 29 nous
1159 1652 164 57 rétrai-

86 1735 160 48 gnons
263 1741 49 28 ce
324 1736 104 32 mot
451 1736 87 31 aux
557 1716 140 50 feules
719 1720 159 46 chofes
905 1737 90 45 que
1015 1736 119 29 nous
1156 1735 167 48 apper-

87 1804 171 34 ceuons
271 1789 269 49 clairement
555 1796 44 40 &
615 1786 363 50 diftinétement.
1017 1781 123 52 Aufli,
1182 1784 25 48 à
1218 1802 107 50 pro-

88 1869 210 48 prement
321 1856 147 68 parler
490 1892 15 18 ,
531 1875 120 30 nous
682 1874 59 32 ne
771 1853 302 52 connoiffons
1098 1855 101 45 rien
1234 1869 93 49 que

90 1940 51 28 ce
160 1941 88 49 que
270 1944 119 30 nous
413 1943 185 48 voyons
619 1926 56 46 de
696 1924 109 47 elair
829 1933 44 38 &
900 1925 64 65 de
991 1922 201 73 diftinét
1209 1920 117 49 dans

93 1988 340 69 chaqueobjet,
452 2003 43 39 &
513 1992 31 48 il
559 1992 67 48 ne
649 1989 98 50 faut
766 2008 76 50 pas
868 2006 90 47 que
981 1988 65 46 les
1072 1990 253 72 Logiciens

93 2072 242 52 apportent
349 2065 70 61 icy
443 2061 95 48 leur
561 2060 128 49 Eftre
707 2060 59 48 de
785 2054 175 59 raifon,
984 2054 95 47 leur
1104 2052 219 63 chimere,

91 2130 44 51 &
151 2125 95 49 leur
259 2124 366 68 hypocentaure:
640 2126 176 65 carfans
834 2126 89 51 m'e
941 2120 247 53 mbaraffer
1209 2125 116 51 dans
