1776 2528
551 101 917 148 PREFACE.

157 165 282 213 droit
310 175 402 232 que
423 162 464 213 ie
487 170 615 216 viens
648 170 704 215 de
735 172 845 215 citer
861 205 874 225 ,
913 176 957 215 &
992 166 1047 213 de
1070 165 1168 232 plus
1202 168 1243 213 le
1275 179 1318 215 6.

164 2111 216 2161 le
240 2111 315 2162 les
348 2124 544 2174 rendent
572 2125 675 2193 plus
709 2122 913 2178 difficiles
928 2159 950 2182 ,
969 2118 1109 2174 elon
1143 2115 1330 2187 opo

388 232 429 280 la
441 232 664 302 Muque
676 271 690 293 ,
716 237 826 284 dans
851 235 1004 301 lequel
1023 252 1087 282 on
1110 251 1323 281 trouuera
306 236 363 281 de
156 237 293 281 Liure

152 301 266 367 qu'il
290 302 359 348 dit
378 307 736 367 premierement
750 324 760 357 ;
798 310 890 353 Car
921 321 1036 370 pour
1061 319 1174 366 moy
1199 306 1239 348 ie
1264 320 1322 351 ne

152 367 287 434 pene
297 387 373 436 pas
398 388 488 437 que
509 370 663 418 Ame
683 376 841 419 anime
862 370 944 419 on
975 378 1121 436 Corps
1151 369 1323 416 autre

152 434 275 483 orte
302 475 315 493 ,
361 454 451 504 que
481 454 612 504 parce
640 457 733 506 que
762 440 875 487 dans
919 439 979 485 les
1017 435 1216 504 paions
1259 438 1322 484 du

151 505 302 570 Corps
325 504 411 552 elle
431 507 536 571 agt
555 524 663 553 auec
685 506 784 571 plus
805 508 1087 554 attention
1114 513 1158 551 &
1191 504 1320 569 ap

151 571 380 637 plication
443 592 492 618 ce
512 573 680 637 qu'elle
703 570 785 619 fait
807 592 816 624 ;
851 576 909 619 Et
941 576 981 618 ie
1011 590 1070 617 ne
1100 589 1208 633 croy
1243 589 1319 637 pas

148 639 321 703 qu'elle
349 635 514 685 ouffre
543 642 642 686 rien
672 639 735 685 du
760 645 913 704 Corps
939 660 949 691 ;
982 642 1104 686 Mais
1131 635 1322 701 j'eime

152 772 268 836 ujet
303 790 393 839 que
424 777 546 821 Dieu
575 793 599 820 a
631 772 808 822 omis
918 773 961 821 a
1000 774 1318 822 domination.

152 844 258 908 Que
279 858 388 905 peut
416 859 481 888 on
507 843 604 889 dire
637 846 720 908 qui
748 843 947 909 aproche
979 842 1238 906 dauantage
1267 839 1323 886 de

156 926 206 953 ce
230 924 321 973 que
344 926 462 954 nous
483 927 629 957 auons
654 909 761 956 crit
786 910 842 956 de
865 910 1064 959 Vnion
1089 909 1145 956 de
1173 909 1325 956 Ame

156 983 203 1021 &
218 976 281 1022 du
296 981 444 1042 Corps
460 989 471 1022 ?
497 981 624 1024 Saint
638 977 866 1043 Auguin
881 977 1050 1037 ajoue
1066 1013 1079 1033 ,
1104 980 1205 1043 Que
1219 991 1323 1022 tous

155 1041 219 1088 les
239 1044 448 1090 accidens
464 1046 714 1111 Corporels
738 1082 751 1102 ,
775 1050 856 1111 qui
879 1044 922 1092 e
949 1044 1209 1111 preentent
1239 1046 1322 1090 de

153 1122 267 1155 uant
608 1150 620 1169 ,
644 1121 688 1160 &
711 1131 801 1179 que
823 1113 883 1159 les
904 1112 1051 1175 objets
1078 1112 1135 1159 de
1154 1110 1321 1159 dehors
281 1109 434 1156 nore
446 1116 593 1176 Corps

159 1193 395 1239 enuoyent
473 1196 559 1225 nos
588 1177 684 1227 ens
718 1216 731 1236 ,
757 1179 1000 1244 n'agient
1030 1196 1108 1244 pas
1131 1177 1201 1224 ur
1224 1177 1322 1223 A

156 1260 236 1290 me
260 1262 270 1296 ;
309 1248 430 1293 Mais
456 1245 593 1310 qu'ils
616 1243 723 1297 font
745 1248 946 1314 quelque
975 1243 1112 1293 choe
1144 1245 1255 1292 dans
1285 1243 1325 1291 le

369 1317 448 1379 qui
471 1315 642 1365 tanto
668 1316 727 1363 e
750 1312 994 1363 conforme
1068 1313 1257 1362 aion
1270 1313 1326 1360 de
159 1316 312 1377 Corps
324 1350 337 1370 ,

155 1377 317 1427 Ame
328 1417 342 1437 ,
371 1390 414 1428 &
431 1382 600 1431 tanto
616 1383 691 1449 luy
707 1382 766 1430 e
789 1381 974 1450 oppo.
1003 1381 1116 1429 Cela
1135 1399 1192 1429 ne
1212 1383 1325 1427 s'ac

158 1447 298 1493 corde
347 1464 365 1495 t
414 1449 444 1503 il
466 1469 542 1515 pas
568 1450 677 1498 bien
696 1470 805 1499 auec
827 1471 875 1498 ce
907 1468 997 1517 que
1029 1467 1145 1497 nous
1179 1465 1323 1495 auons

156 1512 234 1557 dit
255 1514 311 1561 de
325 1515 377 1561 la
397 1517 671 1566 diinion
700 1520 775 1566 des
799 1517 969 1584 epeces
994 1526 1037 1565 &
1060 1517 1138 1565 des
1166 1515 1298 1563 Ides
1311 1526 1323 1559 ?

161 1576 247 1624 V
271 1584 660 1647 principalement
691 1586 805 1652 qu'il
834 1589 1054 1633 continu
1081 1581 1202 1632 ain
1224 1618 1240 1640 ,
1270 1585 1329 1628 Et

159 1659 282 1710 pour
296 1660 355 1690 ne
371 1661 485 1693 vous
500 1657 623 1697 tenir
646 1671 722 1716 pas
749 1653 846 1716 plus
871 1653 1169 1715 longtemps
1184 1687 1196 1707 ,
1217 1649 1249 1695 il
1271 1665 1328 1693 ne

163 1729 241 1759 me
253 1708 427 1759 emble
442 1732 518 1780 pas
533 1732 622 1782 que
635 1718 786 1766 Ame
805 1716 971 1762 ouffre
992 1721 1090 1761 rien
1104 1718 1167 1762 du
1180 1711 1329 1775 Corps

162 1781 329 1844 quand
353 1780 435 1828 elle
457 1779 556 1831 ent
569 1804 579 1836 ;
611 1786 725 1831 mais
750 1780 1002 1829 eulement
1024 1817 1037 1837 ,
1062 1777 1227 1846 qu'elle
1247 1796 1329 1843 ap

159 1862 297 1911 porte
319 1848 418 1914 plus
440 1852 720 1901 attention
749 1850 859 1899 dans
896 1847 980 1897 on
1007 1851 1167 1896 aion
1189 1883 1201 1903 ,
1240 1845 1330 1892 lors

799 2053 897 2118 plus
172 2046 284 2097 dent
297 2051 355 2098 les
370 2058 551 2104 aions
564 2058 619 2104 de
632 2058 785 2105 Ame
1186 2049 1330 2116 qu'el
1112 2067 1175 2097 ou
921 2050 1072 2100 faciles
1085 2088 1098 2107 ,

153 705 322 772 qu'elle
344 702 427 751 fait
459 705 515 752 de
547 707 623 771 luy
660 716 703 754 &
735 706 847 754 dans
882 705 957 770 luy
993 724 1180 753 comme
1211 706 1321 753 vn

164 1914 279 1974 qu'il
302 1914 467 1967 ouffre
495 1921 697 1987 quelque
714 1918 850 1968 choe
868 1920 944 1966 des
965 1917 1112 1980 objets
1124 1936 1134 1968 ;
1159 1918 1218 1961 Et
1241 1929 1331 1979 que

374 1985 435 2033 les
449 1988 737 2055 impreions
760 1987 891 2054 qu'ils
914 1984 1018 2032 font
1034 1984 1103 2031 ur
1126 1982 1201 2046 luy
1224 1999 1329 2028 ren
158 1975 257 2027 oit
269 2000 359 2048 que

1347 747 1542 778 dominationi
1552 750 1617 784 u.

1349 364 1410 401 Ego
1430 365 1504 392 enim
1522 365 1556 393 ab
1568 366 1630 393 ani

1348 413 1396 430 ma
1415 414 1515 441 corpus
1526 403 1580 430 hoc
1597 413 1630 431 a

1348 443 1454 469 nimari
1467 452 1524 469 non
1544 452 1612 479 puto
1623 463 1632 476 ,

1348 480 1399 507 ni
1414 482 1575 507 intentione
1588 480 1631 507 fa

1349 520 1460 549 cientis;
1473 529 1522 546 nec
1534 520 1569 546 ab
1581 519 1633 546 illo

1347 557 1428 583 iam
1442 558 1566 594 quicqu
1579 567 1633 594 pa

1348 596 1368 622 ti
1380 596 1505 623 arbitror
1516 616 1524 629 ,
1538 595 1584 623 ed
1595 596 1634 623 fa

1348 643 1412 661 cere
1428 633 1462 661 de
1480 634 1534 661 illo
1555 638 1590 661 &
1604 636 1634 663 in

1348 671 1401 698 illo
1419 681 1556 709 tanquam
1576 673 1611 700 de

1348 708 1477 738 ubieo
1494 711 1634 740 diuinits

1381 997 1558 1033 Corporalia
1567 1007 1635 1036 ergo

1350 1043 1533 1072 qucumque
1553 1038 1621 1064 huic

1351 1076 1467 1110 corpori
1488 1076 1626 1112 ingerun

1351 1119 1396 1137 tur
1407 1133 1413 1142 ,
1427 1121 1477 1139 aut
1488 1114 1637 1150 objiciun

1350 1157 1395 1176 tur
1409 1151 1637 1184 extrinecus,n

1349 1187 1379 1212 in
1397 1190 1494 1216 anima
1506 1210 1515 1221 ,
1543 1190 1589 1217 ed
1608 1192 1638 1217 in

1352 1236 1472 1263 corpore
1493 1228 1607 1265 aliquid

1352 1264 1553 1303 faciunt,quod
1565 1276 1638 1303 ope

1353 1307 1376 1333 ri
1388 1309 1447 1334 eius
1465 1304 1639 1338 adueretur,

1352 1356 1401 1374 aut
1411 1353 1561 1380 congruat.

1355 1584 1390 1610 Et
1407 1590 1440 1608 ne
1456 1580 1578 1619 longum
1592 1579 1641 1611 fa

1581 1623 1640 1649 mi
1448 1620 1562 1648 videtur
1356 1622 1441 1650 ciam,

1356 1659 1385 1686 hi
1397 1655 1494 1684 anima
1504 1668 1565 1686 cum
1584 1659 1642 1687 en

1356 1698 1390 1724 tit
1407 1697 1435 1722 in
1447 1706 1643 1733 corpore,non

1356 1734 1467 1770 aliquid
1478 1736 1511 1762 ab
1526 1736 1579 1764 illo
1590 1747 1644 1773 pa

1407 1772 1451 1800 ed
1463 1775 1491 1802 in
1503 1776 1561 1802 eius
1575 1775 1640 1812 pa
1358 1774 1378 1799 ti
1385 1793 1391 1802 ,

1359 2124 1437 2160 quod
1450 2122 1551 2152 entire
1561 2120 1632 2150 dici

1361 2171 1415 2191 tur.

1358 1810 1481 1839 onibus
1507 1815 1644 1841 attentius

1358 1860 1446 1888 agere:
1455 1849 1482 1878 &
1496 1862 1540 1879 eas
1553 1854 1646 1883 aio

1358 1899 1403 1917 nes
1415 1890 1470 1919 u
1482 1890 1646 1927 facilespro

1358 1938 1418 1965 pter
1428 1926 1640 1961 conuenienti,

1358 1967 1412 1995 ue
1425 1967 1558 1995 difficiles
1576 1977 1646 2010 pro

1359 2017 1419 2052 pter
1432 2009 1646 2035 inconuenien

1359 2056 1439 2078 tiam,
1451 2056 1508 2073 non
1527 2054 1590 2071 eam
1608 2043 1647 2072 la

1361 2095 1417 2113 tere
1427 2105 1434 2117 ,
1452 2088 1476 2111 &
1497 2083 1551 2110 hoc
1569 2083 1618 2114 e,
