1776 2528
188 97 104 64 i

105 161 120 50 tenir
246 164 117 49 dans
388 166 96 47 leur
503 164 312 51 conſtitution
838 165 239 49 naturelle.
1133 167 60 45 Et
1227 164 114 50 ainſi

107 230 178 67 malgre
307 233 61 47 les
389 234 261 63 objections
670 235 147 62 quon
839 249 117 33 nous
976 253 26 29 a
1024 231 161 59 faites,
1219 250 119 31 nous

104 315 214 48 pouũons
336 301 245 49 conclurre
613 317 92 51 quc
726 299 175 52 meſme
934 300 182 48 ſuiuant
1140 299 62 48 les
1232 318 107 29 ma-

102 369 140 44 ximes
263 368 57 47 de
343 386 90 30 nos
462 366 310 60 aduerſaires,
805 389 49 28 ce
881 372 206 63 principe
1121 371 216 45 interieur

109 432 53 47 de
174 450 85 31 nos
267 428 195 78 Penſces
483 438 74 45 ma
578 438 137 64 point
725 436 303 57 deEſtendus,
1047 444 44 39 &
1115 451 79 51 par
1213 453 121 29 con-

102 496 193 70 ſequent
325 502 61 47 eſt
415 520 154 31 exemt
595 503 57 47 de
681 517 105 32 tous
817 504 63 46 les
912 503 230 47 accidents
1178 505 82 62 qui
1289 503 50 47 la

96 565 357 69 preſuppoſent,
469 578 48 37 &
528 568 60 47 cſt
602 569 302 48 Immateriel.

1274 660 52 17 —

1293 681 35 11 4

101 765 159 72 Autre
273 774 186 52 Preuue
480 785 160 38 contre
662 789 118 34 ceux
803 772 90 72 qui
913 790 57 33 ne
999 770 224 72 repoiuent
1245 790 90 55 que

393 842 351 75 QAesſulſtances
753 845 276 77 corporelles.

536 974 90 66 CMH
662 992 98 33 AP.
832 978 71 57 V.
1052 979 61 44 —

233 1109 105 52 On
367 1114 61 45 ne
471 1109 203 65 ſcauroit
719 1126 205 33 exemter
950 1110 196 50 d'erreur
1180 1130 61 30 ou
1269 1113 60 48 de

232 1177 177 50 blaſme
440 1178 62 48 les
540 1175 307 70 Philoſophes
881 1178 99 66 qui
1003 1194 86 32 ont
1122 1179 80 46 crù
1234 1195 93 49 que

98 1255 146 38 toutes
264 1247 62 48 les
348 1245 257 50 ſubſtances
632 1244 193 50 eſtoĩent
854 1245 298 66 corporelles;
1189 1263 137 30 com-

97 1323 70 34 me
180 1330 84 32 ont
275 1312 84 50 fait
374 1318 219 63 Epicure,
615 1313 283 58 Tertullien,
920 1312 239 59 Vorſtius,
1175 1312 149 49 Hob-

92 1373 101 70 bes,
207 1390 44 39 &
268 1382 225 66 quelques
506 1398 161 32 autres.
702 1388 93 42 Car
808 1399 63 30 ou
885 1380 56 49 ils
955 1397 87 32 ont
1053 1385 90 62 pris
1161 1380 43 48 le
1219 1396 107 33 mot

93 1443 53 48 de
158 1452 148 61 Corps
318 1466 118 48 pour
461 1449 130 64 celuy
611 1451 57 45 de
690 1447 260 59 ſubſtance,
978 1458 42 39 &
1044 1464 88 33 ònt
1157 1464 169 32 enten-

93 1509 58 49 du
171 1515 348 61 generalement
543 1532 104 32 tout
665 1536 53 29 ce
737 1521 87 62 qui
845 1516 133 48 eſtoit
999 1516 57 48 de
1075 1514 89 49 tel
1190 1525 44 39 &
1267 1516 58 47 de

92 1575 165 67 poſitif
269 1579 114 46 dans
407 1582 45 46 la
483 1586 226 55 Narure,
753 1594 45 37 &
831 1602 101 29 non
961 1602 77 47 pas
1068 1581 255 49 ſeulement

92 1642 294 75 imaginaire,
400 1642 165 75 comme
607 1649 61 46 les
690 1648 273 48 deſfenſeurs
989 1651 58 51 de
1065 1648 261 48 Tertullien

94 1711 144 51 diſent
259 1731 89 46 que
369 1731 50 31 ce
444 1715 212 47 Docteur
678 1731 26 26 a
723 1713 162 65 parlé;
914 1713 65 46 oà
1011 1714 108 43 bien
1150 1714 53 43 ils
1235 1728 88 30 ont

93 1781 141 48 voulu
255 1783 96 46 dire
367 1799 81 49 par
469 1779 44 51 là
533 1797 93 52 que
654 1795 153 34 toutes
841 1779 63 47 les
938 1775 157 51 choſes
1128 1776 216 50 eſtoient-

94 1844 247 54 Eſtenduẽs
358 1858 50 40 &
431 1848 288 51 materielles.
777 1852 129 46 Mais
921 1846 108 49 bien
1051 1864 94 51 que
1167 1866 48 27 ce
1233 1843 90 50 ſoit

93 1926 93 38 vac
216 1915 136 51 choſe
382 1915 233 68 permiſe,
654 1926 45 38 &
735 1921 85 62 qui
858 1914 184 68 depend
1078 1929 244 50 purement

95 1978 50 48 de
157 1978 289 56 finſtitution
459 1986 75 48 des
547 1988 267 52 Hommẽs,
828 1981 246 58 dattacher
1087 1997 87 31 aux
1196 1997 125 33 mots

95 2046 103 47 telle
225 2045 319 68 ſignification
574 2069 91 51 que
697 2050 101 49 bon
823 2067 118 36 nous
961 2044 211 60 ſemble,
1210 2064 112 34 tou-

92 2112 135 71 tefois
245 2115 35 50 il
302 2133 61 44 ne
384 2118 43 50 le
447 2118 98 68 faut
568 2124 160 62 iàmais
750 2116 111 56 faire
887 2115 104 55 ſans
1011 2132 63 32 en
1093 2121 167 46 auertir
1280 2118 46 66 le

299 2187 168 9 e
813 2188 4 12 s
887 2184 124 66 ug
