1776 2528
422 100 82 60 SA
661 136 48 28 .s
836 89 460 53 TRAITTE"

426 303 197 66 Preuue
637 293 82 76 de
754 295 50 53 la
840 295 167 73 mefne
1048 292 125 75 chofe
1198 331 21 22 ;
1241 307 155 42 contre
1433 312 118 36 ceux
1591 292 100 77 quë

574 375 232 71 reçoinens
818 370 79 54 des
900 368 273 81 [abffances
1189 371 253 76 corporelles
1455 378 71 62 x

898 446 294 75 fpirituelles.

849 579 164 57 CHaAPr
1148 576 113 49 IV.
1680 603 12 31 :

574 711 41 52 À
649 705 298 73 propofition
978 723 93 51 que
1104 724 120 30 nous
1253 706 149 51 auons
1432 706 258 69 expliquée:

449 706 73 143 LL
574 780 115 47 dans
699 777 45 47 le
758 776 227 66 Chapitre
994 775 250 73 precedent
1256 791 59 30 ne
1332 791 109 51 peut
1469 775 110 49 eftre
1603 792 93 41 at-,

429 845 171 70 taquée
619 862 93 50 que
740 862 84 50 par
842 844 119 47 deux
964 837 165 82 lortes
1135 842 73 64 de
1231 841 333 57 Phiiofophes;
1590 848 102 46 Les;

429 932 88 33 vas
540 918 178 44 croient
739 929 96 50 que
826 904 76 79 cét
905 908 233 52 Vniuers
1158 909 64 49 eft
1240 911 224 68 compolé
1487 913 57 47 de
1565 909 114 51 fub-

431 981 176 49 fances
630 977 296 70 fpirituelles,
951 984 44 43 &
1017 979 57 48 de
1091 975 267 51 fubftances
1383 979 307 68 corporelles;

430 1053 118 46 mais
563 1048 53 48 ils
631 1045 216 51 eftiment
859 1063 94 52 que
971 1047 44 48 la
1030 1043 173 53 Penfée
1223 1048 404 67 n'appartient
1532 1039 88 80 pas
1643 1045 49 51 fi.

434 1116 431 69 particulierement
895 1132 88 32 aux
1012 1117 249 65 premieres
1280 1152 15 21 ,
1330 1113 172 69 qu'elle
1532 1134 61 31 ne
1633 1113 59 50 fe.

433 1184 347 66 communique
804 1180 110 52 aufli
939 1179 298 71 quelquefois
1260 1200 86 31 aux
1369 1180 244 56 fecondes;
1630 1192 60 40 &:

431 1251 63 49 les
507 1268 149 33 autresau
667 1254 313 45 contraire
991 1248 109 50 font
1120 1248 36 50 fi
1175 1248 102 50 fort
1288 1250 255 66 perfuadez
1561 1251 133 67 qu'il:

432 1320 116 62 n'ya
568 1322 106 44 rien
689 1335 69 29 au
768 1313 174 77 monde
950 1313 107 77 que
1078 1318 77 47 des
1178 1322 179 61 Corps,
1382 1317 63 48 les
1457 1337 98 31 vns
1571 1318 123 68 plus.

433 1383 216 69 groffiers
639 1377 27 79 ,
686 1383 63 48 les
762 1400 149 31 autres
926 1383 101 67 plus
1039 1381 186 62 fubtils,
1242 1384 137 68 qu'ils
1392 1403 70 31 ne
1472 1387 246 48 doutent:.

432 1450 264 50 nullement
713 1467 94 50 que
828 1448 228 50 la.Penfée
1082 1459 52 40 &.
1152 1467 161 31 toutes
1326 1469 87 31 nos
1428 1452 251 49 Connoif-

432 1514 478 55 fancesnefoientdes
930 1521 259 64 proprietez
1211 1522 83 62 qui
1317 1524 378 62 appartiennent:

432 1586 28 49 à
463 1586 187 66 ceuxcy
666 1582 364 52 àraifondeleur
1035 1578 245 82 fubrilité.
1319 1591 123 47 Mais
1458 1587 109 50 bien
1582 1604 112 52 que:

380 1675 8 7 +
430 1655 68 58 les
512 1673 88 30 vns
614 1663 44 40 &
683 1652 63 49 les
767 1670 148 32 autres
939 1670 142 50 ayent
1095 1650 162 54 formé
1275 1672 66 31 vn
1366 1673 129 49 party
1518 1654 174 49 confi-

429 1723 271 57 derable,&
715 1740 81 50 par
809 1720 83 51 fon
906 1721 260 69 antiquité,
1181 1732 46 38 &
1239 1740 82 45 par
1343 1721 255 52 lenombre
1616 1724 75 54 de;

428 1789 65 49 fes
506 1787 248 50 feœareurs,
764 1788 214 66 i'efpete
991 1791 282 45 neanmoins
1287 1782 111 53 faire
1418 1793 105 44 voir
1535 1790 157 67 qu'ils.

424 1856 45 49 fe
482 1856 483 64 fonttoustrompez,
993 1853 137 66 qu’ils
1153 1871 60 31 ne
1229 1851 266 67 fçauraient
1523 1860 164 56 auan-

430 1943 70 28 cer
514 1942 93 49 que
608 1923 68 49 des
710 1921 263 64 objections
985 1918 188 52 friuoles
1190 1960 14 20 ,
1215 1932 52 39 &
1282 1940 92 46 que
1387 1922 90 48 s’ils
1493 1916 198 63 euffent-

433 1992 147 47 voulu
604 1990 145 49 fuiure
771 1989 117 49 leurs
909 2009 187 48 propres
1120 1992 237 60 Principes
1376 2025 24 21 ;
1422 1990 54 49 ils
1497 1992 194 52 euffenc-

424 2074 87 47 peu
523 2055 815 67 defcouurir
777 2048 66 78 la
842 2048 150 78 verité
998 2048 105 78 que
1109 2055 221 67 i'auance
1360 2075 12 33 ;
1394 2048 112 78 aufli
1514 2060 76 47 eft
1619 2081 68 28 ce-

424 2139 80 54 par
518 2141 68 30 ces
599 2124 414 66 mémesPrincipes
1027 2120 218 69 queieles
1257 2140 129 33 veux
1385 2116 277 81 combattre.

1541 2199 143 46 Pour:
