1776 2528
460 101 74 61 34
866 97 433 73 TRAITTE

468 187 60 31 en
550 183 184 50 voyons
752 162 111 51 bien
878 163 201 59 l'effect,
1104 172 46 39 &
1177 182 119 30 nous
1318 163 313 61 l'admirons,
1665 170 66 48 &

456 253 201 30 nousne
670 227 218 78 cefferons
901 227 162 78 jamais
1080 232 57 47 de
1158 231 246 50 l'admirer.
1464 238 49 44 Ie
1533 233 177 68 fupplie

466 301 129 49 enfin
618 320 86 28 nos
726 297 272 65 aduerfaires
1023 300 57 47 de
1100 318 76 29 me
1197 302 97 45 dire
1312 300 69 48 s’il
1403 300 64 54 eft
1492 302 216 67 impofli-

453 368 87 48 ‘ble
588 387 56 29 que
657 372 123 45 Dieu
792 364 107 52 faffe
921 386 91 30 vne
1032 368 218 48 machine
1271 365 257 52 femblable
1548 369 26 48 à
1594 370 113 49 celle

454 438 122 48 d’vn
595 437 136 47 chien
750 436 114 49 dans
889 451 150 32 toutes
1070 433 63 50 fes
1161 440 163 60 parties
1357 440 266 46 interieures
1657 448 47 41 &

457 508 277 44 extericures
754 540 16 21 ,
809 501 197 68 laquelle
1025 505 140 44 imite
1190 499 335 69 parfaitement
1553 522 153 34 toutes

454 571 70 48 les
564 575 182 45 actions
788 579 46 40 &
864 568 199 69 pañlions
1095 570 112 49 d'vn
1230 570 257 48 veritable
1521 572 187 63 chien,

459 656 110 31 auec
591 655 117 32 cette
715 629 137 78 feule
865 629 258 78 difference
1144 638 187 64 qu'elles
1352 656 62 46 ny
1435 636 158 53 feront
1620 651 84 52 ac-

448 703 326 70 compagnées
795 703 223 50 d'aucune
1046 704 334 48 connoiïffance
1408 724 65 46 ny
1500 708 201 53 d'aucun

448 773 182 50 deffein
649 770 139 58 (ainfi
813 771 136 68 qu'ils
969 787 194 48 croyent
1187 771 187 67 qu'elles
1397 772 42 49 le
1462 771 108 53 font
1583 778 115 49 dans

448 857 129 31 cette
600 839 147 60 befte)
777 832 111 71 mais
900 832 118 71 elles
1040 836 156 60 feront
1229 836 257 55 feulement
1519 841 178 53 caufées

449 916 55 39 &
528 914 290 42 entretenuës
842 896 114 59 dans
992 922 117 33 cette
1140 907 218 49 machine
1385 928 80 48 par
1495 910 202 54 l'action

445 975 88 47 des
547 974 177 63 objets,
744 992 79 49 par
847 974 63 48 les
932 972 296 70 difpofitions
1247 975 205 65 acquifes
1477 995 63 31 ou
1561 997 137 32 natu-

447 1041 139 49 elles
608 1042 64 48 du
692 1060 190 30 cerueau
905 1080 17 22 ,
955 1051 45 40 &
1032 1043 76 48 des
1145 1059 149 32 autres
1322 1048 169 62 parties
1520 1047 58 48 de
1603 1045 91 53 fon

432 1108 261 69 -Corps,
632 1104 53 79 &
709 1110 134 68 par
776 1104 67 79 le
862 1128 131 30 cours
1017 1110 57 48 de
1087 1108 73 50 fes
1186 1108 170 71 efprits.
1414 1112 101 49 S'ils
1538 1112 153 53 difenr

443 1187 104 56 que
558 1177 247 51 Dieunele
799 1171 201 76 fçauroit
1009 1176 133 50 faire
1227 1177 163 51 ,ileftaisé
1411 1181 58 48 de
1484 1180 102 49 leur
1607 1180 85 51 fai-

446 1260 53 31 re
523 1249 104 44 voir
650 1246 132 65 qu'ils
803 1248 136 47 n'ont
963 1264 77 47 pas
1065 1243 155 50 raifen
1257 1247 57 46 de
1342 1246 45 48 le
1408 1249 123 60 dire,
1555 1268 137 48 parce

443 1306 147 121 qu'ils
613 1331 60 29 ne
691 1311 263 64 fçauroïent
977 1328 212 52 apporter
1211 1330 177 31 aucune
1411 1313 162 52 bonne
1589 1323 103 44 rai-

445 1385 119 50 fon,
589 1397 248 48 pourquoy
851 1378 59 47 ils
936 1377 151 49 oftent
1109 1393 118 34 cette
1250 1380 231 65 puiffance
1500 1382 27 49 à
1548 1389 139 51 Dieu;

444 1450 102 43 Car
566 1461 117 31 cette
707 1444 329 49 connoiffance
1060 1454 45 40 &
1137 1447 57 46 ce
1220 1448 176 48 deffein
1426 1451 145 47 eftant
1607 1454 79 47 des

442 1509 165 51 chofes
628 1527 105 33 tout
756 1511 26 48 à
805 1509 83 50 fait
907 1512 260 48 differentes
1188 1513 58 47 de
1280 1515 300 67 l'impreflion
1607 1520 78 48 des

440 1577 313 67 objetsfurles
765 1576 126 62 fens,
916 1589 45 39 &
983 1580 77 48 des
1082 1583 182 47 actions
1289 1591 44 42 &
1355 1601 332 37 mouuements

440 1649 62 49 de
528 1647 44 54 la
593 1647 145 59 befte,
760 1647 33 50 il
816 1667 61 30 ne
899 1645 202 67 fçauroit
1121 1647 109 49 eltre
1250 1652 264 67 impoflible
1534 1656 151 60 qu’el-

440 1714 66 52 les
529 1734 58 32 en
611 1716 198 68 puiflenc
837 1716 110 50 eftre
977 1715 213 70 feparées.
1249 1718 264 64 Suppofant
1552 1719 128 55 donc

437 1800 100 49 que
568 1789 123 44 Dieu
722 1804 26 29 a
780 1790 87 43 mis
898 1801 117 31 cette
1042 1785 216 45 machine
1294 1800 126 32 entre
1458 1785 222 67 plufieurs

437 1852 184 48 Chiens
645 1887 15 20 ,
680 1854 43 44 ie
741 1851 95 47 leur
857 1849 233 50 demande
1113 1867 243 34 comment
1379 1863 43 38 &
1456 1872 80 47 par
1567 1858 111 65 quel

434 1917 136 68 figne
590 1956 14 21 ,
634 1917 55 50 ils
720 1916 375 60 reconnoiftront
1126 1935 118 34 cette
1274 1919 252 62 machine,
1552 1924 129 57 dort

433 1999 157 40 toutes
613 1986 63 51 les
696 1990 181 47 ations
901 1995 45 40 &
969 1998 307 39 mouuemens
1305 1983 45 50 fe
1378 1983 107 54 font
1519 2009 80 51 par
1628 1992 45 52 la”
1739 1987 37 26 s

433 2047 125 54 feule
577 2053 279 69 difpofition
880 2055 57 47 de
956 2052 63 48 fes
1049 2071 224 48 organes,
1307 2062 45 41 &
1385 2055 290 70 l’impulfion

434 2115 82 57 des
528 2120 152 64 objets
690 2123 156 62 d’auec
859 2139 65 38 vn
935 2119 221 54 veritable
1178 2119 183 69 Chien,
1384 2125 114 55 dans
1521 2126 152 74 lequel
