1776 2528
428 105 88 40 a
656 123 3 2 :
852 87 398 54 TRAITTE"

433 149 356 85 appartienfient.
829 147 278 58 Concluons
1129 155 126 49 donc
1275 169 92 54 que
1380 154 60 50 la
1441 143 179 84 Pensée
1633 151 64 62 &i

434 227 265 56 l'Eftendüe
726 224 108 50 font
864 242 100 30 non
1012 222 256 49 feulement
1307 223 120 48 deux
1449 223 248 49 attributs:

436 294 268 57 effenciels,
715 296 120 52 mais
855 289 176 51 mefme
1040 292 139 64 qu'ils
1192 290 292 50 conftituent
1500 290 198 59 l'effen-

436 381 46 30 ec
501 362 68 47 de
591 362 43 46 la
658 358 138 52 chofe
817 358 22 59 à
838 358 216 64 laquelle
1071 359 152 60 on-les
1241 358 231 59 attribüe,
1489 367 45 39 &
1547 357 150 67 qu'ils

436 428 111 51 font
575 446 168 31 encore
796 425 68 49 plus
886 425 361 67 incompatibles
1272 427 172 66 &-plus
1477 429 211 45 contrai-

435 515 99 40 tes,
562 514 94 48 que
675 514 58 31 ne
746 447 47 95 ê

440 566 110 48 bien
563 563 43 49 fe
627 553 269 78 rencontrer.
904 579 248 48 l'vnapres
1165 559 163 49 l’autre
1348 560 114 49 dans
1484 578 65 31 vn
1562 557 127 51 mef-

440 651 79 30 me
533 631 119 62 fujet
671 648 98 40 ,.au
792 629 91 46 lieu
898 625 502 67 qu'ileftabfolument
1423 625 279 69 impofible
1739 669 5 5 .

477 718 56 29 ue
554 700 118 47 deux
691 694 218 50 attributs
932 693 224 49 effentiels
1176 724 14 27 ;
1223 693 81 48 cels
1329 711 88 48 que
1443 695 44 46 la
1519 692 181 50 Pensée

443 777 48 39 &
492 753 308 80 l'Eftendüe,
799 753 214 80 puiffent
1025 764 162 43 iamais
1213 757 43 51 fe
1275 753 270 80 rencontrer
1552 753 114 80 ‘dans

444 830 240 53 le.mefme
706 828 116 69 fujet,
834 845 91 49 ny
939 845 56 44 en
1009 825 174 51 mefme
1206 844 174 51 temps,
1402 847 62 49 ny
1480 826 219 65 fuccefli+

443 916 243 34 uement.

518 972 165 60 Quant
693 964 37 48 à
741 962 274 64 l’objection
1027 958 211 73 quefont
1252 979 111 45 ceux
1372 970 95 63 qui
1477 961 226 55 mettent

442 1031 514 59 deladifferenceentre
970 1031 61 49 les
1046 1030 189 50 Penfées
1243 1033 81 48 des
1338 1031 363 51 chofesImma-

448 1102 222 57 terielles,
695 1110 46 39 &
766 1099 133 49 celles
920 1100 76 48 des
1019 1097 158 51 chofes
1193 1099 323 69 Corporelles,
1546 1101 100 48 c’eft
1668 1101 32 48 à

449 1171 99 49 dire
570 1163 170 78 ,.entre
763 1167 75 50 Les
855 1172 325 65 Conceptions
1210 1168 59 48 de
1288 1167 154 49 noftre
1466 1169 229 48 entende-

450 1254 163 41 ment,
625 1246 39 39 &
673 1237 74 48 les
760 1238 299 65 Perceptions
1074 1233 266 50 denosfens,
1353 1235 128 57 c'eft
1499 1234 207 61 vneob-

451 1307 181 63 jeétion
646 1301 196 66 friuole,
860 1306 85 62 qui
959 1299 266 68 tefmoigne
1234 1299 244 70 beaueoup
1500 1302 201 68 d'igno-

451 1388 141 30 rance
603 1371 117 47 dans
729 1386 111 31 ceux
853 1373 83 61 qui
949 1366 189 59 lafont,
1153 1376 55 46 &-
1221 1371 84 63 qui
1318 1365 92 52 fait
1430 1374 107 45 voir
1550 1370 148 67 qu'ils

766 511 87 31 ont
872 494 46 47 le
931 490 124 51 froid
1071 500 45 41 &
1139 492 43 48 le
1196 493 176 57 chaud,
1388 498 80 60 qui
1480 506 230 54 peuuent

1721 1384 15 26 w:

452 1427 70 65 ne.
528 1435 56 48 fe
603 1433 112 51 font
732 1435 381 48 iamats.eftudiez
1134 1433 27 49 à
1183 1431 179 53 former
1385 1438 88 47 des
1498 1454 199 33 notions
1725 1449 11 25 :

453 1504 157 48 claires
623 1511 46 39 &
683 1501 234 48 diftinctes
936 1502 115 47 déla
1063 1498 241 52 fubftance
1324 1503 288 68 corporelle,
1632 1522 70 48 ny

454 1573 50 48 de
521 1571 57 48 la
596 1567 238 50 fubftance
853 1566 262 69 fpirituelle,
1157 1573 437 65 Carievous:prie,
1610 1591 89 29 nos
1734 1585 6 23 :

1721 1518 14 20 +

454 1637 256 64 fenfarions
720 1634 109 51 font
838 1636 109 58 elles
959 1640 156 45 moins
1127 1638 86 47 des
1223 1644 291 62 perceptions
1534 1657 65 32 ou
1618 1640 86 47 des
1696 1630 41 80 :

454 1700 214 80 penfées,
673 1722 129 50 pour
812 1710 130 43 auoir
964 1705 50 48 le.
1024 1711 154 61 Corps
1191 1724 119 47 pour
1328 1706 152 56 objet;
1497 1712 45 43 &
1555 1705 146 47 n’eft-

457 1793 51 29 ce
524 1792 202 49 pas-vne
745 1771 138 50 chofe
901 1773 192 47 ridicule
1115 1774 56 42 de
1200 1768 191 49 vouloir
1413 1770 96 49 dire
1535 1772 166 66 que.le
1697 1768 38 74 :

455 1839 253 51 fentiment
732 1856 64 28 ou
818 1835 229 68 la:penfée
1076 1836 141 49 d’vne
1246 1836 145 51 chofe
1424 1840 276 65 corporelle,
1691 1829 40 80 .

455 1907 92 49 foit
558 1903 259 71 corporelle
831 1902 85 49 elle
931 1900 174 52 mefme
1117 1902 581 69 ,toutepenféeneperte-
1734 1931 3 2 |

457 1974 87 48 elle
569 1993 81 48 pas
674 1991 109 31 auec
802 1969 80 70 foy
897 1971 42 48 le
952 1977 231 44 caractere
1202 1975 115 44 d'vn
1320 1964 187 81 Efprit?
1521 1964 168 81 Quelle
1734 2008 2 3 :

457 2040 102 47 idée
571 2031 216 80 pouuons
798 2031 121 80 nous
932 2044 128 43 auoir
1071 2043 57 60 de
1142 2041 44 44 la
1204 2035 238 53 fubftance
1465 2038 235 69 fpirituel-

455 2103 204 66 le;finon
673 2109 169 67 qu’elle
852 2107 64 49 eft
929 2124 91 35 vne
1032 2098 132 83 chofe
1176 2098 85 83 qui
1281 2105 170 66 Penfe?
1467 2109 67 50 Et
1542 2108 166 69 quelle
1728 2122 13 23 :
