1776 2528
286 115 82 46 DE
407 110 796 54 LESVREVDELHOMME.
1326 121 98 44 I4

126 185 80 62 qui
220 178 144 50 Penſe
379 198 61 31 en
454 199 140 46 moy,
590 173 62 78 ne
658 177 178 57 ſeroit
848 185 137 62 point
999 181 110 49 auſſi
1123 182 250 61 Eſtendue,

129 249 106 47 bien
249 242 78 78 que
351 252 40 43 ie
403 267 54 28 ne
477 247 41 48 le
536 246 252 62 deſcouure
813 267 77 47 pas
914 267 194 36 encore;
1128 254 36 43 A
1181 253 122 63 quoy
1334 257 74 42 ic

129 318 101 63 n'ay
245 332 126 30 autre
385 315 137 48 choſe
537 314 26 48 à
576 313 249 68 reſpondre
840 314 375 67 preſentement,
1235 317 140 50 ſinion

133 401 88 46 que
233 386 41 43 ie
290 401 59 29 ne
361 381 181 69 diſpute
554 401 78 48 pas
648 387 298 43 maintenant
969 383 57 48 de
1046 386 120 56 cela,
1190 404 119 28 nous
1332 387 47 47 le

133 468 192 32 verrons
338 469 53 45 cy
403 448 154 68 apres:
570 454 115 43 mais
699 455 39 42 ie
752 448 105 66 ſcay
871 446 94 52 fort
981 453 109 47 bien
1104 470 89 48 que
1212 456 42 43 ie
1272 459 102 58 puis

132 515 215 69 ſuppoſer
371 517 110 64 qu'il
507 520 78 61 ny
615 536 25 27 a
660 535 151 29 aucun
830 524 170 65 Corps
1015 536 57 28 au
1097 519 204 58 monde,
1326 531 57 52 &

132 601 89 49 que
234 583 100 49 ſans
349 584 204 64 changer
569 598 116 30 cette
697 580 290 68 ſuppofition,
1030 588 40 43 ie
1086 602 59 32 ne
1158 585 124 48 laiſſe
1296 606 76 46 pas

135 650 157 48 ceſtre
316 653 172 44 certain
513 665 93 49 que
629 653 40 42 ie
697 647 88 49 ſuls
818 666 90 35 vne
940 649 137 49 choſe
1108 651 81 65 qui
1210 653 167 57 Penſe.

138 722 192 46 Partant
343 715 42 49 ie
399 717 190 48 concfus
602 716 57 48 de
680 732 105 32 tout
801 736 48 28 ce
881 714 228 58 diſcours;
1125 725 264 61 premicre-

119 777 163 81 ment,
291 803 85 48 que
396 801 118 32 cette
524 782 314 70 propoſition,
859 788 57 52 (ie
929 777 153 81 penſe,
1087 788 86 47 doc
1192 783 41 71 ie
1245 786 145 62 ſuis,
1354 777 28 81 )

138 853 57 47 eſt
209 854 41 47 la
264 858 223 63 premiere
499 851 276 51 concluſion
791 856 199 45 certaine
1002 859 79 58 qui
1101 853 47 49 ſe
1168 854 216 68 preſente

140 918 22 49 à
176 941 108 30 ceux
296 926 81 62 qui
390 914 277 78 conduiſent
680 919 124 50 leurs
820 918 184 69 penſces
1028 941 80 47 par
1137 927 161 55 ordæe,
1327 934 49 40 &

142 994 77 60 qui
247 990 94 48 leur
381 987 231 50 decouure
632 988 257 48 Pexiſtence
910 989 57 48 de
989 990 205 67 quelque
1219 991 165 55 choſes

141 1059 359 55 Secondement,
519 1074 92 49 que
633 1074 119 30 mon
775 1062 145 52 Ame,
948 1056 98 47 ceſt
1068 1056 25 49 à
1113 1061 125 55 dire,
1258 1076 127 31 cette

141 1119 233 54 ſubſtance
389 1129 82 62 qui
487 1122 144 50 Penſe
652 1143 58 29 en
730 1143 132 45 moy,
876 1124 60 47 eſt
957 1124 100 67 plus
1080 1124 114 49 aiſce
1205 1126 32 47 à
1256 1146 128 29 con-

140 1191 167 48 noiſtre
321 1192 146 68 quele
492 1198 177 60 Corps,
694 1210 64 28 ou
779 1208 92 49 que
895 1192 42 45 la
963 1189 236 50 ſubſtance
1210 1194 174 48 Eſten-

141 1257 113 59 due,
259 1253 197 78 puiſque
476 1259 62 48 les
552 1260 162 47 doutes
729 1259 63 47 les
803 1257 107 67 plus
921 1258 463 69 Hyperboliques
1307 1253 78 78 ne

141 1321 260 66 ſcauroient
426 1346 76 29 me
524 1324 112 51 faire
656 1328 165 46 douter
843 1327 57 46 de
923 1324 84 49 ſon
1041 1326 254 60 exiſtence;
1327 1338 56 40 &

142 1408 90 49 que
254 1398 39 44 ie
317 1412 166 30 trouue
504 1413 99 31 vne
619 1393 186 49 infinité
837 1395 57 47 de
925 1399 257 62 proprietez
1215 1396 55 48 de
1298 1415 83 30 ma

139 1459 192 63 penſce,
347 1479 145 31 auant
547 1481 60 29 que
636 1466 40 43 ie
700 1461 148 67 puiſſe
870 1459 171 68 ſonger
1072 1460 254 52 ſculement
1350 1464 31 52 à

144 1520 215 82 chercher
363 1529 143 50 celles
549 1544 33 33 du
603 1536 175 61 Corps;
805 1533 71 44 En
897 1527 253 51 troiſieſme
1172 1532 105 56 lieu,
1288 1549 96 49 que

141 1589 132 49 Vidée
286 1592 56 46 de
357 1593 42 45 la
417 1595 197 58 Penſce,
632 1606 44 39 &
693 1598 111 46 celle
816 1599 57 45 de
892 1585 270 75 VEſtendué,
1175 1597 104 48 ſont
1294 1616 91 29 én-

142 1663 245 44 tierement
401 1660 290 59 diffetentes,
711 1669 100 58 puis
834 1681 91 48 que
949 1669 40 42 ic
1010 1670 99 59 puis
1131 1669 256 43 conceuoir

144 1724 131 50 Vidée
288 1728 56 46 de
359 1727 43 47 la
417 1723 200 60 Penſe,
628 1732 202 42 enniant
843 1728 173 45 meſme
1029 1727 163 63 qu'iliy
1212 1734 63 39 ait
1295 1748 89 28 au-

144 1809 116 33 cune
273 1792 239 52 ſubſtance
527 1794 253 54 Eſtenduẽ;
807 1803 44 39 &
876 1791 185 50 enſimie
1079 1792 199 49 conclus
1291 1813 94 49 que

146 1876 116 33 cette
273 1862 100 48 idèe
385 1864 57 47 de
457 1863 41 47 la
513 1861 171 50 Penſee
698 1882 59 30 ne
770 1861 123 51 meſt
908 1857 136 73 point
1056 1866 150 47 venũe
1221 1881 78 48 par
1321 1864 68 49 les

144 1925 136 61 ſens,
307 1929 195 69 leſquels
523 1949 59 31 ne
601 1950 119 28 nous
747 1929 310 68 repreſentent
1090 1933 163 45 iamals
1283 1936 103 49 rien

143 2011 95 97 —
251 1999 30 44 d
284 1998 231 50 Eſtendu.
543 2005 96 44 Ces
647 2013 163 54 quatre
824 1998 180 48 Veritès
1016 1996 107 66 ſont
1128 1996 70 67 les
1216 1995 174 68 quatres

166 2059 257 65 ondomens
437 2067 61 69 de
506 2084 105 35 tout
626 2087 48 43 ce
675 2059 220 80 Traittẽ.
921 2079 228 56 ———

1005 2209 30 48 ß
