1776 2528
475 95 80 58 49
652 95 85 38 9
764 87 550 55 07RALVTTVEI.

482 176 116 31 cette
622 157 307 63 queſtion,
874 148 79 78 ie
949 174 75 29 me
1045 172 301 49 contenteray
1377 155 58 48 de
1466 152 249 70 reſpondre

479 227 150 47 àceux
642 230 82 61 qui
746 230 211 42 tiennent
972 223 332 58 laffirmatiue,
1316 241 89 46 que
1426 221 191 69 puiſque
1628 222 84 49 fai-

479 312 47 28 re
546 312 65 29 vn
635 292 123 47 Eſtre
779 293 55 46 de
855 289 179 59 raifon,
1069 290 100 48 ceſt
1200 296 249 43 conceuoir
1481 291 43 46 le
1555 294 158 45 Ncant

480 358 104 49 ſous
610 360 43 46 ha
672 356 154 50 forme
846 360 57 46 de
925 358 185 62 l'Eſtre,
1138 358 34 47 il
1194 358 60 47 eſt
1277 356 265 69 impofſible
1564 375 92 51 que
1676 363 37 43 ic

511 426 112 48 uiſſe
645 430 160 43 iamais
828 430 294 62 apperceuoir
1153 424 43 47 le
1229 429 163 45 Ncant
1422 424 293 55 clairement;

483 493 112 49 d'od
609 494 32 47 il
655 491 187 50 venſuit
861 510 92 49 que
973 508 105 31 tout
1103 511 48 27 ce
1171 509 92 48 que
1282 495 41 43 ie
1343 497 192 57 congois
1556 494 159 57 claire-

484 577 138 33 ment
642 580 59 28 ne
720 576 108 52 peut
849 560 109 48 eſtre
981 557 132 49 Vide
1140 559 62 47 du
1223 561 200 54 Neant,
1458 565 116 42 mais
1608 561 111 48 celle

485 631 61 46 de
565 629 178 65 quelqu
754 620 129 78 Eſtre
916 627 182 55 actuel,
1129 644 64 29 ou
1220 627 63 46 du
1315 630 154 43 moins
1507 626 210 66 poffible.

486 695 115 50 Cela
616 694 148 48 eſtãnt
786 691 114 48 ainſi
921 690 186 67 ſupoſe,
1129 696 83 62 qui
1231 710 109 46 peut
1361 694 223 48 conteſter
1605 696 112 66 —

484 782 61 30 ne
566 759 143 51 ſuffiſe
727 761 57 46 de
803 763 201 63 pounoir
1037 762 249 44 conceuoir
1315 759 121 47 deux
1459 768 259 60 proprictes

485 834 414 61 reciproquement
914 826 129 47 Vone
1059 824 103 50 ſans
1173 825 177 59 lautre,
1359 845 125 48 pour
1503 830 218 48 conclure

467 895 212 68 qu'elles
695 910 203 50 peuuent
929 893 162 48 exiſter
1117 891 409 69 ſeparement,
1456 887 81 80 du
1560 902 166 44 moins

438 976 125 53 par
578 963 41 47 la
631 961 400 49 toute-Puiſſance
1052 963 58 46 de
1133 966 146 45 Dicu?
1308 966 49 43 Ie
1380 963 68 47 dis
1470 970 248 43 conceuoir

486 1031 58 47 de
557 1046 99 50 part
672 1039 44 38 &
731 1031 27 46 d
767 1032 139 45 autre
922 1039 43 38 &
981 1029 381 53 mutuellement;
1387 1035 90 43 Car
1490 1028 44 50 là
1547 1031 68 49 o
1626 1033 95 47 cela

487 1097 109 49 neſt
618 1116 79 48 pas
717 1101 298 64 reciproque,
1039 1114 186 31 comme
1246 1115 80 49 par
1354 1099 209 66 exemple
1593 1118 128 30 entre

487 1165 250 49 Veſtenduë
760 1174 49 39 &
826 1166 56 47 la.
890 1165 227 57 rondeur,
1142 1163 258 67 deſquelles
1422 1170 42 43 ie
1488 1171 101 61 puis
1611 1167 108 50 bien

489 1237 249 43 conceuoir
751 1234 42 46 la
813 1237 220 62 premiere
1053 1230 101 49 ſans
1173 1233 43 47 la
1237 1231 224 59 ſeconde,
1483 1238 115 44 mais
1619 1253 100 30 non

488 1318 77 47 pas
588 1301 43 46 la
654 1301 203 45 rondeur
881 1297 100 49 ſans
1002 1298 266 54 Veſtendu;
1297 1299 40 46 Il
1362 1298 185 51 Senſuit
1574 1300 145 51 ſeule-

485 1366 137 47 ment
634 1384 91 48 que
747 1365 43 47 la
812 1369 221 62 premiere
1052 1382 107 49 peut
1177 1366 114 48 eſtre
1311 1363 104 53 ſans
1431 1367 44 49 la
1494 1366 228 60 ſeconde,

490 1440 45 39 &
550 1450 99 29 non
662 1450 76 48 pas
755 1431 43 48 la
799 1431 210 48 ſeconde
1017 1430 96 50 ſans
1120 1433 53 46 la
1187 1438 244 60 premiere;
1448 1440 58 42 Et
1527 1434 191 67 qu'ainſi

468 1499 137 64 ilnya
617 1515 139 31 tout
769 1498 167 67 auplus
952 1499 450 65 quvnediſtinction
1425 1503 192 49 modals
1634 1513 86 42 en-

489 1583 66 32 tre
569 1585 68 28 ces
652 1566 118 49 deux
785 1564 177 50 choſes.
1014 1570 126 44 Mais
1150 1567 33 48 il
1202 1586 27 47 y
1251 1586 61 30 en
1328 1574 150 44 auroit
1491 1589 90 31 vne
1603 1571 117 49 reel-

484 1635 42 47 le
546 1632 33 50 ſi
608 1634 104 47 elles
733 1638 260 63 pouuoient
1026 1633 110 50 eſtre
1167 1646 228 40 conceuẽs
1417 1643 303 60 reciproque-

486 1719 135 31 ment
643 1702 122 49 Pvne
796 1700 100 51 ſans
926 1702 171 50 Fautre.
1172 1708 49 43 Si
1250 1721 116 30 vous
1401 1721 116 30 vous
1550 1702 169 52 ſouue-

485 1789 86 29 nez
594 1788 245 30 comment
851 1772 112 45 dans
977 1771 41 44 le
1035 1769 176 46 ſecond
1229 1767 223 70 Chapitte
1471 1791 115 29 vous
1607 1789 113 33 aues

485 1853 175 32 conceu
677 1853 92 28 vne
782 1833 136 48 choſe
940 1838 83 59 qui
1035 1831 167 62 Penſe,
1213 1841 109 43 auec
1347 1854 149 31 toutes
1508 1838 63 49 les
1584 1838 138 51 ſuites

480 1906 58 46 de
558 1902 44 50 ſa
625 1898 193 61 Penſce,
829 1894 206 78 pendant
1047 1919 92 48 que
1146 1894 115 78 vous
1276 1905 192 47 douties
1478 1924 166 33 encore
1654 1906 73 50 sil

481 1989 28 46 y
533 1975 130 45 auoit
684 1973 96 46 rien
802 1971 40 47 d
847 1969 201 50 Eſtendu
1070 1971 113 47 dans
1206 1972 40 46 le
1265 1972 212 59 monde,
1493 1993 224 49 pourrez-

482 2055 122 31 vous
617 2043 96 43 nier
726 2056 88 48 que
818 2054 125 34 vous
965 2040 247 44 conceuier
1228 2037 118 47 alors
1366 2038 45 50 la
1426 2041 171 51 Penfee
1616 2041 101 51 ſans

482 2101 291 73 VEſtendu?
787 2110 59 63 Et
858 2107 535 67 nexperimentes
1257 2097 128 85 vous
1404 2128 80 50 pas
1496 2128 93 48 que
1592 2097 119 85 vous

1536 2190 182 61 pouucs
