1776 2528
181 171 3 4 ..
269 118 84 52 DE
379 118 313 50 L'ESPRIT
736 119 80 50 DE
854 121 338 51 L'HOMME.
1282 131 89 59 *»

90 179 99 56 ‘fité
205 202 96 52 que
319 190 148 65 cequi
486 186 187 68 poffede
691 206 58 31 en
762 205 120 32 nous
902 189 45 48 la
966 187 169 51 faculté
1147 192 57 47 de
1223 191 120 67 pen-

105 252 92 61 fer,
221 264 47 40 &
328 259 49 44 qui
395 254 60 48 eft
476 256 42 47 le
538 259 198 62 premier
752 254 117 67 fujet
887 258 114 47 dans
1016 257 325 68 lequel.toutes

104 339 86 32 nos
209 321 185 68 penfees
417 341 58 31 en
496 324 262 67 particulier
778 322 109 50 font
907 333 178 56 receuës,
1099 323 129 60 foit
1247 345 95 31 vne

103 386 237 54 fubftance
359 411 13 34 ;
391 391 378 67 Etpartantbien
788 409 223 49 quenous
1025 411 59 30 ne
1097 390 243 65 fçachions

103 475 76 50 pas
192 476 177 32 encore
380 458 66 49 de
460 459 329 68 quellenature
806 469 45 39 &
878 460 251 70 condition
1149 459 86 49 elle
1258 461 85 58 eft,

102 542 118 32 nous
250 545 61 30 ne
348 543 220 51 pouuons
601 531 237 62 pourtant
875 529 169 46 douter
1086 543 94 50 que
1218 543 120 33 nous

102 595 274 64 k'ayons-en
397 586 121 77 nous
524 586 345 77 vnefubftance
885 597 82 62 qui
987 591 162 67 penfe,
1171 598 83 60 qui
1277 595 62 47 eft

102 678 47 30 ce
171 672 151 54 qu’on
342 652 179 78 appelle
527 674 236 33 l’Ameou
787 656 184 69 l'Efprit
992 660 58 47 de
1060 671 284 38 l'Homme.

105 730 64 45 La
192 726 200 51 feconde
415 724 137 51 chofe
584 726 114 68 qu'il
728 724 99 51 faut
854 725 258 50 confiderer
1133 764 14 21 ,
1169 726 61 49 eft
1250 745 91 47 que

102 791 85 52 foit
206 812 93 51 que
323 811 120 32 cette
462 793 239 51 fubftance
719 799 83 62 qui
830 791 137 69 penfe
990 791 91 52 foit
1103 812 94 32 vne
1208 793 132 50 mef-

103 877 73 34 me
199 861 137 51 chofe
357 880 110 31 auec
489 862 113 49 celle
618 866 88 63 qui
730 861 60 49 eft
819 861 213 50 eftenduë
1051 899 15 21 ,
1095 878 95 50 que
1216 880 122 30 nous

103 923 293 79 appellonsle
395 923 152 79 Corps
567 928 117 61 ;foit
705 929 168 67 qu’elle
897 927 160 52 enfoit
1077 927 260 69 differente,

102 1012 114 34 nous
230 998 43 49 la
285 998 310 49 connoiflons
603 996 211 68 pluftoft,
825 1006 44 39 &
880 1015 123 30 nous
1019 990 204 78 fommes
1226 990 111 78 plus

86 1059 207 77 affeurez
306 1068 69 47 de
388 1063 90 51 fon
493 1059 235 77 exiftence
746 1102 14 21 ,
787 1074 53 49 &
855 1065 127 48 de.ce
1001 1064 170 68 qu'elle
1193 1065 62 47 eft
1277 1083 60 31 en

101 1145 95 37 tant
209 1134 170 67 qu’elle
389 1130 378 70 penfe,quenous
780 1130 325 50 nelefommes
1118 1132 233 66 duCorps:

101 1215 59 32 ou
186 1202 58 47 de
272 1201 45 48 la
334 1199 249 50 fubftance
615 1198 229 48 eftenduë.
882 1204 142 43 Cette
1056 1196 144 49 verité
1220 1197 60 47 eft
1300 1195 35 49 fi

99 1265 155 62 claire,
269 1286 102 51 que
384 1266 240 51 Meflieurs
648 1264 238 68 Gaffendy
905 1274 50 40 &
983 1264 42 49 le
1045 1270 138 60 Roy,
1201 1282 135 50 quoy

97 1348 65 98 ge
164 1332 203 118 ennemis
400 1334 206 51 declarez
621 1333 112 50 dela
745 1331 362 70 Metaphyfique
1118 1333 57 48 de
1190 1338 145 45 Mon-

117 1417 91 34 ieur
221 1403 262 58 Defcartes,
503 1421 59 31 en
579 1400 108 51 font
706 1402 244 49 demeurez
969 1401 230 49 d'accord.
1215 1401 120 48 C'eft

96 1483 248 54 pourquoy
364 1471 473 66 ien’entreprendrois
848 1488 80 49 pas
947 1468 113 49 dela
1069 1486 217 50 prouuer,
1294 1466 41 49 fi

98 1536 38 46 le
164 1536 181 65 penfois
375 1556 94 49 que
496 1554 106 32 tous
625 1556 120 29 ceux
769 1542 93 63 qui
892 1552 232 52 pourront
1153 1535 83 48 lire
1264 1534 71 49 céc

98 1600 168 60 Ecrit,
291 1605 175 47 euffent
498 1621 283 49 auparauant
814 1604 73 48 leu
915 1602 65 50 fes
1005 1605 327 49 Meditations;

101 1669 118 50 Mais
240 1670 234 48 commeil
489 1672 97 43 s'en
598 1663 167 78 pourra
770 1663 192 78 trouuer
972 1671 260 66 quelqu'vn
1251 1670 84 62 qui

99 1749 55 33 ne
176 1737 62 48 les
259 1756 107 31 aura
387 1755 79 50 pas
488 1742 166 50 veuës,
677 1743 45 38 &
739 1736 191 64 qu'ileft
950 1739 384 57 tres-important

99 1801 54 48 de
172 1803 109 51 bien
303 1805 181 50 eftablir
506 1819 118 33 cette
637 1798 145 53 verité
795 1803 310 64 ,ierepcteray
1117 1801 72 62 icy
1204 1794 132 51 fom-

99 1875 272 48 mairement
383 1889 104 33 tout
499 1891 51 28 ce
561 1870 115 69 qu'il
696 1871 104 48 adit
822 1865 514 68 encelieu-là,quipeut

100 1932 132 55 feruir
242 1940 27 48 à
279 1939 84 51 fon
377 1939 370 51 eftabliffement.

164 2009 120 45 Lors
297 1994 66 87 que
377 2010 110 49 l’on
523 2004 98 52 s’eft
643 2023 92 32 vne
754 2000 90 52 fois
868 1999 260 78 determiné
1153 1998 26 48 à
1203 2000 134 49 cher-

102 2069 101 49 cher
222 2089 92 31 vne
326 2072 352 53 veritéaffeurée
689 2068 397 54 danslesfciences
1100 2103 14 21 ,
1137 2065 201 69 laquelle

78 2133 79 81 ne
167 2137 149 68 püifle
339 2141 109 49 eftre
468 2140 212 53 ébranlée
690 2158 241 52 paraucun
944 2133 166 81 doute,
1117 2133 123 81 pour
1250 2157 92 50 pe-
