1776 2528
460 132 39 47 g
881 119 451 55 TRAÏÎTTE
1610 155 2 2 |

464 199 112 49 bien
598 192 112 52 loin
719 193 155 48 toutes
895 191 58 48 les
964 190 181 68 efpeces
1167 208 94 51 que
1272 191 121 49 nous
1406 191 59 48 en
1469 182 135 81 auons
1638 186 98 63 rez-

466 270 131 42 ceuës
616 260 284 68 iufques-icy
916 296 14 21 ,
946 268 45 55 &
1006 277 119 31 nous
1138 259 269 49 recucillans
1427 260 117 49 dans
1557 259 160 48 l’inté:

464 335 121 43 rieur
607 330 58 47 de
683 328 155 50 noftre
861 324 271 52 confcience
1152 347 17 39 ,
1190 331 280 45 examinons
1500 347 50 28 ce
1570 338 149 55 qu'vn

462 397 188 60 chacun
688 397 76 48 de
784 414 122 31 nous
938 399 312 64 experimente
1289 414 59 31 en
1388 393 81 68 foy
1487 392 232 50 -mefme.

466 469 142 45 Nous
635 463 155 50 ferons
804 455 192 79 dautant
1010 461 114 69 plus
1145 462 199 48 affeurez
1357 462 113 49 dela
1490 459 147 52 verité
1662 462 59 47 de

468 551 72 29 ces
567 535 300 63 Experiences
891 567 15 21 ,
929 546 93 51 que
1042 547 120 31 nous
1185 548 60 29 en
1263 527 161 51 ferons
1442 527 299 52 nous-mef-

465 618 99 32 mes
589 599 62 48 les
673 602 203 45 ouuriers
893 607 34 38 &
950 598 62 46 les
1026 595 254 61 tefmoins,
1305 605 45 40 &
1374 615 120 29 nous
1508 596 62 48 les
1585 613 156 32 trou--

467 683 173 32 uerons
661 655 329 79 d’autant-plus
1000 700 198 21 faciles,
1224 680 93 49 que
1342 681 119 49 pour
1481 665 62 46 les
1557 662 167 50 obfer-

467 751 82 31 uer
571 750 120 32 nous
712 750 60 33 ne
793 728 155 50 ferons
967 748 79 48 pas
1070 729 191 67 obligez
1276 729 67 68 de
1350 728 155 50 fortir
1530 732 61 46 de
1609 732 140 46 chez:

465 818 150 41 nous,
638 818 65 47 ny
724 797 286 68 d'employer
1031 797 198 47 d’autres
1251 796 279 52 inftrumens
1555 815 93 51 que
1669 817 75 29 ce.

467 863 180 67 mefme
679 855 149 83 Efprit
864 882 94 49 que
993 882 119 31 nous
1151 862 221 52 tafchons
1404 866 83 49 dé.
1503 869 237 57 connoi-

467 935 111 48 ftre:

540 1004 132 47 Pôur
703 1019 30 46 y
761 1004 216 65 paruenir
1005 1018 119 33 nous
1148 1000 162 52 difons
1333 1005 384 65 premierement,

466 1078 99 60 que
586 1088 81 49 par
688 1069 182 69 l'Efprit
890 1070 345 60 del'Homme;
1248 1065 119 77 nous
1379 1065 264 77 entendons
1665 1088 52 30 ce

465 1142 211 65 principe
704 1141 219 46 interieur
950 1139 59 48 de
1035 1153 152 34 toutes
1219 1157 88 30 nos
1342 1137 375 59 connoiffances,

466 1208 62 46 dé
539 1224 86 31 nos
641 1210 194 64 appetits
850 1244 14 21 ,
877 1216 46 40 &
936 1207 59 48 de
1014 1224 88 31 nos
1116 1205 259 60 volontez:,
1424 1205 102 49 parlé
1538 1222 180 49 moyen

467 1273 179 66 duquel
666 1291 121 30 nous
797 1270 277 69 prodüifons
1089 1289 162 32 toutes
1263 1291 97 30 nos
1370 1222 245 121 Énétions
1629 1275 115 64 qui:

469 1337 265 51 enferment
746 1340 214 66 quelque
979 1338 162 67 penfée
1161 1376 15 22 ,
1200 1348 45 40 &
1271 1333 116 79 dans
1388 1333 170 79 lequel
1575 1358 141 30 com+

468 1412 80 41 me
565 1407 115 47 däns
699 1399 321 77 leur-premier
1032 1399 125 77 fujet
1163 1399 264 77 ellés:fônt
1445 1399 166 77 toutes
1641 1425 76 30 re

470 1479 159 41 ceuës..
667 1476 51 43 Îé
731 1490 64 32 ne
812 1471 217 68 m'eftens
1053 1467 135 78 point
1201 1478 78 59 icy
1285 1473 38 48 à
1335 1484 118 40 vous
1476 1475 242 66 expliquer
1744 1490 3 3 :

469 1539 102 68 plus
595 1557 58 30 au
671 1539 122 67 long
813 1538 45 49 la
877 1555 162 32 nature
1061 1540 58 47 de
1138 1558 50 28 ce
1205 1544 208 64 principe
1407 1534 27 78 ,
1470 1539 34 50 fi
1526 1542 102 47 c’eft
1650 1559 67 32 vn

470 1626 161 51 corps,
653 1625 64 31 ou
738 1625 95 32 vne
848 1604 251 53 fubftance
1112 1609 356 61 immaterielle:,
1486 1627 74 31 ou
1559 1600 160 81 feule-

466 1683 149 42 ment
632 1675 43 48 la
694 1672 151 68 façon
862 1694 64 44 ou
955 1675 43 49 lé
1025 1676 145 49 mode
1191 1677 111 50 d’ÿn
1323 1696 164 45 corps,
1527 1694 192 30 comme

469 1741 249 53 Monfieur
742 1745 44 47 le
807 1750 154 60 Roy'a
984 1744 78 50 crû
1086 1745 116 65 qu'il
1227 1746 202 62 pouuoit
1445 1740 139 55 eftre;
1603 1746 48 44 Ie
1667 1742 51 48 le
1719 1736 27 78 :

467 1809 127 66 féray
616 1812 115 46 dans
757 1812 45 46 là
822 1811 160 49 fuicre;
1007 1815 48 40 Ie
1068 1807 142 47 défite
1223 1807 258 51 feulément
1492 1828 94 48 que
1598 1827 117 33 vous

468 1877 286 50 confideriez
770 1880 71 61 icy
862 1877 118 46 deux
1002 1872 156 51 chofes
1183 1897 10 28 :
1207 1876 63 49 la:
1285 1881 250 65 premiere,
1560 1894 93 51 que
1667 1896 50 29 ce

432 1939 239 124 principe
691 1937 103 78 doit
800 1942 117 49 eftre
931 1941 453 52 vnefubftance:Car
1394 1947 101 62 puis
1506 1961 209 50 quetout

490 2023 25 37 é
531 2012 181 50 mondé
735 2016 301 46 conuient-en
1046 2032 52 27 ce
1118 2017 164 61 point,
1304 2005 66 77 que
1384 2009 68 50 la
1473 2010 239 53 fubftance

468 2080 115 46 neft
615 2085 99 44 rien
745 2097 129 32 autre
905 2077 138 51 chofe
1087 2086 100 57 que
1211 2078 45 47 le
1281 2070 199 79 premier
1496 2079 206 66 fujet-de

465 2145 212 69 quelque
695 2145 322 73 propricté:
939 2136 73 87 ou
1041 2144 239 65 accident,
1297 2145 38 51 il
1351 2143 183 76 faut
1461 2136 73 87 de
1553 2143 159 73 necefz

711 2251 10 14 +
