1776 2528
351 122 84 48 DE
486 116 421 57 L'ÉSPRITDE
952 113 318 56 LHOMME
1411 128 41 57 3°

194 202 66 35 tès
300 187 63 50 lés
412 192 213 45 matieres
668 188 58 48 de
754 187 43 48 la
823 185 329 69 Philofophie,
1173 187 44 48 il
1227 188 90 65 n'y
1334 208 102 31 ena

190 271 225 53 pourtant
437 272 177 32 aucune
633 256 120 48 dont
771 254 34 49 il
829 273 189 30 nenous
1042 259 64 44 ait
1127 251 148 71 appris
1294 255 27 49 à
1334 255 99 50 fur-

190 342 191 31 monter
395 325 71 47 les
487 323 288 58 difficultez,
838 322 96 48 cela
962 321 44 49 fe
1035 340 246 31 rencontre
1302 329 133 61 prin-

190 392 360 67 cipalement'en
574 391 196 66 celle-cy
794 412 12 30 :
838 396 94 44 Car
952 390 109 48 bien
1082 391 112 64 qu'il
1223 394 111 46 n'ait
1363 396 70 45 ia-

188 464 119 43 mais
327 457 73 50 fur
422 458 95 49 cela
539 458 179 49 declaré
740 451 306 57 entierement
1066 455 45 50 fa
1131 456 190 68 penfée;
1343 457 90 52 foir

189 542 120 52 pour
330 527 145 48 laiffer
498 527 207 65 quelque
730 523 165 65 fujer
843 519 40 79 à
908 523 70 49 fes
1009 519 222 123 Difeiples
1269 523 72 52 fur
1358 528 76 48 le-

190 594 113 66 quel
324 594 55 47 ils
396 593 221 66 peuflent
628 608 177 30 exercer
826 590 101 47 leur
943 588 164 69 efprit,
1148 596 69 42 foit
1238 611 119 47 pour
1372 613 64 31 ne

188 678 81 49 pas
283 660 192 47 donner
495 659 271 64 dauantage
777 654 196 70 deprife
993 675 88 30 aux
1102 658 255 50 calomnies
1377 663 59 46 de

187 725 68 51 fes
277 731 221 49 enuieux,
520 726 33 48 il
577 727 76 47 n’a
679 742 90 51 peu
799 721 222 52 toutefois
1054 743 56 29 en
1120 726 161 64 parler
1299 724 35 52 fi
1354 727 81 62 fo:

189 794 243 59 brément,
492 794 86 48 qu'il
597 812 61 31 ne
684 810 120 31 nous
819 796 64 44 ait
909 790 124 51 laiflé
1054 790 218 70 plufieurs
1304 808 129 37 mar-

191 880 113 50 ques
317 858 129 54 dans
458 812 54 98 ês
555 859 194 60 Efcrits,
763 878 78 50 par
861 858 65 50 où
946 878 118 30 nous
1078 878 217 50 pouuons
1313 863 119 52 aflez

189 928 225 51 aifément
426 928 327 51 reconnoiftre
771 944 246 33 comment
1029 928 34 48 il
1083 945 58 32 en
1153 935 152 44 auroit
1316 950 114 50 par-

190 996 69 60 lé,
280 999 71 48 s’il
374 1017 59 30 en
452 1002 130 44 auoit
591 996 157 50 voulu
767 993 171 53 efcrire.
996 1000 123 45 Mais
1135 1011 129 54 quoy
1259 989 84 80 que
1366 1005 60 44 ie

190 1059 133 78 croye
335 1067 72 47 les
430 1069 132 45 auoir
581 1071 299 62 apperçeuës,
909 1065 90 47 l'en
1022 1070 152 42 aurois
1201 1067 231 50 renfermé

188 1132 44 48 la
254 1133 332 49 connoiffance
604 1133 117 47 dans
739 1129 398 69 moy-mefme,
1077 1125 61 80 fi
1157 1131 46 51 la
1212 1135 149 66 gloire
1370 1137 61 47 de

161 1218 148 31 «mon
331 1200 190 48 Maiftre
536 1222 32 36 ,-
583 1199 43 48 le
637 1199 178 48 deffein
827 1200 64 46 de
913 1199 142 66 plaire
1075 1198 161 49 à-ceux
1257 1206 83 62 qui
1360 1207 69 44 ai-

187 1285 135 32 ment
342 1266 47 51 fa
410 1271 258 55 memoire,
693 1275 45 40 &
760 1267 50 67 la
822 1262 245 72 deference
1080 1258 107 128 que
1206 1270 85 65 j'ay
1311 1288 119 48 pour

187 1352 98 32 mes
310 1341 145 54 amis,
477 1355 59 30 ne
556 1336 63 48 les
637 1353 58 31 en
717 1332 504 70 auoit-tirées-prefque
1248 1336 182 68 malgré

186 1419 131 50 moy.
358 1409 155 44 Outre
533 1422 70 30 ces
638 1400 184 52 raifons
837 1404 90 65 j'ay
948 1402 80 49 crû
1049 1402 108 48 eftre
1178 1404 162 68 obligé
1371 1407 60 48 de

184 1464 189 77 publier
386 1491 50 28 ce
445 1469 204 61 Traitté,
663 1489 126 48 apres
804 1490 50 29 ce
874 1488 93 49 que
986 1468 243 52 Monfieur
1243 1470 188 51 Clerfe-

187 1536 108 55 lier,
318 1536 25 47 à
363 1542 81 60 qui
463 1539 90 47 j'en
570 1542 128 44 auois
713 1536 93 51 fait
828 1542 105 46 voir
953 1538 207 68 quelque
1182 1538 163 59 chofe,
1370 1558 57 29 en

185 1618 30 30 a
221 1601 82 48 dit
323 1602 115 48 dans
469 1605 39 46 la
523 1602 223 62 Preface,
770 1615 46 39 &
840 1625 50 29 ce
910 1621 99 52 que
1022 1608 90 46 j'en
1127 1624 61 47 ay
1209 1608 72 47 dit
1311 1624 118 47 moy

186 1665 177 52 mefme
377 1669 239 48 dansimes
646 1671 401 67 Remarques-fur
1064 1673 254 47 l'Homme
1369 1674 60 47 de

188 1733 245 53 Monfieur
454 1731 237 55 Defcartes,
709 1736 140 57 afin
876 1738 60 44 de
961 1736 204 64 dégager
1194 1736 45 45 fa
1266 1740 161 62 parole

187 1803 114 49 &'la
322 1809 287 54 mienne,-&
603 1795 141 72 faire
765 1795 279 72 connoiïftre
1079 1800 269 52 clairement
1380 1807 45 50 la

185 1887 103 51 part
300 1888 114 53 que
438 1873 150 65 prend
606 1869 285 71 l'Efprit
821 1865 81 80 de
928 1870 251 49 l'Homme
1207 1871 114 50 dans
1362 1873 63 53 les

186 1956 310 35 mouuemens
527 1937 165 51 defon
714 1958 157 30 corps.
916 1943 219 63 Et:pour
1147 1951 151 37 entrer
1324 1943 100 49 d’a-

188 2005 121 51 botd
341 2027 58 31 en
429 2011 191 46 maticre
646 2044 14 23 ,
692 2016 46 40 &
793 2010 91 44 faire
913 2009 104 45 voir
1046 2005 42 46 le
1121 2003 110 67 plan
1262 2008 59 48 de
1352 2010 72 51 céc

189 2077 267 64 Ouurage,
489 2080 142 62 voicy
664 2090 243 35 comment
938 2076 42 47 ie
1009 2070 43 50 le
1082 2070 239 74 diuiferay,
1376 2084 50 45 Ie

182 2135 135 76 airay
331 2147 392 63 Premierement,
750 2163 58 33 en
829 2160 129 52 quoy
979 2133 192 131 contfe
1192 2141 42 51 la
1262 2163 166 38 nature

1203 2230 30 48 1]
