1776 2528
521 84 399 55 PREFACE.

83 155 403 70 “quetoutes'les
506 157 352 67 operations.
796 150 60 79 de
887 154 186 70 l'Efprit
1104 156 107 50 font
1227 159 79 49 des

127 222 226 70 -penfées,
386 243 134 49 parce
550 224 174 65 qu'elle
737 223 44 49 fe
809 241 247 33 rencontre
1078 244 56 29 en
1157 242 146 33 toute.

136 297 122 44 Lors
277 309 91 49 que
391 295 86 61 ray
493 289 216 69 expliqué
722 311 48 27 ce
783 310 90 49 que
886 291 101 49 c’eft
1011 290 296 69 qu'vnefub-

104 359 188 49 ‘ftance
308 353 82 78 qui
399 353 163 78 penfe,
588 361 86 62 iay
689 358 67 49 dit
768 376 91 50 que
871 359 101 48 c’eft
983 377 89 31 vne
1096 358 211 51 fubftan-

107 430 173 66 .Cequi
303 430 245 64 s'aperçoit
570 426 57 47 de
655 441 150 33 toutes
830 426 63 48 fes
919 430 181 44 aétions
1123 436 44 38 &
1202 426 104 68 paf-

127 492 161 59 fions,
320 504 45 38 &
388 492 348 68 generalement
758 495 57 46 de
839 510 104 31 tout
966 512 49 28 ce
1035 492 138 67 quife
1186 494 119 65 pañfe

136 580 59 30 en
225 561 86 48 elle
331 562 406 47 immediatement
764 569 54 38 &
844 578 100 30 non
963 578 86 49 pas
1069 578 78 48 par
1173 558 130 50 refle-

134 633 132 54 xion.

199 700 61 43 Si
291 695 41 47 le
353 694 180 69 paffage
591 698 47 43 qui
655 693 65 47 eft
733 693 193 68 raporté
944 713 79 48 par
1056 693 245 51 Monfieur

130 762 244 49 Clerfelier
416 760 111 50 dans
556 710 46 98 ê
642 757 178 55 Preface
856 760 72 49 fur
960 761 249 49 l'Homme
1244 764 58 46 de

134 828 243 51 Monfieur
383 865 275 20 Defcartes,
681 822 275 78 permettoit
955 822 235 78 dedouter
1208 847 92 49 que

131 898 94 47 cela
248 916 58 29 ne
326 895 87 50 foit
441 892 243 51 conforme
705 893 25 48 à
752 897 41 46 la
809 895 163 68 pensée
993 897 113 47 deS.
1130 899 169 64 Augu-

131 962 87 49 ftin
233 984 84 38 ,en
332 968 135 60 voicy
484 979 200 32 vnautre
695 968 82 60 qui
789 963 183 49 ofteroit
988 981 101 29 tous
1103 963 59 47 les
1174 962 124 49 fcru-

129 1031 125 64 pules
268 1034 147 64 qu’on
427 1048 55 29 en
495 1033 206 61 pourroit
718 1035 129 43 auoir
862 1068 12 20 ,
888 1031 31 46 il
931 1030 59 47 ft
1004 1031 111 46 dans
1128 1030 41 47 le
1181 1027 114 50 mef-

127 1099 201 47 meliure
348 1100 56 46 dé
424 1094 184 68 l'Efprit
633 1105 36 39 &
691 1099 66 46 de
777 1098 178 56 l’Ame,
971 1096 35 48 à
1023 1096 267 67 peuprésen

128 1181 260 32 cestermes.
414 1169 101 60 Que
527 1164 127 63 celuy
672 1168 87 64 qui
771 1163 417 49 defirecennoiftre
1200 1163 82 47 l’ef.

126 1230 130 51 fence
279 1234 57 45 de
358 1230 86 50 fon
464 1229 150 68 Efprit
638 1267 13 19 ,
675 1235 158 57 rejette
867 1232 56 46 de
942 1229 130 49 l’idée
1096 1230 112 68 qu'il
1232 1248 58 30 en

125 1297 153 50 forme
300 1315 151 31 toutes
466 1299 60 46 les
551 1298 344 49 connoiffances
916 1298 112 70 qu'il
1051 1317 24 28 a
1074 1296 216 51 tirées.de

117 1366 175 48 dehors
304 1383 79 50 par
395 1366 65 47 les
479 1365 109 48 Sens
602 1366 55 47 de
670 1365 83 49 fon
769 1372 170 61 Corps;
958 1372 92 42 Car
1063 1381 150 32 toutes
1226 1364 63 48 les

122 1433 348 48 reffemblances
506 1441 44 40 &
580 1436 184 64 images
795 1434 76 47 des
893 1470 201 20 Corps,
1137 1448 151 32 toutes

122 1517 86 29 nos
237 1498 252 50 fenfations
509 1536 13 21 ,
552 1518 84 30 nos
658 1504 336 63 imaginations
1015 1536 14 21 ,
1057 1509 44 39 &
1124 1499 61 48 les
1206 1519 81 30 ve-

121 1563 206 66 ftiges
261 1559 74 79 de
354 1567 41 47 la
410 1571 260 54 Memoire,
694 1573 81 61 qui
790 1585 117 32 nous
919 1568 214 49 donnent
1144 1585 132 30 occa-

121 1629 106 50 fon
239 1630 57 48 de
309 1647 123 29 nous
441 1632 212 48 fouuenir
668 1635 76 46 des
757 1633 313 69 objetsquiles
1092 1649 193 32 onttra-

123 1699 95 57 cés,
253 1699 325 65 apattiennent
600 1697 24 46 à
644 1699 248 47 l'Homme
919 1705 246 49 exterieur,
1187 1698 100 45 c'elt

121 1762 23 51 à
143 1762 141 61 dire,
316 1763 25 49 à
363 1762 152 50 noftre
542 1763 158 67 Corps
727 1782 11 34 ;
763 1771 45 38 &
833 1781 48 29 ce
901 1781 59 30 ne
975 1763 114 46 font
1105 1761 180 66 quedes

122 1834 347 65 meffagersqui
499 1831 217 49 donnent
746 1829 213 50 occafion
981 1828 25 51 à
1029 1829 257 49 l'Homme

116 1903 222 46 interieur
365 1900 308 65 d'aperceuoir
684 1920 51 27 ce
746 1898 134 69 qui
823 1892 60 79 fe
894 1898 117 67 pafle
1024 1916 56 30 au
1100 1896 198 48 dehors.

124 1967 205 66 L’Efprit
350 1969 123 47 donc
495 1965 24 48 à
543 1970 80 63 qui
653 1970 98 44 rien
781 1968 112 46 n'eft
923 1966 33 47 fi
986 1959 179 78 prefent
1181 1959 103 78 que

122 2029 286 65 {oy-mefme
419 2052 77 50 par
511 2052 92 29 vne
615 2032 207 69 prefence
846 2036 241 46 interieure
1101 2039 44 37 &
1167 2045 128 31 tres

117 2097 225 64 æeritable
379 2101 44 48 fe
454 2106 103 48 voit
583 2119 66 45 en
670 2100 284 67 luy-mefme
969 2120 17 35 ;
992 2092 120 92 Car
1148 2095 150 55 eftant

1035 2185 16 43 f
1081 2183 48 47 ii

1318 1150 165 26 Remoueat
1500 1158 68 29 ergo
1585 1149 19 29 à

1317 1185 213 30 côfideratione
1539 1187 61 34 fuà,

1316 1233 100 19 omnes
1432 1227 137 32 notitias,

1315 1272 61 25 quæ
1399 1260 47 45 per
1459 1264 141 37 .corporis

1315 1299 93 29 fenfus
1422 1302 175 28 extrin{ecus

1316 1340 150 36 capiuntur
1484 1352 8 19 ;
1513 1350 62 28 quæ

1315 1387 123 29 namque
1459 1387 142 29 corpora-

1315 1416 42 27 lia
1368 1414 81 35 funt,
1470 1425 129 28 eorumq;

1315 1453 285 34 fimilitudines,fen-

1313 1491 64 34 fus,
1400 1495 28 25 &
1448 1493 150 36 imagina-

1313 1539 94 19 tiones
1429 1539 30 17 in
1480 1538 117 19 memo-

1312 1565 226 35 riainfixæ,cum
1551 1578 48 18 re—

1313 1605 147 28 cordando
1472 1608 125 27 remini-

1312 1641 114 29 fcuneur
1439 1664 10 12 ,
1468 1644 36 27 ad
1515 1655 82 18 exte-

1312 1682 108 26 riorem
1439 1680 158 34 -hominem

1313 1719 159 34 pertinent
1453 1715 25 47 ;
1486 1730 107 28 quam

1311 1764 87 28 quam
1418 1757 60 28 iftis
1496 1760 79 37 quafi

1312 1802 109 21 nuntiis
1435 1806 98 20 anima
1543 1809 54 18 ex=

1312 1833 108 28 teriora
1444 1838 151 35 percipiat,

1314 1871 83 29 Mens
1407 1873 71 38 ergd
1480 1876 54 26 cui
1544 1879 51 26 ni-

1312 1908 43 29 hil
1379 1911 92 38 feipsä
1489 1922 73 28 præ-

1313 1947 172 35 fenriuseft,
1502 1953 74 27 inte-

1313 1989 89 33 rioti,
1413 1999 55 17 non
1480 1991 117 27 fimula-

1313 2026 30 28 tà
1357 2047 8 12 ,
1383 2026 48 28 {ed
1442 2026 67 30 verä
1522 2038 73 26 præ-

1314 2064 91 29 fenriâ
1424 2066 79 27 vider
1519 2065 27 28 fe
1564 2069 32 25 in

1313 2103 27 29 fe
1351 2115 7 19 ;
1368 2103 85 28 Nihil
1472 2105 76 30 enjm
1564 2104 30 28 ta

1314 2143 83 28 nouit
1420 2151 79 20 mens
1508 2138 81 47 quarm
