1776 2528
569 96 386 53 PREEAOE.

169 157 155 83 viſion
328 157 346 83 intellectuelle
691 167 60 48 eſt
776 186 164 30 encore
959 166 101 68 plus
1084 166 144 49 noble
1249 186 90 50 que

126 229 84 56 la
223 234 278 68 ſpirituelle.
547 237 67 46 La
637 232 152 52 viſion
814 234 274 69 Corpòrelle
1115 253 59 31 ne
1201 233 137 65 ſcau-

164 306 93 46 roit
279 301 112 50 eſtre
412 302 101 50 ſans
535 301 43 50 la
602 301 278 69 ſpirituelle;
915 316 76 34 car
1010 302 116 47 dans
1148 302 42 47 le
1211 303 124 48 meſ-

161 387 80 32 me
268 373 221 46 moment
521 385 93 52 que
646 369 41 49 le
718 376 150 43 Corps
899 370 61 47 eſt
1005 368 171 48 touchè
1221 370 111 50 dans

156 436 268 68 quelquvn
442 438 58 50 de
519 436 64 50 ſes
606 435 124 60 ſens,
752 439 33 45 il
825 458 22 26 ſe
869 435 83 50 fait
977 436 205 69 quelque
1213 437 117 49 cho-

157 503 45 48 ſe
225 504 58 49 de
305 505 141 67 pareil
477 504 114 50 dans
619 503 216 67 VEſprit,
868 504 100 47 ceſt
997 506 26 46 à
1052 504 134 57 dite,
1216 504 113 49 dans

157 570 214 73 Forgane
398 572 58 48 de
490 563 341 92 limaginꝗtion
867 588 61 29 ou
957 570 62 77 du
1036 563 111 88 ſens
1193 586 135 40 com-

154 656 120 29 muñ,
286 640 119 65 Mui
421 637 59 48 eſt
506 635 252 50 ſemblable
779 656 25 27 à
826 656 49 28 ce
892 654 83 50 qui
996 634 43 49 ſe
1059 635 85 50 fait
1162 654 58 30 au
1243 639 85 47 de-

154 704 146 58 hors,
335 708 116 45 mais
478 708 82 65 qui
585 703 108 50 meſt
716 720 219 50 pourtant
970 722 75 48 pas
1076 702 43 49 la
1153 703 174 50 meſme

154 771 172 60 choſe;
356 775 141 46 Parce
516 782 116 56 que,
656 769 34 49 ſi
708 772 92 47 cela
825 771 160 57 eſtoit,
1008 787 115 32 cette
1146 773 178 64 impul-

153 837 101 58 ſion
267 845 84 60 qui
364 845 129 43 vient
504 841 61 47 du
576 839 195 57 dehors,
793 857 58 30 au
875 856 175 48 moyen
1040 832 63 77 de
1107 838 216 67 laquel-

153 905 43 49 le
227 901 117 54 nous
357 897 280 78 diſcernons
672 906 60 48 les
762 906 149 64 objets
942 909 279 55 extericurs,
1262 925 60 30 ne

150 979 212 59 pourroit
381 993 77 48 pas
502 973 204 66 Sapeller
741 971 136 60 ſens,
908 972 195 50 meſtant
1131 992 78 47 pas
1242 992 78 29 ac-

151 1040 291 68 compagnee
464 1042 56 47 de
537 1042 45 46 la
636 1038 128 50 penſce
794 1041 56 48 de
877 1040 185 54 lAme;
1095 1044 82 64 qui
1207 1041 112 47 meſt

148 1109 210 47 attachèc
376 1107 24 49 à
422 1127 49 29 ce
497 1113 81 60 qui
618 1128 22 27 ſe
656 1104 87 51 fait
765 1126 56 29 au
845 1109 203 56 dehors,
1071 1125 60 51 qu
1140 1111 178 65 entant

147 1174 118 65 qu'il
319 1176 62 46 eſt
428 1173 340 67 communiqué
815 1193 58 28 au
919 1173 97 49 ſens
1061 1190 253 44 commun;

145 1243 229 49 Drautant
394 1259 91 50 que
507 1262 49 28 ce
577 1241 109 48 meſt
710 1259 78 48 pas
818 1241 43 48 le
889 1246 150 62 Corps
1071 1244 84 63 qui
1185 1239 126 59 ſent,

145 1313 118 44 mais
285 1309 154 57 lAme
461 1328 79 49 par
572 1310 42 47 le
644 1315 187 60 Corps,
864 1308 176 68 duquel
1063 1308 84 48 elle
1166 1305 43 50 ſe
1226 1307 87 50 ſert

145 1393 190 32 comme
357 1378 110 48 d'vn
497 1377 257 68 meſſager,
792 1395 114 49 pour
937 1376 176 49 former
1141 1394 58 29 en
1230 1377 81 48 elle

141 1441 178 51 meſme
338 1443 141 49 leIdée
499 1446 57 47 de
573 1446 43 47 la
643 1442 137 50 choſe
804 1448 81 63 qui
921 1444 76 65 luy
1030 1443 60 47 eſt
1119 1460 190 31 annon-

142 1508 76 48 ce
250 1511 57 46 de
342 1511 183 49 dehors.
570 1517 68 42 La
667 1510 151 50 viſion
849 1510 279 68 Corporelle
1166 1529 59 29 ne
1267 1510 44 48 ſe

140 1589 111 49 peut
284 1577 124 47 donc
437 1576 113 50 faire
580 1579 100 47 ſans
720 1579 40 47 la
793 1577 281 69 ſpirituelle,
1106 1582 83 62 qui
1224 1595 86 49 par

140 1636 291 70 conſequent
445 1661 57 28 ne
522 1645 165 63 paroiſt
705 1665 80 47 pas
805 1644 242 49 differente
1067 1646 57 47 de
1144 1646 43 45 la
1203 1661 106 48 pre-

141 1712 176 54 miere,
356 1705 182 70 iuſques
558 1708 25 46 à
606 1727 47 32 ce
675 1726 91 46 que
791 1712 59 43 les
883 1710 99 46 ſens
1016 1710 166 46 ceſſent
1210 1710 99 44 da-

142 1779 108 61 gir,
285 1785 45 39 &
355 1791 92 50 que
480 1775 253 50 lHomme
760 1787 168 34 trouue
957 1776 113 45 dans
1105 1770 86 50 ſon
1222 1770 86 79 Eſ

139 1846 91 60 prit
258 1842 62 49 les
353 1847 177 62 images
562 1844 76 48 des
675 1838 155 54 choſes
864 1842 146 66 qu'on
1046 1855 260 61 aperceuoit

136 1925 283 50 auparauant
442 1929 79 48 par
555 1912 61 46 les
643 1909 131 53 ſens;
809 1915 121 45 Mais
958 1911 42 47 la
1028 1906 152 51 viſion
1211 1904 93 67 ſpi-

141 1976 178 49 rituelle
351 1995 108 49 peut
492 1978 109 48 bien
632 1978 107 47 eſtre
770 1975 101 49 ſans
910 1977 43 47 la
994 1973 307 67 Corporelle;

140 2057 185 33 comme
357 2045 91 49 lors
482 2064 91 49 que
605 2045 61 48 les
695 2048 177 63 images
902 2044 76 47 des
1024 2047 150 59 Corps
1215 2040 86 48 ab-

141 2105 101 72 ſens
290 2113 273 60 aparoiſſent
593 2113 25 50 à
649 2112 152 51 noſtre
830 2106 146 78 Eſprit
1007 2105 113 82 &
1151 2106 153 68 noſtre

1000 2194 32 44 ũ
1070 2193 49 50 iij

1366 170 35 28 tit
1411 168 43 30 ſed
1467 169 97 29 anima
1573 180 49 29 per

1365 217 102 28 corpus
1478 219 57 27 quo
1547 210 80 27 velut

1362 246 105 29 nuntiò
1484 249 90 26 vtitur
1585 248 37 28 ad

1361 283 187 31 formandum
1560 288 32 25 in

1361 321 26 29 ſe
1396 322 59 38 ipſa
1464 324 78 37 quod
1552 334 53 18 ex-

1361 360 135 30 triũſecùs
1504 372 70 18 nunt
1581 364 44 26 ia-

1359 408 53 20 tur.
1434 401 72 27 Non
1517 402 118 36 poteſt

1358 438 97 38 itaque
1466 438 62 28 fieri
1538 439 74 29 viſiò

1358 477 162 37 corporalis
1530 477 52 28 niſi
1593 478 54 38 ſpi-

1356 515 96 28 ritalis
1464 515 82 28 ſimul
1557 514 65 35 fiat,

1356 551 47 30 ſed
1413 563 58 18 non
1481 553 144 38 diſcerni⸗

1355 599 65 25 tur,
1439 591 53 28 niſi
1502 602 63 18 cum
1575 592 68 29 fue-

1353 630 39 27 tit
1405 629 91 29 ſenſus
1507 631 113 29 ablatus

1354 665 15 29 à
1378 677 137 29 corpore,
1532 678 30 19 vt
1572 670 33 28 id

1353 706 78 36 quod
1443 716 48 28 per
1500 717 102 28 corpus

1354 743 150 30 videbatur
1512 747 129 28 inũenia-

1351 790 45 19 tur
1408 783 29 26 in
1447 783 110 38 ſpiritu.
1570 787 40 26 At

1351 819 71 29 verò
1436 820 137 39 ſpiritalis
1588 825 50 27 vi-

1349 857 40 29 ſio
1398 860 89 27 etiam
1497 860 56 29 ſine
1564 871 69 17 cor-

1348 898 93 36 porali
1453 897 62 28 fieri
1532 900 104 36 poteſt,

1349 934 65 29 cùm
1425 935 163 30 abſentium

1348 983 151 28 corporum
1513 975 107 29 ſimili-

1347 1013 111 28 tudines
1469 1014 30 27 in
1508 1012 105 39 ſpititu

1345 1059 139 29 apparent
1498 1055 26 24 &
1541 1052 59 28 fin-

1344 1086 103 44 guntur
1458 1086 93 50 multa
1559 1101 54 27 pro

1344 1127 122 29 arbitrio
1480 1128 45 27 vel
1535 1138 97 27 prᷣeter

1342 1165 152 29 arbitrium
1506 1166 123 27 demon-

1342 1203 132 28 ſtrantur.
1488 1205 72 26 Item
1572 1204 58 38 ſpi-

1341 1241 93 28 ritalis
1447 1241 71 29 viſio
1528 1244 80 27 indi-

1339 1288 47 29 get
1400 1281 195 29 intellectuali

1342 1328 29 17 vt
1380 1318 192 37 dijudicetur:

1340 1356 215 30 Inteſlectualis
1570 1368 55 18 au-

1338 1403 56 19 tem
1406 1395 52 28 iſta
1470 1395 126 38 ſpiritali

1336 1443 59 17 non
1406 1434 160 37 indiget,
1530 1430 39 45 ac
1577 1444 49 27 per

1336 1470 57 29 hoc
1414 1471 128 38 ſpirſtalt
1556 1482 69 17 cõr-

1337 1510 126 36 poralis,
1475 1509 120 27 intelle-

1338 1547 90 28 ctuali
1440 1556 95 25 autem
1548 1557 75 20 vtra-

1336 1595 51 27 que
1396 1579 128 47 ſubjecta
1540 1586 49 28 eſt.
