<?xml version="1.0" encoding="UTF-8"?>
<alto xmlns="http://www.loc.gov/standards/alto/ns-v3#" xmlns:xlink="http://www.w3.org/1999/xlink" xmlns:xsi="http://www.w3.org/2001/XMLSchema-instance" xsi:schemaLocation="http://www.loc.gov/standards/alto/ns-v3# http://www.loc.gov/alto/v3/alto-3-0.xsd">
	<Description>
		<MeasurementUnit>pixel</MeasurementUnit>
		<sourceImageInformation>
			<fileName>			</fileName>
		</sourceImageInformation>
		<OCRProcessing ID="OCR_0">
			<ocrProcessingStep>
				<processingSoftware>
					<softwareName>tesseract v4.1.0-elag2019</softwareName>
				</processingSoftware>
			</ocrProcessingStep>
		</OCRProcessing>
	</Description>
	<Layout>
		<Page WIDTH="1776" HEIGHT="2528" PHYSICAL_IMG_NR="0" ID="page_0">
			<PrintSpace HPOS="0" VPOS="0" WIDTH="1776" HEIGHT="2528">
				<TextBlock ID="block_0" HPOS="91" VPOS="1680" WIDTH="8" HEIGHT="11">
					<TextLine ID="line_0" HPOS="91" VPOS="1680" WIDTH="8" HEIGHT="11">
						<String ID="string_0" HPOS="91" VPOS="1680" WIDTH="8" HEIGHT="11" WC="0.0" CONTENT="8"/>
					</TextLine>
				</TextBlock>
				<TextBlock ID="block_1" HPOS="120" VPOS="118" WIDTH="1261" HEIGHT="120">
					<TextLine ID="line_1" HPOS="268" VPOS="118" WIDTH="1113" HEIGHT="48">
						<String ID="string_1" HPOS="268" VPOS="129" WIDTH="80" HEIGHT="36" WC="0.55" CONTENT="DE"/><SP WIDTH="46" VPOS="129" HPOS="348"/>
						<String ID="string_2" HPOS="394" VPOS="118" WIDTH="425" HEIGHT="46" WC="0.28" CONTENT="LESPRIT"/><SP WIDTH="-100" VPOS="118" HPOS="819"/>
						<String ID="string_3" HPOS="719" VPOS="114" WIDTH="115" HEIGHT="60" WC="0.30" CONTENT="DE"/><SP WIDTH="30" VPOS="114" HPOS="834"/>
						<String ID="string_4" HPOS="864" VPOS="118" WIDTH="327" HEIGHT="48" WC="0.38" CONTENT="LHOMME."/><SP WIDTH="121" VPOS="118" HPOS="1191"/>
						<String ID="string_5" HPOS="1312" VPOS="120" WIDTH="69" HEIGHT="46" WC="0.60" CONTENT="21"/>
					</TextLine>
					<TextLine ID="line_2" HPOS="120" VPOS="182" WIDTH="1248" HEIGHT="56">
						<String ID="string_6" HPOS="120" VPOS="190" WIDTH="100" HEIGHT="48" WC="0.12" CONTENT="ces;"/><SP WIDTH="24" VPOS="190" HPOS="220"/>
						<String ID="string_7" HPOS="244" VPOS="203" WIDTH="72" HEIGHT="30" WC="0.92" CONTENT="cat"/><SP WIDTH="15" VPOS="203" HPOS="316"/>
						<String ID="string_8" HPOS="331" VPOS="182" WIDTH="34" HEIGHT="50" WC="0.91" CONTENT="ſi"/><SP WIDTH="18" VPOS="182" HPOS="365"/>
						<String ID="string_9" HPOS="383" VPOS="184" WIDTH="95" HEIGHT="48" WC="0.90" CONTENT="cela"/><SP WIDTH="15" VPOS="184" HPOS="478"/>
						<String ID="string_10" HPOS="493" VPOS="183" WIDTH="87" HEIGHT="54" WC="0.90" CONTENT="eſt,"/><SP WIDTH="16" VPOS="183" HPOS="580"/>
						<String ID="string_11" HPOS="596" VPOS="201" WIDTH="190" HEIGHT="31" WC="0.90" CONTENT="comme"/><SP WIDTH="15" VPOS="201" HPOS="786"/>
						<String ID="string_12" HPOS="801" VPOS="203" WIDTH="69" HEIGHT="29" WC="0.91" CONTENT="ces"/><SP WIDTH="15" VPOS="203" HPOS="870"/>
						<String ID="string_13" HPOS="885" VPOS="186" WIDTH="125" HEIGHT="48" WC="0.91" CONTENT="deux"/><SP WIDTH="15" VPOS="186" HPOS="1010"/>
						<String ID="string_14" HPOS="1025" VPOS="184" WIDTH="220" HEIGHT="49" WC="0.91" CONTENT="attributs"/><SP WIDTH="15" VPOS="184" HPOS="1245"/>
						<String ID="string_15" HPOS="1260" VPOS="184" WIDTH="108" HEIGHT="50" WC="0.92" CONTENT="ſont"/>
					</TextLine>
				</TextBlock>
				<TextBlock ID="block_2" HPOS="112" VPOS="250" WIDTH="1256" HEIGHT="70">
					<TextLine ID="line_3" HPOS="112" VPOS="250" WIDTH="1256" HEIGHT="70">
						<String ID="string_16" HPOS="112" VPOS="251" WIDTH="108" HEIGHT="50" WC="0.85" CONTENT="fort"/><SP WIDTH="21" VPOS="251" HPOS="220"/>
						<String ID="string_17" HPOS="241" VPOS="252" WIDTH="262" HEIGHT="53" WC="0.90" CONTENT="differents,"/><SP WIDTH="21" VPOS="252" HPOS="503"/>
						<String ID="string_18" HPOS="524" VPOS="252" WIDTH="62" HEIGHT="47" WC="0.91" CONTENT="les"/><SP WIDTH="24" VPOS="252" HPOS="586"/>
						<String ID="string_19" HPOS="610" VPOS="252" WIDTH="119" HEIGHT="50" WC="0.91" CONTENT="deux"/><SP WIDTH="21" VPOS="252" HPOS="729"/>
						<String ID="string_20" HPOS="750" VPOS="250" WIDTH="257" HEIGHT="51" WC="0.91" CONTENT="ſubſtances"/><SP WIDTH="25" VPOS="250" HPOS="1007"/>
						<String ID="string_21" HPOS="1032" VPOS="252" WIDTH="139" HEIGHT="68" WC="0.58" CONTENT="qu&#39;ils"/><SP WIDTH="22" VPOS="252" HPOS="1171"/>
						<String ID="string_22" HPOS="1193" VPOS="253" WIDTH="175" HEIGHT="50" WC="0.92" CONTENT="conſti-"/>
					</TextLine>
				</TextBlock>
				<TextBlock ID="block_3" HPOS="124" VPOS="319" WIDTH="1243" HEIGHT="137">
					<TextLine ID="line_4" HPOS="124" VPOS="319" WIDTH="1239" HEIGHT="69">
						<String ID="string_23" HPOS="124" VPOS="336" WIDTH="193" HEIGHT="33" WC="0.87" CONTENT="tueront"/><SP WIDTH="30" VPOS="336" HPOS="317"/>
						<String ID="string_24" HPOS="347" VPOS="339" WIDTH="61" HEIGHT="30" WC="0.89" CONTENT="ne"/><SP WIDTH="21" VPOS="339" HPOS="408"/>
						<String ID="string_25" HPOS="429" VPOS="319" WIDTH="263" HEIGHT="64" WC="0.8" CONTENT="ſcauroient"/><SP WIDTH="22" VPOS="319" HPOS="692"/>
						<String ID="string_26" HPOS="714" VPOS="338" WIDTH="231" HEIGHT="50" WC="0.92" CONTENT="manquer"/><SP WIDTH="21" VPOS="338" HPOS="945"/>
						<String ID="string_27" HPOS="966" VPOS="321" WIDTH="160" HEIGHT="47" WC="0.18" CONTENT="deſtre"/><SP WIDTH="26" VPOS="321" HPOS="1126"/>
						<String ID="string_28" HPOS="1152" VPOS="320" WIDTH="211" HEIGHT="50" WC="0.92" CONTENT="diuerſes."/>
					</TextLine>
					<TextLine ID="line_5" HPOS="128" VPOS="386" WIDTH="1239" HEIGHT="70">
						<String ID="string_29" HPOS="128" VPOS="394" WIDTH="45" HEIGHT="44" WC="0.93" CONTENT="Or"/><SP WIDTH="10" VPOS="394" HPOS="173"/>
						<String ID="string_30" HPOS="183" VPOS="388" WIDTH="134" HEIGHT="50" WC="0.90" CONTENT="cela"/><SP WIDTH="12" VPOS="388" HPOS="317"/>
						<String ID="string_31" HPOS="329" VPOS="407" WIDTH="60" HEIGHT="30" WC="0.90" CONTENT="ne"/><SP WIDTH="12" VPOS="407" HPOS="389"/>
						<String ID="string_32" HPOS="401" VPOS="386" WIDTH="94" HEIGHT="50" WC="0.92" CONTENT="ſera"/><SP WIDTH="11" VPOS="386" HPOS="495"/>
						<String ID="string_33" HPOS="506" VPOS="406" WIDTH="78" HEIGHT="50" WC="0.92" CONTENT="pas"/><SP WIDTH="14" VPOS="406" HPOS="584"/>
						<String ID="string_34" HPOS="598" VPOS="387" WIDTH="186" HEIGHT="50" WC="0.88" CONTENT="difficile"/><SP WIDTH="13" VPOS="387" HPOS="784"/>
						<String ID="string_35" HPOS="797" VPOS="386" WIDTH="26" HEIGHT="50" WC="0.88" CONTENT="à"/><SP WIDTH="10" VPOS="386" HPOS="823"/>
						<String ID="string_36" HPOS="833" VPOS="405" WIDTH="116" HEIGHT="33" WC="0.63" CONTENT="vous"/><SP WIDTH="12" VPOS="405" HPOS="949"/>
						<String ID="string_37" HPOS="961" VPOS="406" WIDTH="199" HEIGHT="50" WC="0.92" CONTENT="prouuer,"/><SP WIDTH="39" VPOS="406" HPOS="1160"/>
						<String ID="string_38" HPOS="1199" VPOS="386" WIDTH="35" HEIGHT="50" WC="0.92" CONTENT="ſi"/><SP WIDTH="15" VPOS="386" HPOS="1234"/>
						<String ID="string_39" HPOS="1249" VPOS="407" WIDTH="118" HEIGHT="31" WC="0.90" CONTENT="vous"/>
					</TextLine>
				</TextBlock>
				<TextBlock ID="block_4" HPOS="89" VPOS="455" WIDTH="1275" HEIGHT="68">
					<TextLine ID="line_6" HPOS="89" VPOS="455" WIDTH="1275" HEIGHT="68">
						<String ID="string_40" HPOS="89" VPOS="467" WIDTH="203" HEIGHT="56" WC="0.50" CONTENT="prenez"/><SP WIDTH="24" VPOS="467" HPOS="292"/>
						<String ID="string_41" HPOS="316" VPOS="457" WIDTH="143" HEIGHT="66" WC="0.90" CONTENT="garde"/><SP WIDTH="13" VPOS="457" HPOS="459"/>
						<String ID="string_42" HPOS="472" VPOS="451" WIDTH="126" HEIGHT="76" WC="0.22" CONTENT="quiil"/><SP WIDTH="13" VPOS="451" HPOS="598"/>
						<String ID="string_43" HPOS="611" VPOS="451" WIDTH="60" HEIGHT="76" WC="0.74" CONTENT="eſt"/><SP WIDTH="12" VPOS="451" HPOS="671"/>
						<String ID="string_44" HPOS="683" VPOS="457" WIDTH="58" HEIGHT="47" WC="0.89" CONTENT="de"/><SP WIDTH="11" VPOS="457" HPOS="741"/>
						<String ID="string_45" HPOS="752" VPOS="456" WIDTH="43" HEIGHT="47" WC="0.90" CONTENT="la"/><SP WIDTH="19" VPOS="456" HPOS="795"/>
						<String ID="string_46" HPOS="814" VPOS="472" WIDTH="163" HEIGHT="33" WC="0.89" CONTENT="nature"/><SP WIDTH="23" VPOS="472" HPOS="977"/>
						<String ID="string_47" HPOS="1000" VPOS="457" WIDTH="77" HEIGHT="46" WC="0.92" CONTENT="des"/><SP WIDTH="17" VPOS="457" HPOS="1077"/>
						<String ID="string_48" HPOS="1094" VPOS="457" WIDTH="200" HEIGHT="57" WC="0.88" CONTENT="Modes,"/><SP WIDTH="23" VPOS="457" HPOS="1294"/>
						<String ID="string_49" HPOS="1317" VPOS="466" WIDTH="47" HEIGHT="40" WC="0.92" CONTENT="&amp;"/>
					</TextLine>
				</TextBlock>
				<TextBlock ID="block_5" HPOS="119" VPOS="520" WIDTH="1268" HEIGHT="1754">
					<TextLine ID="line_7" HPOS="119" VPOS="520" WIDTH="1248" HEIGHT="68">
						<String ID="string_50" HPOS="119" VPOS="525" WIDTH="84" HEIGHT="48" WC="0.92" CONTENT="des"/><SP WIDTH="11" VPOS="525" HPOS="203"/>
						<String ID="string_51" HPOS="214" VPOS="526" WIDTH="254" HEIGHT="55" WC="0.78" CONTENT="Accidens,"/><SP WIDTH="15" VPOS="526" HPOS="468"/>
						<String ID="string_52" HPOS="483" VPOS="525" WIDTH="57" HEIGHT="46" WC="0.89" CONTENT="de"/><SP WIDTH="8" VPOS="525" HPOS="540"/>
						<String ID="string_53" HPOS="548" VPOS="520" WIDTH="64" HEIGHT="52" WC="0.89" CONTENT="ne"/><SP WIDTH="21" VPOS="520" HPOS="612"/>
						<String ID="string_54" HPOS="633" VPOS="528" WIDTH="200" HEIGHT="60" WC="0.90" CONTENT="pouuoir"/><SP WIDTH="23" VPOS="528" HPOS="833"/>
						<String ID="string_55" HPOS="856" VPOS="523" WIDTH="109" HEIGHT="47" WC="0.91" CONTENT="eſtre"/><SP WIDTH="26" VPOS="523" HPOS="965"/>
						<String ID="string_56" HPOS="991" VPOS="541" WIDTH="197" HEIGHT="30" WC="0.93" CONTENT="conceus"/><SP WIDTH="20" VPOS="541" HPOS="1188"/>
						<String ID="string_57" HPOS="1208" VPOS="521" WIDTH="102" HEIGHT="50" WC="0.88" CONTENT="ſans"/><SP WIDTH="12" VPOS="521" HPOS="1310"/>
						<String ID="string_58" HPOS="1322" VPOS="525" WIDTH="45" HEIGHT="47" WC="0.88" CONTENT="le"/>
					</TextLine>
					<TextLine ID="line_8" HPOS="124" VPOS="589" WIDTH="1244" HEIGHT="67">
						<String ID="string_59" HPOS="124" VPOS="596" WIDTH="199" HEIGHT="56" WC="0.90" CONTENT="premier"/><SP WIDTH="12" VPOS="596" HPOS="323"/>
						<String ID="string_60" HPOS="335" VPOS="591" WIDTH="112" HEIGHT="63" WC="0.92" CONTENT="ſujet"/><SP WIDTH="14" VPOS="591" HPOS="447"/>
						<String ID="string_61" HPOS="461" VPOS="589" WIDTH="238" HEIGHT="67" WC="0.37" CONTENT="auquelils"/><SP WIDTH="12" VPOS="589" HPOS="699"/>
						<String ID="string_62" HPOS="711" VPOS="593" WIDTH="381" HEIGHT="63" WC="0.92" CONTENT="appartiennent,"/><SP WIDTH="24" VPOS="593" HPOS="1092"/>
						<String ID="string_63" HPOS="1116" VPOS="607" WIDTH="62" HEIGHT="48" WC="0.91" CONTENT="ny"/><SP WIDTH="13" VPOS="607" HPOS="1178"/>
						<String ID="string_64" HPOS="1191" VPOS="589" WIDTH="177" HEIGHT="51" WC="0.60" CONTENT="meſmo"/>
					</TextLine>
					<TextLine ID="line_9" HPOS="122" VPOS="611" WIDTH="1245" HEIGHT="118">
						<String ID="string_65" HPOS="122" VPOS="611" WIDTH="67" HEIGHT="95" WC="0.24" CONTENT="E"/><SP WIDTH="16" VPOS="611" HPOS="189"/>
						<String ID="string_66" HPOS="205" VPOS="654" WIDTH="262" HEIGHT="75" WC="0.0" CONTENT="propriete?"/><SP WIDTH="21" VPOS="654" HPOS="467"/>
						<String ID="string_67" HPOS="488" VPOS="653" WIDTH="100" HEIGHT="51" WC="0.66" CONTENT="ſans"/><SP WIDTH="11" VPOS="653" HPOS="588"/>
						<String ID="string_68" HPOS="599" VPOS="649" WIDTH="204" HEIGHT="67" WC="0.48" CONTENT="leſſence"/><SP WIDTH="22" VPOS="649" HPOS="803"/>
						<String ID="string_69" HPOS="825" VPOS="656" WIDTH="47" HEIGHT="48" WC="0.92" CONTENT="de"/><SP WIDTH="21" VPOS="656" HPOS="872"/>
						<String ID="string_70" HPOS="893" VPOS="656" WIDTH="202" HEIGHT="68" WC="0.92" CONTENT="laquelle"/><SP WIDTH="20" VPOS="656" HPOS="1095"/>
						<String ID="string_71" HPOS="1115" VPOS="657" WIDTH="106" HEIGHT="48" WC="0.92" CONTENT="elles"/><SP WIDTH="14" VPOS="657" HPOS="1221"/>
						<String ID="string_72" HPOS="1235" VPOS="676" WIDTH="132" HEIGHT="30" WC="0.92" CONTENT="ema-"/>
					</TextLine>
					<TextLine ID="line_10" HPOS="128" VPOS="723" WIDTH="1241" HEIGHT="69">
						<String ID="string_73" HPOS="128" VPOS="742" WIDTH="116" HEIGHT="33" WC="0.80" CONTENT="nent"/><SP WIDTH="30" VPOS="742" HPOS="244"/>
						<String ID="string_74" HPOS="274" VPOS="724" WIDTH="413" HEIGHT="53" WC="0.88" CONTENT="neceſſairement;"/><SP WIDTH="32" VPOS="724" HPOS="687"/>
						<String ID="string_75" HPOS="719" VPOS="728" WIDTH="115" HEIGHT="43" WC="0.92" CONTENT="mais"/><SP WIDTH="23" VPOS="728" HPOS="834"/>
						<String ID="string_76" HPOS="857" VPOS="741" WIDTH="90" HEIGHT="47" WC="0.87" CONTENT="que"/><SP WIDTH="21" VPOS="741" HPOS="947"/>
						<String ID="string_77" HPOS="968" VPOS="723" WIDTH="205" HEIGHT="50" WC="0.87" CONTENT="Veſſence"/><SP WIDTH="23" VPOS="723" HPOS="1173"/>
						<String ID="string_78" HPOS="1196" VPOS="724" WIDTH="43" HEIGHT="48" WC="0.92" CONTENT="le"/><SP WIDTH="18" VPOS="724" HPOS="1239"/>
						<String ID="string_79" HPOS="1257" VPOS="741" WIDTH="112" HEIGHT="51" WC="0.92" CONTENT="peut"/>
					</TextLine>
					<TextLine ID="line_11" HPOS="130" VPOS="790" WIDTH="1239" HEIGHT="71">
						<String ID="string_80" HPOS="130" VPOS="790" WIDTH="94" HEIGHT="52" WC="0.93" CONTENT="fort"/><SP WIDTH="31" VPOS="790" HPOS="224"/>
						<String ID="string_81" HPOS="255" VPOS="792" WIDTH="110" HEIGHT="49" WC="0.91" CONTENT="bien"/><SP WIDTH="24" VPOS="792" HPOS="365"/>
						<String ID="string_82" HPOS="389" VPOS="792" WIDTH="110" HEIGHT="48" WC="0.91" CONTENT="eſtre"/><SP WIDTH="19" VPOS="792" HPOS="499"/>
						<String ID="string_83" HPOS="518" VPOS="790" WIDTH="101" HEIGHT="50" WC="0.92" CONTENT="ſans"/><SP WIDTH="26" VPOS="790" HPOS="619"/>
						<String ID="string_84" HPOS="645" VPOS="792" WIDTH="62" HEIGHT="48" WC="0.92" CONTENT="les"/><SP WIDTH="25" VPOS="792" HPOS="707"/>
						<String ID="string_85" HPOS="732" VPOS="790" WIDTH="191" HEIGHT="60" WC="0.91" CONTENT="modes,"/><SP WIDTH="27" VPOS="790" HPOS="923"/>
						<String ID="string_86" HPOS="950" VPOS="801" WIDTH="45" HEIGHT="40" WC="0.91" CONTENT="&amp;"/><SP WIDTH="25" VPOS="801" HPOS="995"/>
						<String ID="string_87" HPOS="1020" VPOS="792" WIDTH="63" HEIGHT="48" WC="0.91" CONTENT="les"/><SP WIDTH="24" VPOS="792" HPOS="1083"/>
						<String ID="string_88" HPOS="1107" VPOS="798" WIDTH="262" HEIGHT="63" WC="0.0" CONTENT="proprietes"/>
					</TextLine>
					<TextLine ID="line_12" HPOS="126" VPOS="859" WIDTH="1244" HEIGHT="69">
						<String ID="string_89" HPOS="126" VPOS="866" WIDTH="87" HEIGHT="60" WC="0.92" CONTENT="qui"/><SP WIDTH="19" VPOS="866" HPOS="213"/>
						<String ID="string_90" HPOS="232" VPOS="860" WIDTH="266" HEIGHT="68" WC="0.90" CONTENT="dependent"/><SP WIDTH="31" VPOS="860" HPOS="498"/>
						<String ID="string_91" HPOS="529" VPOS="859" WIDTH="162" HEIGHT="54" WC="0.28" CONTENT="c&#39;elle;"/><SP WIDTH="33" VPOS="859" HPOS="691"/>
						<String ID="string_92" HPOS="724" VPOS="859" WIDTH="266" HEIGHT="50" WC="0.91" CONTENT="Tellement"/><SP WIDTH="34" VPOS="859" HPOS="990"/>
						<String ID="string_93" HPOS="1024" VPOS="876" WIDTH="94" HEIGHT="50" WC="0.48" CONTENT="que"/><SP WIDTH="28" VPOS="876" HPOS="1118"/>
						<String ID="string_94" HPOS="1146" VPOS="860" WIDTH="102" HEIGHT="48" WC="0.40" CONTENT="ceſt"/><SP WIDTH="28" VPOS="860" HPOS="1248"/>
						<String ID="string_95" HPOS="1276" VPOS="879" WIDTH="94" HEIGHT="31" WC="0.89" CONTENT="vne"/>
					</TextLine>
					<TextLine ID="line_13" HPOS="129" VPOS="925" WIDTH="1240" HEIGHT="71">
						<String ID="string_96" HPOS="129" VPOS="933" WIDTH="197" HEIGHT="63" WC="0.91" CONTENT="marque"/><SP WIDTH="30" VPOS="933" HPOS="326"/>
						<String ID="string_97" HPOS="356" VPOS="925" WIDTH="247" HEIGHT="52" WC="0.87" CONTENT="infaillible"/><SP WIDTH="28" VPOS="925" HPOS="603"/>
						<String ID="string_98" HPOS="631" VPOS="945" WIDTH="92" HEIGHT="49" WC="0.93" CONTENT="que"/><SP WIDTH="26" VPOS="945" HPOS="723"/>
						<String ID="string_99" HPOS="749" VPOS="928" WIDTH="119" HEIGHT="57" WC="0.92" CONTENT="deux"/><SP WIDTH="33" VPOS="928" HPOS="868"/>
						<String ID="string_100" HPOS="901" VPOS="926" WIDTH="216" HEIGHT="49" WC="0.92" CONTENT="attributs"/><SP WIDTH="21" VPOS="926" HPOS="1117"/>
						<String ID="string_101" HPOS="1138" VPOS="925" WIDTH="108" HEIGHT="51" WC="0.92" CONTENT="ſont"/><SP WIDTH="21" VPOS="925" HPOS="1246"/>
						<String ID="string_102" HPOS="1267" VPOS="947" WIDTH="102" HEIGHT="30" WC="0.93" CONTENT="non"/>
					</TextLine>
					<TextLine ID="line_14" HPOS="132" VPOS="992" WIDTH="1239" HEIGHT="71">
						<String ID="string_103" HPOS="132" VPOS="993" WIDTH="253" HEIGHT="52" WC="0.74" CONTENT="ſeulement"/><SP WIDTH="22" VPOS="993" HPOS="385"/>
						<String ID="string_104" HPOS="407" VPOS="995" WIDTH="251" HEIGHT="57" WC="0.60" CONTENT="eſſentiels,"/><SP WIDTH="28" VPOS="995" HPOS="658"/>
						<String ID="string_105" HPOS="686" VPOS="999" WIDTH="118" HEIGHT="45" WC="0.92" CONTENT="mais"/><SP WIDTH="26" VPOS="999" HPOS="804"/>
						<String ID="string_106" HPOS="830" VPOS="992" WIDTH="194" HEIGHT="51" WC="0.92" CONTENT="meſmes"/><SP WIDTH="24" VPOS="992" HPOS="1024"/>
						<String ID="string_107" HPOS="1048" VPOS="996" WIDTH="134" HEIGHT="67" WC="0.57" CONTENT="quils"/><SP WIDTH="14" VPOS="996" HPOS="1182"/>
						<String ID="string_108" HPOS="1196" VPOS="996" WIDTH="175" HEIGHT="49" WC="0.90" CONTENT="conſti-"/>
					</TextLine>
					<TextLine ID="line_15" HPOS="134" VPOS="1060" WIDTH="1236" HEIGHT="70">
						<String ID="string_109" HPOS="134" VPOS="1056" WIDTH="130" HEIGHT="78" WC="0.85" CONTENT="tuent"/><SP WIDTH="11" VPOS="1056" HPOS="264"/>
						<String ID="string_110" HPOS="275" VPOS="1056" WIDTH="207" HEIGHT="78" WC="0.26" CONTENT="Peſſence"/><SP WIDTH="23" VPOS="1056" HPOS="482"/>
						<String ID="string_111" HPOS="505" VPOS="1061" WIDTH="25" HEIGHT="49" WC="0.92" CONTENT="à"/><SP WIDTH="21" VPOS="1061" HPOS="530"/>
						<String ID="string_112" HPOS="551" VPOS="1063" WIDTH="43" HEIGHT="47" WC="0.91" CONTENT="la"/><SP WIDTH="15" VPOS="1063" HPOS="594"/>
						<String ID="string_113" HPOS="609" VPOS="1060" WIDTH="237" HEIGHT="51" WC="0.92" CONTENT="ſubſtance"/><SP WIDTH="16" VPOS="1060" HPOS="846"/>
						<String ID="string_114" HPOS="862" VPOS="1061" WIDTH="22" HEIGHT="51" WC="0.92" CONTENT="à"/><SP WIDTH="14" VPOS="1061" HPOS="884"/>
						<String ID="string_115" HPOS="898" VPOS="1061" WIDTH="202" HEIGHT="69" WC="0.51" CONTENT="laquelſe"/><SP WIDTH="23" VPOS="1061" HPOS="1100"/>
						<String ID="string_116" HPOS="1123" VPOS="1081" WIDTH="66" HEIGHT="30" WC="0.91" CONTENT="on"/><SP WIDTH="23" VPOS="1081" HPOS="1189"/>
						<String ID="string_117" HPOS="1212" VPOS="1063" WIDTH="61" HEIGHT="49" WC="0.91" CONTENT="les"/><SP WIDTH="24" VPOS="1063" HPOS="1273"/>
						<String ID="string_118" HPOS="1297" VPOS="1080" WIDTH="73" HEIGHT="31" WC="0.91" CONTENT="at-"/>
					</TextLine>
					<TextLine ID="line_16" HPOS="131" VPOS="1128" WIDTH="1244" HEIGHT="70">
						<String ID="string_119" HPOS="131" VPOS="1133" WIDTH="150" HEIGHT="48" WC="0.0" CONTENT="tribue,"/><SP WIDTH="58" VPOS="1133" HPOS="281"/>
						<String ID="string_120" HPOS="339" VPOS="1133" WIDTH="92" HEIGHT="47" WC="0.93" CONTENT="lors"/><SP WIDTH="26" VPOS="1133" HPOS="431"/>
						<String ID="string_121" HPOS="457" VPOS="1131" WIDTH="134" HEIGHT="65" WC="0.74" CONTENT="qu&#39;ils"/><SP WIDTH="23" VPOS="1131" HPOS="591"/>
						<String ID="string_122" HPOS="614" VPOS="1128" WIDTH="107" HEIGHT="50" WC="0.91" CONTENT="ſont"/><SP WIDTH="30" VPOS="1128" HPOS="721"/>
						<String ID="string_123" HPOS="751" VPOS="1130" WIDTH="84" HEIGHT="48" WC="0.91" CONTENT="tels"/><SP WIDTH="26" VPOS="1130" HPOS="835"/>
						<String ID="string_124" HPOS="861" VPOS="1132" WIDTH="136" HEIGHT="66" WC="0.45" CONTENT="qu&#39;iſs"/><SP WIDTH="27" VPOS="1132" HPOS="997"/>
						<String ID="string_125" HPOS="1024" VPOS="1147" WIDTH="205" HEIGHT="51" WC="0.92" CONTENT="peuuent"/><SP WIDTH="32" VPOS="1147" HPOS="1229"/>
						<String ID="string_126" HPOS="1261" VPOS="1131" WIDTH="114" HEIGHT="48" WC="0.92" CONTENT="eſtre"/>
					</TextLine>
					<TextLine ID="line_17" HPOS="138" VPOS="1198" WIDTH="1234" HEIGHT="67">
						<String ID="string_127" HPOS="138" VPOS="1216" WIDTH="193" HEIGHT="32" WC="0.91" CONTENT="conceus"/><SP WIDTH="13" VPOS="1216" HPOS="331"/>
						<String ID="string_128" HPOS="344" VPOS="1198" WIDTH="103" HEIGHT="51" WC="0.92" CONTENT="ſans"/><SP WIDTH="21" VPOS="1198" HPOS="447"/>
						<String ID="string_129" HPOS="468" VPOS="1214" WIDTH="106" HEIGHT="32" WC="0.92" CONTENT="tous"/><SP WIDTH="19" VPOS="1214" HPOS="574"/>
						<String ID="string_130" HPOS="593" VPOS="1198" WIDTH="64" HEIGHT="47" WC="0.92" CONTENT="les"/><SP WIDTH="28" VPOS="1198" HPOS="657"/>
						<String ID="string_131" HPOS="685" VPOS="1214" WIDTH="176" HEIGHT="42" WC="0.92" CONTENT="autres,"/><SP WIDTH="17" VPOS="1214" HPOS="861"/>
						<String ID="string_132" HPOS="878" VPOS="1207" WIDTH="45" HEIGHT="39" WC="0.93" CONTENT="&amp;"/><SP WIDTH="15" VPOS="1207" HPOS="923"/>
						<String ID="string_133" HPOS="938" VPOS="1214" WIDTH="101" HEIGHT="32" WC="0.92" CONTENT="non"/><SP WIDTH="12" VPOS="1214" HPOS="1039"/>
						<String ID="string_134" HPOS="1051" VPOS="1216" WIDTH="78" HEIGHT="49" WC="0.92" CONTENT="pas"/><SP WIDTH="19" VPOS="1216" HPOS="1129"/>
						<String ID="string_135" HPOS="1148" VPOS="1198" WIDTH="63" HEIGHT="46" WC="0.90" CONTENT="les"/><SP WIDTH="13" VPOS="1198" HPOS="1211"/>
						<String ID="string_136" HPOS="1224" VPOS="1213" WIDTH="148" HEIGHT="32" WC="0.92" CONTENT="autres"/>
					</TextLine>
					<TextLine ID="line_18" HPOS="132" VPOS="1261" WIDTH="1241" HEIGHT="71">
						<String ID="string_137" HPOS="132" VPOS="1261" WIDTH="101" HEIGHT="54" WC="0.91" CONTENT="ſans"/><SP WIDTH="21" VPOS="1261" HPOS="233"/>
						<String ID="string_138" HPOS="254" VPOS="1288" WIDTH="100" HEIGHT="30" WC="0.83" CONTENT="cux."/><SP WIDTH="42" VPOS="1288" HPOS="354"/>
						<String ID="string_139" HPOS="396" VPOS="1272" WIDTH="77" HEIGHT="43" WC="0.92" CONTENT="Or"/><SP WIDTH="19" VPOS="1272" HPOS="473"/>
						<String ID="string_140" HPOS="492" VPOS="1263" WIDTH="36" HEIGHT="51" WC="0.92" CONTENT="ſi"/><SP WIDTH="22" VPOS="1263" HPOS="528"/>
						<String ID="string_141" HPOS="550" VPOS="1283" WIDTH="116" HEIGHT="33" WC="0.92" CONTENT="vous"/><SP WIDTH="22" VPOS="1283" HPOS="666"/>
						<String ID="string_142" HPOS="688" VPOS="1281" WIDTH="212" HEIGHT="51" WC="0.46" CONTENT="exceptez"/><SP WIDTH="32" VPOS="1281" HPOS="900"/>
						<String ID="string_143" HPOS="932" VPOS="1269" WIDTH="196" HEIGHT="44" WC="0.86" CONTENT="certains"/><SP WIDTH="28" VPOS="1269" HPOS="1128"/>
						<String ID="string_144" HPOS="1156" VPOS="1265" WIDTH="217" HEIGHT="49" WC="0.92" CONTENT="attributs"/>
					</TextLine>
					<TextLine ID="line_19" HPOS="131" VPOS="1332" WIDTH="1244" HEIGHT="71">
						<String ID="string_145" HPOS="131" VPOS="1340" WIDTH="86" HEIGHT="60" WC="0.93" CONTENT="qui"/><SP WIDTH="19" VPOS="1340" HPOS="217"/>
						<String ID="string_146" HPOS="236" VPOS="1339" WIDTH="359" HEIGHT="64" WC="0.92" CONTENT="appartiennent"/><SP WIDTH="21" VPOS="1339" HPOS="595"/>
						<String ID="string_147" HPOS="616" VPOS="1333" WIDTH="26" HEIGHT="49" WC="0.92" CONTENT="à"/><SP WIDTH="20" VPOS="1333" HPOS="642"/>
						<String ID="string_148" HPOS="662" VPOS="1334" WIDTH="42" HEIGHT="48" WC="0.92" CONTENT="la"/><SP WIDTH="12" VPOS="1334" HPOS="704"/>
						<String ID="string_149" HPOS="716" VPOS="1332" WIDTH="238" HEIGHT="50" WC="0.89" CONTENT="ſubſtance"/><SP WIDTH="16" VPOS="1332" HPOS="954"/>
						<String ID="string_150" HPOS="970" VPOS="1351" WIDTH="58" HEIGHT="30" WC="0.91" CONTENT="en"/><SP WIDTH="23" VPOS="1351" HPOS="1028"/>
						<String ID="string_151" HPOS="1051" VPOS="1349" WIDTH="102" HEIGHT="33" WC="0.92" CONTENT="tant"/><SP WIDTH="20" VPOS="1349" HPOS="1153"/>
						<String ID="string_152" HPOS="1173" VPOS="1351" WIDTH="92" HEIGHT="49" WC="0.91" CONTENT="que"/><SP WIDTH="19" VPOS="1351" HPOS="1265"/>
						<String ID="string_153" HPOS="1284" VPOS="1333" WIDTH="91" HEIGHT="47" WC="0.89" CONTENT="tel-"/>
					</TextLine>
					<TextLine ID="line_20" HPOS="134" VPOS="1398" WIDTH="1245" HEIGHT="76">
						<String ID="string_154" HPOS="134" VPOS="1398" WIDTH="68" HEIGHT="60" WC="0.37" CONTENT="ſe,"/><SP WIDTH="16" VPOS="1398" HPOS="202"/>
						<String ID="string_155" HPOS="218" VPOS="1412" WIDTH="44" HEIGHT="39" WC="0.92" CONTENT="&amp;"/><SP WIDTH="16" VPOS="1412" HPOS="262"/>
						<String ID="string_156" HPOS="278" VPOS="1407" WIDTH="81" HEIGHT="63" WC="0.92" CONTENT="qui"/><SP WIDTH="16" VPOS="1407" HPOS="359"/>
						<String ID="string_157" HPOS="375" VPOS="1421" WIDTH="80" HEIGHT="49" WC="0.92" CONTENT="par"/><SP WIDTH="13" VPOS="1421" HPOS="455"/>
						<String ID="string_158" HPOS="468" VPOS="1399" WIDTH="288" HEIGHT="53" WC="0.91" CONTENT="conſequent"/><SP WIDTH="19" VPOS="1399" HPOS="756"/>
						<String ID="string_159" HPOS="775" VPOS="1401" WIDTH="355" HEIGHT="73" WC="0.92" CONTENT="appartiennent"/><SP WIDTH="20" VPOS="1401" HPOS="1130"/>
						<String ID="string_160" HPOS="1150" VPOS="1400" WIDTH="26" HEIGHT="49" WC="0.80" CONTENT="à"/><SP WIDTH="20" VPOS="1400" HPOS="1176"/>
						<String ID="string_161" HPOS="1196" VPOS="1402" WIDTH="183" HEIGHT="65" WC="0.80" CONTENT="chaque"/>
					</TextLine>
					<TextLine ID="line_21" HPOS="134" VPOS="1419" WIDTH="1244" HEIGHT="116">
						<String ID="string_162" HPOS="134" VPOS="1465" WIDTH="255" HEIGHT="61" WC="0.15" CONTENT="ſubſtañce"/><SP WIDTH="14" VPOS="1465" HPOS="389"/>
						<String ID="string_163" HPOS="403" VPOS="1481" WIDTH="189" HEIGHT="36" WC="0.81" CONTENT="comme"/><SP WIDTH="17" VPOS="1481" HPOS="592"/>
						<String ID="string_164" HPOS="609" VPOS="1419" WIDTH="88" HEIGHT="98" WC="0.2" CONTENT="E*"/><SP WIDTH="47" VPOS="1419" HPOS="697"/>
						<String ID="string_165" HPOS="744" VPOS="1488" WIDTH="111" HEIGHT="31" WC="0.10" CONTENT="ceux"/><SP WIDTH="22" VPOS="1488" HPOS="855"/>
						<String ID="string_166" HPOS="877" VPOS="1471" WIDTH="58" HEIGHT="47" WC="0.86" CONTENT="de"/><SP WIDTH="19" VPOS="1471" HPOS="935"/>
						<String ID="string_167" HPOS="954" VPOS="1466" WIDTH="206" HEIGHT="51" WC="0.79" CONTENT="ſubſiſter"/><SP WIDTH="20" VPOS="1466" HPOS="1160"/>
						<String ID="string_168" HPOS="1180" VPOS="1474" WIDTH="84" HEIGHT="61" WC="0.92" CONTENT="par"/><SP WIDTH="13" VPOS="1474" HPOS="1264"/>
						<String ID="string_169" HPOS="1277" VPOS="1466" WIDTH="101" HEIGHT="67" WC="0.67" CONTENT="ſoy,"/>
					</TextLine>
					<TextLine ID="line_22" HPOS="128" VPOS="1533" WIDTH="1247" HEIGHT="71">
						<String ID="string_170" HPOS="128" VPOS="1533" WIDTH="164" HEIGHT="48" WC="0.0" CONTENT="ceſtre"/><SP WIDTH="21" VPOS="1533" HPOS="292"/>
						<String ID="string_171" HPOS="313" VPOS="1537" WIDTH="41" HEIGHT="46" WC="0.53" CONTENT="le"/><SP WIDTH="9" VPOS="1537" HPOS="354"/>
						<String ID="string_172" HPOS="363" VPOS="1535" WIDTH="118" HEIGHT="66" WC="0.53" CONTENT="ſujet"/><SP WIDTH="20" VPOS="1535" HPOS="481"/>
						<String ID="string_173" HPOS="501" VPOS="1538" WIDTH="56" HEIGHT="47" WC="0.92" CONTENT="de"/><SP WIDTH="15" VPOS="1538" HPOS="557"/>
						<String ID="string_174" HPOS="572" VPOS="1538" WIDTH="226" HEIGHT="66" WC="0.91" CONTENT="quelques"/><SP WIDTH="23" VPOS="1538" HPOS="798"/>
						<String ID="string_175" HPOS="821" VPOS="1541" WIDTH="149" HEIGHT="54" WC="0.90" CONTENT="actes,"/><SP WIDTH="25" VPOS="1541" HPOS="970"/>
						<String ID="string_176" HPOS="995" VPOS="1545" WIDTH="100" HEIGHT="41" WC="0.52" CONTENT="&amp;c:"/><SP WIDTH="15" VPOS="1545" HPOS="1095"/>
						<String ID="string_177" HPOS="1110" VPOS="1536" WIDTH="40" HEIGHT="48" WC="0.80" CONTENT="Il"/><SP WIDTH="21" VPOS="1536" HPOS="1150"/>
						<String ID="string_178" HPOS="1171" VPOS="1538" WIDTH="78" HEIGHT="62" WC="0.0" CONTENT="my"/><SP WIDTH="22" VPOS="1538" HPOS="1249"/>
						<String ID="string_179" HPOS="1271" VPOS="1538" WIDTH="58" HEIGHT="45" WC="0.83" CONTENT="en"/><SP WIDTH="20" VPOS="1538" HPOS="1329"/>
						<String ID="string_180" HPOS="1349" VPOS="1553" WIDTH="26" HEIGHT="28" WC="0.83" CONTENT="a"/>
					</TextLine>
					<TextLine ID="line_23" HPOS="128" VPOS="1602" WIDTH="1247" HEIGHT="65">
						<String ID="string_181" HPOS="128" VPOS="1616" WIDTH="158" HEIGHT="32" WC="0.92" CONTENT="aucun"/><SP WIDTH="20" VPOS="1616" HPOS="286"/>
						<String ID="string_182" HPOS="306" VPOS="1617" WIDTH="127" HEIGHT="31" WC="0.74" CONTENT="autre"/><SP WIDTH="23" VPOS="1617" HPOS="433"/>
						<String ID="string_183" HPOS="456" VPOS="1608" WIDTH="82" HEIGHT="59" WC="0.83" CONTENT="qui"/><SP WIDTH="22" VPOS="1608" HPOS="538"/>
						<String ID="string_184" HPOS="560" VPOS="1622" WIDTH="59" HEIGHT="29" WC="0.83" CONTENT="ne"/><SP WIDTH="20" VPOS="1622" HPOS="619"/>
						<String ID="string_185" HPOS="639" VPOS="1602" WIDTH="229" HEIGHT="50" WC="0.90" CONTENT="renferme"/><SP WIDTH="20" VPOS="1602" HPOS="868"/>
						<String ID="string_186" HPOS="888" VPOS="1605" WIDTH="115" HEIGHT="47" WC="0.91" CONTENT="dans"/><SP WIDTH="26" VPOS="1605" HPOS="1003"/>
						<String ID="string_187" HPOS="1029" VPOS="1602" WIDTH="87" HEIGHT="50" WC="0.92" CONTENT="ſon"/><SP WIDTH="23" VPOS="1602" HPOS="1116"/>
						<String ID="string_188" HPOS="1139" VPOS="1610" WIDTH="236" HEIGHT="56" WC="0.90" CONTENT="Concept,"/>
					</TextLine>
					<TextLine ID="line_24" HPOS="131" VPOS="1663" WIDTH="1248" HEIGHT="69">
						<String ID="string_189" HPOS="131" VPOS="1686" WIDTH="69" HEIGHT="30" WC="0.88" CONTENT="ou"/><SP WIDTH="11" VPOS="1686" HPOS="200"/>
						<String ID="string_190" HPOS="211" VPOS="1669" WIDTH="43" HEIGHT="48" WC="0.88" CONTENT="la"/><SP WIDTH="17" VPOS="1669" HPOS="254"/>
						<String ID="string_191" HPOS="271" VPOS="1663" WIDTH="251" HEIGHT="57" WC="0.89" CONTENT="Penſce,"/><SP WIDTH="-62" VPOS="1663" HPOS="522"/>
						<String ID="string_192" HPOS="460" VPOS="1659" WIDTH="72" HEIGHT="77" WC="0.24" CONTENT="Gu"/><SP WIDTH="2" VPOS="1659" HPOS="532"/>
						<String ID="string_193" HPOS="534" VPOS="1669" WIDTH="281" HEIGHT="53" WC="0.14" CONTENT="UEſtendus;"/><SP WIDTH="14" VPOS="1669" HPOS="815"/>
						<String ID="string_194" HPOS="829" VPOS="1673" WIDTH="56" HEIGHT="44" WC="0.87" CONTENT="de"/><SP WIDTH="9" VPOS="1673" HPOS="885"/>
						<String ID="string_195" HPOS="894" VPOS="1670" WIDTH="111" HEIGHT="46" WC="0.89" CONTENT="telle"/><SP WIDTH="10" VPOS="1670" HPOS="1005"/>
						<String ID="string_196" HPOS="1015" VPOS="1675" WIDTH="205" HEIGHT="42" WC="0.84" CONTENT="maniere"/><SP WIDTH="12" VPOS="1675" HPOS="1220"/>
						<String ID="string_197" HPOS="1232" VPOS="1685" WIDTH="147" HEIGHT="47" WC="0.88" CONTENT="pour-"/>
					</TextLine>
					<TextLine ID="line_25" HPOS="136" VPOS="1731" WIDTH="1245" HEIGHT="71">
						<String ID="string_198" HPOS="136" VPOS="1749" WIDTH="106" HEIGHT="35" WC="0.92" CONTENT="tant"/><SP WIDTH="24" VPOS="1749" HPOS="242"/>
						<String ID="string_199" HPOS="266" VPOS="1755" WIDTH="88" HEIGHT="47" WC="0.92" CONTENT="que"/><SP WIDTH="10" VPOS="1755" HPOS="354"/>
						<String ID="string_200" HPOS="364" VPOS="1735" WIDTH="128" HEIGHT="48" WC="0.91" CONTENT="dans"/><SP WIDTH="32" VPOS="1735" HPOS="492"/>
						<String ID="string_201" HPOS="524" VPOS="1731" WIDTH="130" HEIGHT="50" WC="0.28" CONTENT="lidẽe"/><SP WIDTH="25" VPOS="1731" HPOS="654"/>
						<String ID="string_202" HPOS="679" VPOS="1734" WIDTH="57" HEIGHT="46" WC="0.92" CONTENT="de"/><SP WIDTH="23" VPOS="1734" HPOS="736"/>
						<String ID="string_203" HPOS="759" VPOS="1751" WIDTH="111" HEIGHT="29" WC="0.82" CONTENT="ceux"/><SP WIDTH="21" VPOS="1751" HPOS="870"/>
						<String ID="string_204" HPOS="891" VPOS="1739" WIDTH="83" HEIGHT="59" WC="0.82" CONTENT="qui"/><SP WIDTH="22" VPOS="1739" HPOS="974"/>
						<String ID="string_205" HPOS="996" VPOS="1732" WIDTH="262" HEIGHT="47" WC="0.65" CONTENT="enferment"/><SP WIDTH="23" VPOS="1732" HPOS="1258"/>
						<String ID="string_206" HPOS="1281" VPOS="1732" WIDTH="100" HEIGHT="46" WC="0.38" CONTENT="E-"/>
					</TextLine>
					<TextLine ID="line_26" HPOS="141" VPOS="1795" WIDTH="1240" HEIGHT="72">
						<String ID="string_207" HPOS="141" VPOS="1800" WIDTH="192" HEIGHT="52" WC="0.66" CONTENT="ſtendue"/><SP WIDTH="28" VPOS="1800" HPOS="333"/>
						<String ID="string_208" HPOS="361" VPOS="1821" WIDTH="179" HEIGHT="30" WC="0.89" CONTENT="aucune"/><SP WIDTH="32" VPOS="1821" HPOS="540"/>
						<String ID="string_209" HPOS="572" VPOS="1798" WIDTH="171" HEIGHT="52" WC="0.16" CONTENT="Penſce"/><SP WIDTH="29" VPOS="1798" HPOS="743"/>
						<String ID="string_210" HPOS="772" VPOS="1798" WIDTH="109" HEIGHT="52" WC="0.55" CONTENT="meſt"/><SP WIDTH="22" VPOS="1798" HPOS="881"/>
						<String ID="string_211" HPOS="903" VPOS="1795" WIDTH="264" HEIGHT="72" WC="0.83" CONTENT="compriſe,"/><SP WIDTH="32" VPOS="1795" HPOS="1167"/>
						<String ID="string_212" HPOS="1199" VPOS="1807" WIDTH="45" HEIGHT="39" WC="0.88" CONTENT="&amp;"/><SP WIDTH="22" VPOS="1807" HPOS="1244"/>
						<String ID="string_213" HPOS="1266" VPOS="1797" WIDTH="115" HEIGHT="50" WC="0.88" CONTENT="dans"/>
					</TextLine>
					<TextLine ID="line_27" HPOS="142" VPOS="1863" WIDTH="1241" HEIGHT="75">
						<String ID="string_214" HPOS="142" VPOS="1867" WIDTH="133" HEIGHT="52" WC="0.12" CONTENT="Vidée"/><SP WIDTH="23" VPOS="1867" HPOS="275"/>
						<String ID="string_215" HPOS="298" VPOS="1873" WIDTH="58" HEIGHT="47" WC="0.91" CONTENT="de"/><SP WIDTH="12" VPOS="1873" HPOS="356"/>
						<String ID="string_216" HPOS="368" VPOS="1889" WIDTH="112" HEIGHT="30" WC="0.80" CONTENT="ceux"/><SP WIDTH="14" VPOS="1889" HPOS="480"/>
						<String ID="string_217" HPOS="494" VPOS="1859" WIDTH="83" HEIGHT="83" WC="0.92" CONTENT="qui"/><SP WIDTH="12" VPOS="1859" HPOS="577"/>
						<String ID="string_218" HPOS="589" VPOS="1867" WIDTH="260" HEIGHT="54" WC="0.91" CONTENT="enferment"/><SP WIDTH="23" VPOS="1867" HPOS="849"/>
						<String ID="string_219" HPOS="872" VPOS="1868" WIDTH="200" HEIGHT="66" WC="0.58" CONTENT="quelduc"/><SP WIDTH="24" VPOS="1868" HPOS="1072"/>
						<String ID="string_220" HPOS="1096" VPOS="1863" WIDTH="195" HEIGHT="60" WC="0.55" CONTENT="Penſce,"/><SP WIDTH="25" VPOS="1863" HPOS="1291"/>
						<String ID="string_221" HPOS="1316" VPOS="1885" WIDTH="67" HEIGHT="31" WC="0.93" CONTENT="on"/>
					</TextLine>
					<TextLine ID="line_28" HPOS="143" VPOS="1935" WIDTH="1238" HEIGHT="71">
						<String ID="string_222" HPOS="143" VPOS="1952" WIDTH="61" HEIGHT="33" WC="0.92" CONTENT="ne"/><SP WIDTH="35" VPOS="1952" HPOS="204"/>
						<String ID="string_223" HPOS="239" VPOS="1954" WIDTH="246" HEIGHT="52" WC="0.80" CONTENT="remarque"/><SP WIDTH="39" VPOS="1954" HPOS="485"/>
						<String ID="string_224" HPOS="524" VPOS="1955" WIDTH="179" HEIGHT="32" WC="0.84" CONTENT="aucune"/><SP WIDTH="31" VPOS="1955" HPOS="703"/>
						<String ID="string_225" HPOS="734" VPOS="1938" WIDTH="273" HEIGHT="48" WC="0.55" CONTENT="Eſtendus:"/><SP WIDTH="38" VPOS="1938" HPOS="1007"/>
						<String ID="string_226" HPOS="1045" VPOS="1939" WIDTH="115" HEIGHT="45" WC="0.91" CONTENT="mais"/><SP WIDTH="30" VPOS="1939" HPOS="1160"/>
						<String ID="string_227" HPOS="1190" VPOS="1951" WIDTH="117" HEIGHT="47" WC="0.91" CONTENT="pour"/><SP WIDTH="31" VPOS="1951" HPOS="1307"/>
						<String ID="string_228" HPOS="1338" VPOS="1935" WIDTH="43" HEIGHT="49" WC="0.92" CONTENT="la"/>
					</TextLine>
					<TextLine ID="line_29" HPOS="147" VPOS="2000" WIDTH="1236" HEIGHT="68">
						<String ID="string_229" HPOS="147" VPOS="2005" WIDTH="198" HEIGHT="60" WC="0.36" CONTENT="Penséc,"/><SP WIDTH="18" VPOS="2005" HPOS="345"/>
						<String ID="string_230" HPOS="363" VPOS="2017" WIDTH="45" HEIGHT="39" WC="0.73" CONTENT="&amp;"/><SP WIDTH="18" VPOS="2017" HPOS="408"/>
						<String ID="string_231" HPOS="426" VPOS="2006" WIDTH="264" HEIGHT="50" WC="0.32" CONTENT="VEſtende"/><SP WIDTH="22" VPOS="2006" HPOS="690"/>
						<String ID="string_232" HPOS="712" VPOS="2023" WIDTH="49" HEIGHT="29" WC="0.88" CONTENT="ce"/><SP WIDTH="24" VPOS="2023" HPOS="761"/>
						<String ID="string_233" HPOS="785" VPOS="2001" WIDTH="108" HEIGHT="50" WC="0.92" CONTENT="ſont"/><SP WIDTH="26" VPOS="2001" HPOS="893"/>
						<String ID="string_234" HPOS="919" VPOS="2004" WIDTH="120" HEIGHT="45" WC="0.91" CONTENT="deux"/><SP WIDTH="28" VPOS="2004" HPOS="1039"/>
						<String ID="string_235" HPOS="1067" VPOS="2000" WIDTH="213" HEIGHT="48" WC="0.92" CONTENT="attributs"/><SP WIDTH="22" VPOS="2000" HPOS="1280"/>
						<String ID="string_236" HPOS="1302" VPOS="2008" WIDTH="81" HEIGHT="60" WC="0.91" CONTENT="qui"/>
					</TextLine>
					<TextLine ID="line_30" HPOS="141" VPOS="2066" WIDTH="1245" HEIGHT="69">
						<String ID="string_237" HPOS="141" VPOS="2082" WIDTH="206" HEIGHT="53" WC="0.91" CONTENT="peuuent"/><SP WIDTH="20" VPOS="2082" HPOS="347"/>
						<String ID="string_238" HPOS="367" VPOS="2073" WIDTH="96" HEIGHT="50" WC="0.92" CONTENT="fort"/><SP WIDTH="22" VPOS="2073" HPOS="463"/>
						<String ID="string_239" HPOS="485" VPOS="2075" WIDTH="111" HEIGHT="49" WC="0.92" CONTENT="bien"/><SP WIDTH="26" VPOS="2075" HPOS="596"/>
						<String ID="string_240" HPOS="622" VPOS="2073" WIDTH="108" HEIGHT="48" WC="0.92" CONTENT="eſtre"/><SP WIDTH="22" VPOS="2073" HPOS="730"/>
						<String ID="string_241" HPOS="752" VPOS="2088" WIDTH="197" HEIGHT="33" WC="0.73" CONTENT="conceus"/><SP WIDTH="21" VPOS="2088" HPOS="949"/>
						<String ID="string_242" HPOS="970" VPOS="2069" WIDTH="98" HEIGHT="49" WC="0.1" CONTENT="Von"/><SP WIDTH="18" VPOS="2069" HPOS="1068"/>
						<String ID="string_243" HPOS="1086" VPOS="2066" WIDTH="101" HEIGHT="54" WC="0.92" CONTENT="ſans"/><SP WIDTH="24" VPOS="2066" HPOS="1187"/>
						<String ID="string_244" HPOS="1211" VPOS="2069" WIDTH="175" HEIGHT="61" WC="0.11" CONTENT="Pautte,"/>
					</TextLine>
					<TextLine ID="line_31" HPOS="146" VPOS="2139" WIDTH="1241" HEIGHT="71">
						<String ID="string_245" HPOS="146" VPOS="2145" WIDTH="49" HEIGHT="41" WC="0.92" CONTENT="&amp;"/><SP WIDTH="15" VPOS="2145" HPOS="195"/>
						<String ID="string_246" HPOS="210" VPOS="2140" WIDTH="80" HEIGHT="62" WC="0.91" CONTENT="qui"/><SP WIDTH="22" VPOS="2140" HPOS="290"/>
						<String ID="string_247" HPOS="312" VPOS="2141" WIDTH="107" HEIGHT="47" WC="0.17" CONTENT="men"/><SP WIDTH="22" VPOS="2141" HPOS="419"/>
						<String ID="string_248" HPOS="441" VPOS="2140" WIDTH="332" HEIGHT="70" WC="0.90" CONTENT="preſuppoſent"/><SP WIDTH="10" VPOS="2140" HPOS="773"/>
						<String ID="string_249" HPOS="783" VPOS="2145" WIDTH="139" HEIGHT="64" WC="0.92" CONTENT="point"/><SP WIDTH="18" VPOS="2145" HPOS="922"/>
						<String ID="string_250" HPOS="940" VPOS="2139" WIDTH="194" HEIGHT="49" WC="0.33" CONTENT="dautres"/><SP WIDTH="17" VPOS="2139" HPOS="1134"/>
						<String ID="string_251" HPOS="1151" VPOS="2139" WIDTH="169" HEIGHT="68" WC="0.89" CONTENT="auquel"/><SP WIDTH="13" VPOS="2139" HPOS="1320"/>
						<String ID="string_252" HPOS="1333" VPOS="2139" WIDTH="54" HEIGHT="48" WC="0.90" CONTENT="ils"/>
					</TextLine>
					<TextLine ID="line_32" HPOS="1123" VPOS="2212" WIDTH="115" HEIGHT="62">
						<String ID="string_253" HPOS="1123" VPOS="2212" WIDTH="43" HEIGHT="47" WC="0.24" CONTENT="C"/><SP WIDTH="24" VPOS="2212" HPOS="1166"/>
						<String ID="string_254" HPOS="1190" VPOS="2212" WIDTH="48" HEIGHT="62" WC="0.24" CONTENT="iij"/>
					</TextLine>
				</TextBlock>
			</PrintSpace>
		</Page>
	</Layout>
</alto>
