1776 2528
329 161 5 5 .
883 110 373 50 L'REFACR

168 159 189 40 musaliquid
382 162 84 37 cogi-
766 174 25 17 OP2
972 180 7 7 .
1338 173 15 15 à

170 199 87 29 ando
256 169 133 79 vera,
480 191 151 34 noitre
653 173 177 71 penfée.
870 176 40 47 Il
942 175 170 64 ajoufte
1144 192 167 31 encore
1337 194 27 28 à
1397 192 50 29 ce
1477 192 169 50 propos

207 257 99 45 Nibil
326 257 76 29 mibi
421 258 44 28 le-
479 245 170 47 dansle
662 242 333 59 mefmeLiure.
1030 243 44 51 Il
1075 243 116 51 n’eft
1206 261 76 49 pas
1296 240 241 50 neceffaire
1552 260 94 49 que

165 304 42 28 gis
238 306 193 19 viviuereme
674 314 9 13 ;
827 315 6 6 :
1126 309 10 18 /
1229 314 8 7 :
1543 312 9 12 ;

167 337 108 34 Lciam,
293 334 174 31 haberenim
481 330 117 31 VOUS
620 328 271 50 m'aportiez
911 328 151 33 aucun
1094 327 306 51 témoignage
1434 309 59 49 de
1525 306 120 50 l'Éf-

155 378 123 70 nelQire
289 383 63 61 Où
366 374 63 77 PL
478 383 166 44 criture
656 397 117 49 pour
786 380 319 66 m'apprendre
1121 382 144 64 queie
1282 381 95 54 vis,
1400 388 75 38 car
1486 380 51 47 ie
1555 375 88 53 fuis

165 451 51 31 fn.
481 446 174 54 detelle
666 462 163 32 nature
842 444 667 69 queienefçauroisl'ignorer.

572 520 125 58 Cecy
719 512 454 54 ne-confirme-t-il
1207 531 80 48 pas
1316 532 49 31 ce
1392 530 94 49 que
1527 530 121 31 nous

461 599 160 33 auons
643 582 95 57 dit,
761 599 93 49 que
852 573 139 79 felon
1015 579 51 54 le
1095 577 254 55 fentiment
1370 580 63 50 de
1466 585 42 43 S.
1543 584 105 44 Au-

462 646 340 68 guftin,l’Ame
815 647 217 48 n’eftrien
1046 664 125 32 autre
1184 645 137 53 chofe
1333 648 176 65 qu'vne
1518 641 130 77 Sub-

459 713 258 68 ftancequi
737 711 136 69 penfe
895 751 17 20 ,
947 712 149 52 c’eft
1053 707 39 78 à
1119 715 121 56 dire,
1261 717 85 64 qui
1369 716 278 64 s’apperçoit

462 784 62 48 de
540 799 169 35 toutce
722 781 164 68 qu'elle
904 778 117 60 fair,
1047 784 98 62 puis
1168 782 115 67 qu'il
1305 799 25 29 a
1346 781 208 68 dit.qu'il
1574 798 73 31 te-

454 855 119 50 noit
585 847 113 54 defa
709 849 230 49 naturede
950 866 58 29 ne
1020 852 202 62 pouvoir
1236 853 275 63 pasignorer
1533 849 114 67 qu'il

454 921 194 52 viuoit.
669 920 59 44 Et
743 910 119 76 apres
874 919 127 48 auois
1024 914 69 50 dit
1108 915 114 53 dans
1238 918 197 49 le‘Liure
1449 918 58 48 de
1536 918 113 46 l’m-

459 981 211 53 mortalité
692 983 48 47 de
758 985 137 45 l'Ame
906 1019 15 22 ,
934 982 178 69 qu'elle
1130 1001 64 30 ne
1208 987 201 63 pouuoit
1426 982 222 50 eftrefans

461 1055 167 57 viure,
652 1059 44 43 &
721 1050 155 52 difant
895 1054 71 62 icy
998 1050 169 68 qu'elle
1184 1069 61 29 ne
1263 1054 259 65 peut-viure
1542 1050 101 67 fans

465 1120 99 46 s'en
577 1123 279 62 aperceuoir,
873 1136 57 30 ne
943 1115 236 52 s’enfuit-il
1194 1121 77 65 pas
1286 1118 113 67 qu'il
1415 1137 24 29 a
1449 1118 80 49 crû
1541 1122 106 65 qu’-

464 1185 94 49 elle
575 1185 185 68 penfoit
782 1184 234 57 toufiours
1036 1224 18 21 ,
1079 1187 396 68 principalement
1503 1203 143 50 ayant

164 1258 56 67 Sie
228 1266 26 57 er
296 1255 43 69 fe
347 1235 60 102 ee
431 1253 216 63 &ajoufté
679 1255 115 47 dans
817 1255 44 47 le
893 1275 74 34 10.
998 1256 142 50 Liure
1169 1255 62 50 de
1267 1255 44 47 la
1340 1253 162 55 Trinite
1540 1258 105 65 Que

237 1324 3 2 :
348 1314 9 15 2
493 1323 10 12 ;
727 1325 8 6 .
849 1323 9 12 ;
1001 1325 3 4 ë
1147 1324 9 12 ;
1311 1325 6 6 .
1614 1315 29 9 —

170 1311 163 105 modéel,
340 1337 28 64 &
393 1320 96 77 ue]
505 1324 122 49 Ame
646 1319 113 70 fçait
781 1339 50 54 qu
837 1316 108 86 elle
965 1320 86 58 eft,
1077 1322 168 66 qu'elle
1272 1338 71 31 vit
1369 1346 12 33 ;
1410 1324 137 45 Parce
1587 1339 57 60 ue

472 1385 87 50 fon
579 1387 126 52 Eftre
729 1396 45 42 &
796 1388 46 50 fa
877 1393 92 47 Vie
996 1387 255 56 confitent
1270 1389 123 52 dans
1425 1388 218 54 l’Intelli-

472 1447 162 77 gence.

465 1522 7 4 _
543 1521 109 49 Cela
672 1536 109 51 peut
802 1520 113 48 eftre
934 1540 168 31 encore
1120 1522 229 51 confirmé
1368 1540 79 48 par
1456 1523 49 45 la
1519 1521 119 49 défi

472 1592 160 50 nition
647 1588 350 67 qu'ildonnedel
1008 1589 180 58 Ame,
1210 1590 115 50 dans
1344 1589 119 60 ler13.
1482 1589 154 68 Chap.

473 1659 65 46 du
562 1661 137 49 Liure
722 1657 56 47 de
800 1655 168 68 l’Efprit
981 1656 50 48 de
1052 1659 139 46 l'Ame
1210 1695 17 23 ,
1258 1675 58 31 en
1348 1654 152 52 difant
1537 1675 93 48 que

173 1755 112 45 Avima
303 1757 37 29 et
359 1758 100 38 spi
470 1723 229 52 l'Amecft
733 1744 64 31 vn
820 1723 150 70 Efprit
989 1726 267 66 intelligent
1272 1760 19 20 ,
1304 1720 237 54 toufiours
1562 1728 77 44 vi-

170 1796 234 75 Footer
473 1792 362 55 uant,toufiours
843 1795 115 46 dans
970 1796 375 51 lemouuement,
1363 1798 86 42 &c,
1477 1792 161 49 Eftant

172 1872 110 38 femper
292 1874 33 32 ji
344 1856 96 54 motu,
466 1882 45 28 41
529 1865 118 43 Ctain
661 1876 92 48 que
771 1876 84 47 par
865 1857 44 47 fa
928 1862 73 42 vie
1013 1866 46 37 &
1075 1855 63 48 fes
1161 1874 308 32 mouuemens,
1481 1859 158 57 iln’a

176 1910 39 85 Ke
472 1930 66 65 pô
551 1917 245 82 conceuoir
809 1917 128 82 autre
960 1921 134 51 chofe
1107 1942 93 51 que
1221 1923 64 51 fes
1306 1923 183 69 penfées
1505 1964 14 20 ,
1538 1931 100 62 puis

473 1998 114 66 qu’il
612 1992 379 69 croitquel'Ame
1019 1995 60 49 eft
1099 1993 380 48 immaterielle
1422 1988 54 80 &
1504 1997 134 46 inca-

471 2064 139 64 pable
630 2062 155 52 d’eftre
797 2063 112 47 dans
929 2059 163 54 vnlieu
1106 2097 29 42 ;
1144 2079 188 52 comme
1347 2077 116 35 nous
1483 2055 155 62 ferons

204 2126 83 58 ut
375 2147 37 44 ©
469 2134 109 48 Yoir
600 2132 340 54 incontinent.:
1094 2141 51 29 La
