1776 2528
853 0 34 10 —

295 106 80 52 DE
413 106 418 52 LESDRITDE
876 104 331 53 HOMME.
1311 106 72 61 27

139 177 228 51 fhomme
386 177 74 48 n'a
482 194 177 30 aucune
685 174 354 58 connoiſſance,
1064 173 36 47 ib
1118 173 60 47 eſt
1199 188 110 50 vray
1323 175 58 48 de

138 244 96 48 dire
243 244 112 67 qu'il
369 244 71 48 ma
451 248 137 63 point
599 245 57 47 de
679 241 277 59 ſentiment,
978 259 134 50 parce
1124 258 89 49 que
1226 240 44 49 le
1278 238 100 52 ſens

137 311 59 48 eſt
207 319 93 47 vñe
311 309 222 70 eſpecẽde
546 311 343 53 connoiſſance;
906 319 44 39 &
965 328 57 30 au
1035 313 344 62 contraire,
1290 305 85 78 que

138 398 47 29 ce
213 384 82 63 qui
320 378 44 49 fe
390 381 74 47 dit
491 380 58 47 de
578 377 199 70 EEſpece
780 371 155 80 peut-
947 371 111 80 eſtre
1091 375 199 48 attribué
1319 395 63 29 au

140 452 179 44 Genre:
332 466 73 30 car
418 447 68 48 sil
500 446 185 49 meſtoit
697 466 77 47 pas
785 464 108 46 vray
913 445 56 48 de
981 446 98 46 dire
1090 444 116 67 qu'il
1219 463 25 45 y
1260 463 25 28 a
1298 444 84 48 des

136 520 153 62 Corps
311 520 81 61 qui
407 512 227 58 Penſent,
655 514 104 47 ilne
769 511 138 49 ſeroit
918 531 77 46 pas
1019 529 110 46 vray
1152 529 102 31 non
1275 511 101 66 plus

134 581 57 48 de
202 583 115 55 dire,
330 599 94 47 que
436 582 62 45 les
521 577 142 49 beſtes
687 579 154 47 brutes
865 594 87 31 ont
965 578 208 66 quelque
1188 577 192 51 Pensce.

167 651 51 44 Ie
231 665 60 30 ne
308 666 108 46 croy
429 665 79 48 pas
521 646 135 66 qu'ils
669 645 199 67 puiſſent
878 641 112 52 faire
1002 642 223 53 diſficultè
1238 645 55 55 de
1304 663 76 29 re-

133 718 157 45 ceuoir
304 734 69 29 ces
385 711 335 70 ſuppolitions,
728 714 196 51 dautant
936 711 190 68 qu'elles
1139 709 107 51 ſont
1258 731 125 30 con-

136 778 176 52 formes
332 781 25 49 à
369 781 115 49 leurs
501 784 262 64 Principes,
776 790 46 39 &
836 798 63 51 qu
905 780 122 54 eſles
1037 778 107 51 ſont
1155 777 35 50 ſi
1201 780 183 58 claires,

138 851 113 64 qu'il
274 853 77 62 ny
374 869 23 29 a
411 853 139 63 point
563 847 189 69 d'eſprit
769 865 103 32 tant
892 846 90 50 ſoit
1001 867 89 48 peu
1102 845 211 60 attentif,
1330 857 45 40 &

137 922 78 59 qui
227 922 63 44 ait
305 918 41 48 la
358 918 219 49 moindre
588 921 201 44 teinture
797 917 57 47 de
869 914 328 69 Philoſophie,
1212 920 87 58 qui
1315 916 70 48 les

138 984 139 65 puiſſe
288 990 114 45 nier.
442 985 120 49 Ceſt
576 1002 246 49 pourquoy
836 984 99 48 cela
944 983 144 48 eſtant
1100 981 194 71 ſupposé,
1306 988 80 53 ie

138 1050 213 52 taiſonne
375 1054 65 47 de
452 1052 45 48 la
517 1051 153 50 ſorte:
697 1056 85 44 Les
806 1056 243 63 premieres
1071 1049 173 69 eſpeces
1263 1052 122 49 dvn

142 1122 155 47 Senre
317 1119 249 52 ſouuerain
582 1138 59 30 ne
660 1119 266 63 ſcaurbient
945 1123 223 44 conuenir
1192 1120 186 51 entr'el-

140 1182 93 62 les,
252 1207 89 48 que
362 1190 115 47 dans
499 1188 63 47 les
586 1188 215 47 attriburs
825 1186 223 51 eſſentiels
1072 1187 57 46 de
1148 1204 49 28 ce
1221 1191 167 42 Genre

138 1249 276 65 ſouuerain,
427 1245 240 78 autrement
708 1254 106 48 elles
834 1272 58 30 ne
903 1245 193 78 ſeroient
1105 1245 82 78 pas
1200 1251 61 49 les
1275 1270 109 48 pre-

140 1325 164 46 mieres
314 1323 207 67 eſpeces,
540 1333 44 38 &
600 1324 50 46 la
655 1320 136 50 choſe
804 1323 112 47 dans
932 1321 194 65 laquelle
1141 1320 104 48 elles
1259 1338 127 32 con-

140 1391 298 48 niendroient
444 1390 152 49 ſeroit
623 1409 68 31 vn
713 1395 157 44 Genre
893 1394 79 62 qui
994 1388 278 56 tiendroit
1219 1384 57 76 le
1284 1394 100 44 mi-

142 1452 91 53 lieu
246 1448 111 77 entr'
363 1458 121 58 elles,
495 1468 44 39 &
558 1478 56 42 ce.
625 1464 155 43 Genre
793 1455 258 51 ſouuerain:
1067 1461 73 42 Or
1153 1455 82 48 eſt
1222 1448 14 77 ·
1244 1454 31 49 il
1292 1473 97 48 que

142 1519 43 46 la
199 1519 240 52 ſubſtance
446 1525 59 47 eſt
517 1525 43 47 le
575 1531 155 44 Genre
748 1523 244 50 ſouuerain
1004 1524 121 49 dont
1137 1521 249 69 Eſprit
1329 1515 41 79 &

142 1584 44 48 le
198 1591 151 60 Corps
362 1587 85 49 ſont
462 1592 78 46 les
552 1596 292 60 premieres
799 1580 41 81 &
852 1590 138 50 ſeules
1002 1590 171 67 eſpeces
1197 1605 183 50 partant

144 1653 53 48 ils
209 1672 58 29 ne
279 1672 203 49 peuuent
507 1663 222 41 conuenir
748 1648 86 77 que
839 1648 123 77 dans
990 1658 61 45 les
1074 1657 213 46 attributs
1310 1652 78 48 eſ-

143 1717 180 53 ſenticls
336 1721 56 49 de
404 1722 45 47 la
462 1713 261 76 Subſtance.
747 1728 187 57 Voyons
948 1726 293 41 maintenant
1254 1721 138 61 quels

145 1786 108 51 ſont
273 1809 74 29 ces
359 1790 238 48 attributs.
633 1795 69 44 Ce
727 1786 107 51 ſont
856 1784 100 51 ſans
981 1787 153 48 doute
1149 1803 118 30 ceux
1282 1783 109 52 fans

145 1853 189 69 leſquels
356 1858 43 48 la
413 1858 317 51 Subſtance
660 1849 62 81 ne
742 1855 246 71 peut
843 1849 27 81 ·
870 1855 118 71 eſtre
1001 1862 226 49 conceuẽ,
1244 1862 43 38 &
1305 1858 85 62 qui

147 1931 320 43 conuiennent
490 1927 25 48 à
539 1942 153 32 toutes
717 1927 62 48 les
803 1924 269 49 Subſtances
1102 1921 290 66 également,

146 2007 188 32 gomme
345 1994 16 47 d
381 1994 123 48 eſtre
514 2012 80 50 par
608 1989 349 58 ellesmeſmes,
971 1989 156 47 d'eſtre
1137 1989 41 45 le
1189 1995 196 59 premier

125 2048 63 84 fu
195 2060 64 58 jet
271 2058 55 46 de
338 2062 221 66 quelques
583 2064 288 66 proprietes,
885 2059 56 49 de
952 2055 218 50 sexclure
1185 2059 167 48 mutuel

141 2119 179 52 lement
341 2124 120 67 kvne
482 2130 191 60 lauire,
689 2131 59 49 de
767 2127 159 53 meſtre
947 2128 136 64 point
1101 2121 290 69 ſouſtenuẽs,

1057 2199 46 47 D
1102 2194 62 74 i
