<?xml version="1.0" encoding="UTF-8"?>
<alto xmlns="http://www.loc.gov/standards/alto/ns-v3#" xmlns:xlink="http://www.w3.org/1999/xlink" xmlns:xsi="http://www.w3.org/2001/XMLSchema-instance" xsi:schemaLocation="http://www.loc.gov/standards/alto/ns-v3# http://www.loc.gov/alto/v3/alto-3-0.xsd">
	<Description>
		<MeasurementUnit>pixel</MeasurementUnit>
		<sourceImageInformation>
			<fileName>			</fileName>
		</sourceImageInformation>
		<OCRProcessing ID="OCR_0">
			<ocrProcessingStep>
				<processingSoftware>
					<softwareName>tesseract v4.1.0-elag2019</softwareName>
				</processingSoftware>
			</ocrProcessingStep>
		</OCRProcessing>
	</Description>
	<Layout>
		<Page WIDTH="1776" HEIGHT="2528" PHYSICAL_IMG_NR="0" ID="page_0">
			<PrintSpace HPOS="0" VPOS="0" WIDTH="1776" HEIGHT="2528">
				<TextBlock ID="block_0" HPOS="191" VPOS="105" WIDTH="1488" HEIGHT="1955">
					<TextLine ID="line_0" HPOS="861" VPOS="105" WIDTH="774" HEIGHT="63">
						<String ID="string_0" HPOS="861" VPOS="105" WIDTH="379" HEIGHT="50" WC="0.66" CONTENT="PiREEACE."/><SP WIDTH="316" VPOS="105" HPOS="1240"/>
						<String ID="string_1" HPOS="1556" VPOS="147" WIDTH="79" HEIGHT="21" WC="0.49" CONTENT="—"/>
					</TextLine>
					<TextLine ID="line_1" HPOS="476" VPOS="173" WIDTH="1189" HEIGHT="67">
						<String ID="string_2" HPOS="476" VPOS="181" WIDTH="114" HEIGHT="45" WC="0.91" CONTENT="liure"/><SP WIDTH="11" VPOS="181" HPOS="590"/>
						<String ID="string_3" HPOS="601" VPOS="173" WIDTH="112" HEIGHT="52" WC="0.51" CONTENT="deſa"/><SP WIDTH="10" VPOS="173" HPOS="713"/>
						<String ID="string_4" HPOS="723" VPOS="173" WIDTH="386" HEIGHT="67" WC="0.91" CONTENT="Metaphyſique,"/><SP WIDTH="22" VPOS="173" HPOS="1109"/>
						<String ID="string_5" HPOS="1131" VPOS="177" WIDTH="83" HEIGHT="63" WC="0.92" CONTENT="qui"/><SP WIDTH="22" VPOS="177" HPOS="1214"/>
						<String ID="string_6" HPOS="1236" VPOS="173" WIDTH="132" HEIGHT="66" WC="0.92" CONTENT="porte"/><SP WIDTH="13" VPOS="173" HPOS="1368"/>
						<String ID="string_7" HPOS="1381" VPOS="190" WIDTH="121" HEIGHT="49" WC="0.93" CONTENT="pour"/><SP WIDTH="15" VPOS="190" HPOS="1502"/>
						<String ID="string_8" HPOS="1517" VPOS="175" WIDTH="148" HEIGHT="65" WC="0.59" CONTENT="Titre"/>
					</TextLine>
					<TextLine ID="line_2" HPOS="478" VPOS="238" WIDTH="1169" HEIGHT="70">
						<String ID="string_9" HPOS="478" VPOS="249" WIDTH="78" HEIGHT="44" WC="0.91" CONTENT="De"/><SP WIDTH="16" VPOS="249" HPOS="556"/>
						<String ID="string_10" HPOS="572" VPOS="240" WIDTH="135" HEIGHT="51" WC="0.5" CONTENT="Pyilit"/><SP WIDTH="21" VPOS="240" HPOS="707"/>
						<String ID="string_11" HPOS="728" VPOS="242" WIDTH="48" HEIGHT="46" WC="0.88" CONTENT="de"/><SP WIDTH="22" VPOS="242" HPOS="776"/>
						<String ID="string_12" HPOS="798" VPOS="241" WIDTH="140" HEIGHT="47" WC="0.0" CONTENT="douter,"/><SP WIDTH="56" VPOS="241" HPOS="938"/>
						<String ID="string_13" HPOS="994" VPOS="241" WIDTH="52" HEIGHT="60" WC="0.89" CONTENT="&amp;"/><SP WIDTH="23" VPOS="241" HPOS="1046"/>
						<String ID="string_14" HPOS="1069" VPOS="241" WIDTH="68" HEIGHT="46" WC="0.84" CONTENT="des"/><SP WIDTH="23" VPOS="241" HPOS="1137"/>
						<String ID="string_15" HPOS="1160" VPOS="238" WIDTH="125" HEIGHT="67" WC="0.53" CONTENT="choſcs"/><SP WIDTH="11" VPOS="238" HPOS="1285"/>
						<String ID="string_16" HPOS="1296" VPOS="239" WIDTH="137" HEIGHT="48" WC="0.72" CONTENT="dont᷑"/><SP WIDTH="-43" VPOS="239" HPOS="1433"/>
						<String ID="string_17" HPOS="1390" VPOS="234" WIDTH="53" HEIGHT="78" WC="0.72" CONTENT="il"/><SP WIDTH="-1" VPOS="234" HPOS="1443"/>
						<String ID="string_18" HPOS="1442" VPOS="234" WIDTH="98" HEIGHT="78" WC="0.91" CONTENT="faut"/><SP WIDTH="13" VPOS="234" HPOS="1540"/>
						<String ID="string_19" HPOS="1553" VPOS="258" WIDTH="91" HEIGHT="50" WC="0.92" CONTENT="pre-"/>
					</TextLine>
					<TextLine ID="line_3" HPOS="481" VPOS="305" WIDTH="1179" HEIGHT="70">
						<String ID="string_20" HPOS="481" VPOS="316" WIDTH="232" HEIGHT="42" WC="0.86" CONTENT="mierement"/><SP WIDTH="44" VPOS="316" HPOS="713"/>
						<String ID="string_21" HPOS="757" VPOS="308" WIDTH="177" HEIGHT="54" WC="0.85" CONTENT="douter;"/><SP WIDTH="33" VPOS="308" HPOS="934"/>
						<String ID="string_22" HPOS="967" VPOS="311" WIDTH="162" HEIGHT="61" WC="0.91" CONTENT="Voicy"/><SP WIDTH="15" VPOS="311" HPOS="1129"/>
						<String ID="string_23" HPOS="1144" VPOS="305" WIDTH="63" HEIGHT="51" WC="0.92" CONTENT="ſes"/><SP WIDTH="30" VPOS="305" HPOS="1207"/>
						<String ID="string_24" HPOS="1237" VPOS="307" WIDTH="178" HEIGHT="68" WC="0.86" CONTENT="paroles:"/><SP WIDTH="34" VPOS="307" HPOS="1415"/>
						<String ID="string_25" HPOS="1449" VPOS="310" WIDTH="211" HEIGHT="65" WC="0.0" CONTENT="¶Pour"/>
					</TextLine>
					<TextLine ID="line_4" HPOS="482" VPOS="374" WIDTH="1177" HEIGHT="71">
						<String ID="string_26" HPOS="482" VPOS="381" WIDTH="214" HEIGHT="64" WC="0.55" CONTENT="paruenir"/><SP WIDTH="16" VPOS="381" HPOS="696"/>
						<String ID="string_27" HPOS="712" VPOS="374" WIDTH="81" HEIGHT="50" WC="0.34" CONTENT="la"/><SP WIDTH="10" VPOS="374" HPOS="793"/>
						<String ID="string_28" HPOS="803" VPOS="374" WIDTH="176" HEIGHT="50" WC="0.80" CONTENT="ſcience"/><SP WIDTH="10" VPOS="374" HPOS="979"/>
						<String ID="string_29" HPOS="989" VPOS="393" WIDTH="102" HEIGHT="49" WC="0.83" CONTENT="que"/><SP WIDTH="1" VPOS="393" HPOS="1091"/>
						<String ID="string_30" HPOS="1092" VPOS="370" WIDTH="130" HEIGHT="79" WC="0.91" CONTENT="nous"/><SP WIDTH="12" VPOS="370" HPOS="1222"/>
						<String ID="string_31" HPOS="1234" VPOS="376" WIDTH="258" HEIGHT="48" WC="0.91" CONTENT="cherchons,"/><SP WIDTH="13" VPOS="376" HPOS="1492"/>
						<String ID="string_32" HPOS="1505" VPOS="376" WIDTH="69" HEIGHT="59" WC="0.91" CONTENT="il"/><SP WIDTH="15" VPOS="376" HPOS="1574"/>
						<String ID="string_33" HPOS="1589" VPOS="378" WIDTH="70" HEIGHT="47" WC="0.92" CONTENT="eſt"/>
					</TextLine>
					<TextLine ID="line_5" HPOS="485" VPOS="443" WIDTH="1175" HEIGHT="68">
						<String ID="string_34" HPOS="485" VPOS="443" WIDTH="246" HEIGHT="52" WC="0.91" CONTENT="neceſſaire"/><SP WIDTH="16" VPOS="443" HPOS="731"/>
						<String ID="string_35" HPOS="747" VPOS="462" WIDTH="98" HEIGHT="49" WC="0.92" CONTENT="que"/><SP WIDTH="8" VPOS="462" HPOS="845"/>
						<String ID="string_36" HPOS="853" VPOS="461" WIDTH="118" HEIGHT="30" WC="0.92" CONTENT="nous"/><SP WIDTH="12" VPOS="461" HPOS="971"/>
						<String ID="string_37" HPOS="983" VPOS="446" WIDTH="296" HEIGHT="63" WC="0.89" CONTENT="parcourions"/><SP WIDTH="12" VPOS="446" HPOS="1279"/>
						<String ID="string_38" HPOS="1291" VPOS="446" WIDTH="369" HEIGHT="62" WC="0.86" CONTENT="premierement"/>
					</TextLine>
					<TextLine ID="line_6" HPOS="487" VPOS="507" WIDTH="1184" HEIGHT="61">
						<String ID="string_39" HPOS="487" VPOS="513" WIDTH="62" HEIGHT="48" WC="0.92" CONTENT="les"/><SP WIDTH="32" VPOS="513" HPOS="549"/>
						<String ID="string_40" HPOS="581" VPOS="509" WIDTH="157" HEIGHT="50" WC="0.92" CONTENT="choſes"/><SP WIDTH="29" VPOS="509" HPOS="738"/>
						<String ID="string_41" HPOS="767" VPOS="512" WIDTH="127" HEIGHT="47" WC="0.91" CONTENT="dont"/><SP WIDTH="28" VPOS="512" HPOS="894"/>
						<String ID="string_42" HPOS="922" VPOS="528" WIDTH="122" HEIGHT="30" WC="0.92" CONTENT="nous"/><SP WIDTH="26" VPOS="528" HPOS="1044"/>
						<String ID="string_43" HPOS="1070" VPOS="510" WIDTH="177" HEIGHT="49" WC="0.90" CONTENT="deuons"/><SP WIDTH="29" VPOS="510" HPOS="1247"/>
						<String ID="string_44" HPOS="1276" VPOS="511" WIDTH="164" HEIGHT="47" WC="0.88" CONTENT="douter,"/><SP WIDTH="24" VPOS="511" HPOS="1440"/>
						<String ID="string_45" HPOS="1464" VPOS="512" WIDTH="141" HEIGHT="56" WC="0.10" CONTENT="ceſt"/><SP WIDTH="15" VPOS="512" HPOS="1605"/>
						<String ID="string_46" HPOS="1620" VPOS="507" WIDTH="51" HEIGHT="52" WC="0.62" CONTENT="à"/>
					</TextLine>
					<TextLine ID="line_7" HPOS="487" VPOS="575" WIDTH="1174" HEIGHT="68">
						<String ID="string_47" HPOS="487" VPOS="575" WIDTH="479" HEIGHT="67" WC="0.85" CONTENT="ſcauoir,"/><SP WIDTH="-281" VPOS="575" HPOS="966"/>
						<String ID="string_48" HPOS="685" VPOS="571" WIDTH="83" HEIGHT="76" WC="0.89" CONTENT="les"/><SP WIDTH="6" VPOS="571" HPOS="768"/>
						<String ID="string_49" HPOS="774" VPOS="575" WIDTH="192" HEIGHT="67" WC="0.90" CONTENT="diuerſes"/><SP WIDTH="13" VPOS="575" HPOS="966"/>
						<String ID="string_50" HPOS="979" VPOS="581" WIDTH="220" HEIGHT="62" WC="0.92" CONTENT="opinions"/><SP WIDTH="9" VPOS="581" HPOS="1199"/>
						<String ID="string_51" HPOS="1208" VPOS="578" WIDTH="176" HEIGHT="48" WC="0.76" CONTENT="deceux"/><SP WIDTH="15" VPOS="578" HPOS="1384"/>
						<String ID="string_52" HPOS="1399" VPOS="581" WIDTH="83" HEIGHT="61" WC="0.91" CONTENT="qui"/><SP WIDTH="11" VPOS="581" HPOS="1482"/>
						<String ID="string_53" HPOS="1493" VPOS="598" WIDTH="58" HEIGHT="28" WC="0.91" CONTENT="en"/><SP WIDTH="12" VPOS="598" HPOS="1551"/>
						<String ID="string_54" HPOS="1563" VPOS="594" WIDTH="98" HEIGHT="33" WC="0.89" CONTENT="ont"/>
					</TextLine>
					<TextLine ID="line_8" HPOS="491" VPOS="644" WIDTH="1183" HEIGHT="70">
						<String ID="string_55" HPOS="491" VPOS="645" WIDTH="205" HEIGHT="55" WC="0.8" CONTENT="traitté,"/><SP WIDTH="17" VPOS="645" HPOS="696"/>
						<String ID="string_56" HPOS="713" VPOS="654" WIDTH="43" HEIGHT="38" WC="0.89" CONTENT="&amp;"/><SP WIDTH="24" VPOS="654" HPOS="756"/>
						<String ID="string_57" HPOS="780" VPOS="661" WIDTH="92" HEIGHT="49" WC="0.91" CONTENT="que"/><SP WIDTH="23" VPOS="661" HPOS="872"/>
						<String ID="string_58" HPOS="895" VPOS="661" WIDTH="116" HEIGHT="31" WC="0.92" CONTENT="nous"/><SP WIDTH="33" VPOS="661" HPOS="1011"/>
						<String ID="string_59" HPOS="1044" VPOS="645" WIDTH="269" HEIGHT="65" WC="0.91" CONTENT="regardions"/><SP WIDTH="23" VPOS="645" HPOS="1313"/>
						<String ID="string_60" HPOS="1336" VPOS="644" WIDTH="66" HEIGHT="47" WC="0.33" CONTENT="sil"/><SP WIDTH="20" VPOS="644" HPOS="1402"/>
						<String ID="string_61" HPOS="1422" VPOS="662" WIDTH="25" HEIGHT="46" WC="0.34" CONTENT="y"/><SP WIDTH="24" VPOS="662" HPOS="1447"/>
						<String ID="string_62" HPOS="1471" VPOS="663" WIDTH="26" HEIGHT="28" WC="0.30" CONTENT="aà"/><SP WIDTH="28" VPOS="663" HPOS="1497"/>
						<String ID="string_63" HPOS="1525" VPOS="646" WIDTH="149" HEIGHT="68" WC="0.89" CONTENT="quel-"/>
					</TextLine>
					<TextLine ID="line_9" HPOS="492" VPOS="708" WIDTH="1168" HEIGHT="73">
						<String ID="string_64" HPOS="492" VPOS="730" WIDTH="92" HEIGHT="49" WC="0.91" CONTENT="que"/><SP WIDTH="15" VPOS="730" HPOS="584"/>
						<String ID="string_65" HPOS="599" VPOS="709" WIDTH="137" HEIGHT="70" WC="0.87" CONTENT="choſe"/><SP WIDTH="11" VPOS="709" HPOS="736"/>
						<String ID="string_66" HPOS="747" VPOS="711" WIDTH="135" HEIGHT="66" WC="0.0" CONTENT="quils"/><SP WIDTH="12" VPOS="711" HPOS="882"/>
						<String ID="string_67" HPOS="894" VPOS="713" WIDTH="185" HEIGHT="62" WC="0.86" CONTENT="mayent"/><SP WIDTH="13" VPOS="713" HPOS="1079"/>
						<String ID="string_68" HPOS="1092" VPOS="729" WIDTH="76" HEIGHT="48" WC="0.75" CONTENT="pas"/><SP WIDTH="19" VPOS="729" HPOS="1168"/>
						<String ID="string_69" HPOS="1187" VPOS="710" WIDTH="88" HEIGHT="49" WC="0.31" CONTENT="vũi:"/><SP WIDTH="16" VPOS="710" HPOS="1275"/>
						<String ID="string_70" HPOS="1291" VPOS="717" WIDTH="93" HEIGHT="42" WC="0.81" CONTENT="Car"/><SP WIDTH="14" VPOS="717" HPOS="1384"/>
						<String ID="string_71" HPOS="1398" VPOS="711" WIDTH="31" HEIGHT="46" WC="0.81" CONTENT="il"/><SP WIDTH="21" VPOS="711" HPOS="1429"/>
						<String ID="string_72" HPOS="1450" VPOS="708" WIDTH="98" HEIGHT="51" WC="0.82" CONTENT="faut"/><SP WIDTH="13" VPOS="708" HPOS="1548"/>
						<String ID="string_73" HPOS="1561" VPOS="731" WIDTH="99" HEIGHT="50" WC="0.82" CONTENT="que"/>
					</TextLine>
					<TextLine ID="line_10" HPOS="493" VPOS="777" WIDTH="1167" HEIGHT="69">
						<String ID="string_74" HPOS="493" VPOS="799" WIDTH="111" HEIGHT="28" WC="0.92" CONTENT="ceux"/><SP WIDTH="28" VPOS="799" HPOS="604"/>
						<String ID="string_75" HPOS="632" VPOS="772" WIDTH="82" HEIGHT="78" WC="0.92" CONTENT="qui"/><SP WIDTH="12" VPOS="772" HPOS="714"/>
						<String ID="string_76" HPOS="726" VPOS="772" WIDTH="207" HEIGHT="78" WC="0.92" CONTENT="veulent"/><SP WIDTH="27" VPOS="772" HPOS="933"/>
						<String ID="string_77" HPOS="960" VPOS="781" WIDTH="215" HEIGHT="63" WC="0.79" CONTENT="acquetir"/><SP WIDTH="19" VPOS="781" HPOS="1175"/>
						<String ID="string_78" HPOS="1194" VPOS="796" WIDTH="91" HEIGHT="31" WC="0.72" CONTENT="vne"/><SP WIDTH="39" VPOS="796" HPOS="1285"/>
						<String ID="string_79" HPOS="1324" VPOS="779" WIDTH="336" HEIGHT="50" WC="0.51" CONTENT="connoiſſanice"/>
					</TextLine>
					<TextLine ID="line_11" HPOS="469" VPOS="845" WIDTH="1193" HEIGHT="67">
						<String ID="string_80" HPOS="494" VPOS="845" WIDTH="272" HEIGHT="49" WC="0.28" CONTENT="cuidente"/><SP WIDTH="-48" VPOS="845" HPOS="766"/>
						<String ID="string_81" HPOS="718" VPOS="840" WIDTH="51" HEIGHT="76" WC="0.87" CONTENT="&amp;"/><SP WIDTH="20" VPOS="840" HPOS="769"/>
						<String ID="string_82" HPOS="789" VPOS="861" WIDTH="209" HEIGHT="50" WC="0.90" CONTENT="exempte"/><SP WIDTH="21" VPOS="861" HPOS="998"/>
						<String ID="string_83" HPOS="1019" VPOS="846" WIDTH="56" HEIGHT="46" WC="0.90" CONTENT="de"/><SP WIDTH="19" VPOS="846" HPOS="1075"/>
						<String ID="string_84" HPOS="1094" VPOS="845" WIDTH="169" HEIGHT="58" WC="0.91" CONTENT="doute,"/><SP WIDTH="10" VPOS="845" HPOS="1263"/>
						<String ID="string_85" HPOS="1273" VPOS="862" WIDTH="150" HEIGHT="48" WC="0.93" CONTENT="ayent"/><SP WIDTH="27" VPOS="862" HPOS="1423"/>
						<String ID="string_86" HPOS="1450" VPOS="851" WIDTH="212" HEIGHT="61" WC="0.91" CONTENT="premie-"/>
					</TextLine>
					<TextLine ID="line_12" HPOS="496" VPOS="909" WIDTH="1168" HEIGHT="67">
						<String ID="string_87" HPOS="496" VPOS="929" WIDTH="180" HEIGHT="33" WC="0.92" CONTENT="rement"/><SP WIDTH="20" VPOS="929" HPOS="676"/>
						<String ID="string_88" HPOS="696" VPOS="909" WIDTH="103" HEIGHT="51" WC="0.93" CONTENT="ſoin"/><SP WIDTH="22" VPOS="909" HPOS="799"/>
						<String ID="string_89" HPOS="821" VPOS="913" WIDTH="65" HEIGHT="47" WC="0.34" CONTENT="de"/><SP WIDTH="11" VPOS="913" HPOS="886"/>
						<String ID="string_90" HPOS="897" VPOS="912" WIDTH="109" HEIGHT="47" WC="0.34" CONTENT="bien"/><SP WIDTH="19" VPOS="912" HPOS="1006"/>
						<String ID="string_91" HPOS="1025" VPOS="912" WIDTH="191" HEIGHT="59" WC="0.92" CONTENT="douter,"/><SP WIDTH="24" VPOS="912" HPOS="1216"/>
						<String ID="string_92" HPOS="1240" VPOS="913" WIDTH="129" HEIGHT="63" WC="0.74" CONTENT="&amp;c.]"/><SP WIDTH="21" VPOS="913" HPOS="1369"/>
						<String ID="string_93" HPOS="1390" VPOS="913" WIDTH="39" HEIGHT="47" WC="0.26" CONTENT="Il"/><SP WIDTH="23" VPOS="913" HPOS="1429"/>
						<String ID="string_94" HPOS="1452" VPOS="914" WIDTH="212" HEIGHT="49" WC="0.0" CONTENT="auroit"/>
					</TextLine>
					<TextLine ID="line_13" HPOS="496" VPOS="977" WIDTH="1159" HEIGHT="74">
						<String ID="string_95" HPOS="496" VPOS="981" WIDTH="126" HEIGHT="48" WC="0.84" CONTENT="donc"/><SP WIDTH="21" VPOS="981" HPOS="622"/>
						<String ID="string_96" HPOS="643" VPOS="997" WIDTH="54" HEIGHT="31" WC="0.38" CONTENT="eu"/><SP WIDTH="8" VPOS="997" HPOS="697"/>
						<String ID="string_97" HPOS="705" VPOS="973" WIDTH="155" HEIGHT="82" WC="0.38" CONTENT="garde"/><SP WIDTH="11" VPOS="973" HPOS="860"/>
						<String ID="string_98" HPOS="871" VPOS="973" WIDTH="180" HEIGHT="82" WC="0.35" CONTENT="ceſtre"/><SP WIDTH="4" VPOS="973" HPOS="1051"/>
						<String ID="string_99" HPOS="1055" VPOS="979" WIDTH="62" HEIGHT="47" WC="0.91" CONTENT="du"/><SP WIDTH="24" VPOS="979" HPOS="1117"/>
						<String ID="string_100" HPOS="1141" VPOS="981" WIDTH="203" HEIGHT="46" WC="0.91" CONTENT="nombre"/><SP WIDTH="19" VPOS="981" HPOS="1344"/>
						<String ID="string_101" HPOS="1363" VPOS="980" WIDTH="58" HEIGHT="48" WC="0.87" CONTENT="de"/><SP WIDTH="11" VPOS="980" HPOS="1421"/>
						<String ID="string_102" HPOS="1432" VPOS="982" WIDTH="112" HEIGHT="48" WC="0.87" CONTENT="ceux"/><SP WIDTH="14" VPOS="982" HPOS="1544"/>
						<String ID="string_103" HPOS="1558" VPOS="987" WIDTH="97" HEIGHT="64" WC="0.92" CONTENT="qui"/>
					</TextLine>
					<TextLine ID="line_14" HPOS="495" VPOS="1045" WIDTH="1167" HEIGHT="69">
						<String ID="string_104" HPOS="495" VPOS="1063" WIDTH="86" HEIGHT="33" WC="0.91" CONTENT="ont"/><SP WIDTH="20" VPOS="1063" HPOS="581"/>
						<String ID="string_105" HPOS="601" VPOS="1045" WIDTH="169" HEIGHT="50" WC="0.67" CONTENT="blàmé"/><SP WIDTH="16" VPOS="1045" HPOS="770"/>
						<String ID="string_106" HPOS="786" VPOS="1046" WIDTH="43" HEIGHT="49" WC="0.81" CONTENT="la"/><SP WIDTH="21" VPOS="1046" HPOS="829"/>
						<String ID="string_107" HPOS="850" VPOS="1050" WIDTH="221" HEIGHT="64" WC="0.92" CONTENT="premiere"/><SP WIDTH="32" VPOS="1050" HPOS="1071"/>
						<String ID="string_108" HPOS="1103" VPOS="1047" WIDTH="288" HEIGHT="49" WC="0.91" CONTENT="Meditation"/><SP WIDTH="20" VPOS="1047" HPOS="1391"/>
						<String ID="string_109" HPOS="1411" VPOS="1047" WIDTH="57" HEIGHT="49" WC="0.91" CONTENT="de"/><SP WIDTH="32" VPOS="1047" HPOS="1468"/>
						<String ID="string_110" HPOS="1500" VPOS="1053" WIDTH="162" HEIGHT="46" WC="0.91" CONTENT="Mon-"/>
					</TextLine>
					<TextLine ID="line_15" HPOS="493" VPOS="1112" WIDTH="1173" HEIGHT="70">
						<String ID="string_111" HPOS="493" VPOS="1113" WIDTH="118" HEIGHT="50" WC="0.88" CONTENT="ſicur"/><SP WIDTH="9" VPOS="1113" HPOS="611"/>
						<String ID="string_112" HPOS="620" VPOS="1112" WIDTH="263" HEIGHT="61" WC="0.92" CONTENT="Deſcartes,"/><SP WIDTH="13" VPOS="1112" HPOS="883"/>
						<String ID="string_113" HPOS="896" VPOS="1132" WIDTH="188" HEIGHT="32" WC="0.91" CONTENT="comme"/><SP WIDTH="11" VPOS="1132" HPOS="1084"/>
						<String ID="string_114" HPOS="1095" VPOS="1133" WIDTH="89" HEIGHT="49" WC="0.85" CONTENT="peu"/><SP WIDTH="12" VPOS="1133" HPOS="1184"/>
						<String ID="string_115" HPOS="1196" VPOS="1114" WIDTH="261" HEIGHT="55" WC="0.62" CONTENT="neceſſaire;"/><SP WIDTH="17" VPOS="1114" HPOS="1457"/>
						<String ID="string_116" HPOS="1474" VPOS="1133" WIDTH="27" HEIGHT="49" WC="0.90" CONTENT="y"/><SP WIDTH="12" VPOS="1133" HPOS="1501"/>
						<String ID="string_117" HPOS="1513" VPOS="1133" WIDTH="153" HEIGHT="48" WC="0.91" CONTENT="ayant"/>
					</TextLine>
					<TextLine ID="line_16" HPOS="494" VPOS="1180" WIDTH="1173" HEIGHT="71">
						<String ID="string_118" HPOS="494" VPOS="1182" WIDTH="170" HEIGHT="69" WC="0.91" CONTENT="pour"/><SP WIDTH="-63" VPOS="1182" HPOS="664"/>
						<String ID="string_119" HPOS="601" VPOS="1176" WIDTH="80" HEIGHT="79" WC="0.91" CONTENT="le"/><SP WIDTH="-4" VPOS="1176" HPOS="681"/>
						<String ID="string_120" HPOS="677" VPOS="1186" WIDTH="155" HEIGHT="46" WC="0.92" CONTENT="moins"/><SP WIDTH="22" VPOS="1186" HPOS="832"/>
						<String ID="string_121" HPOS="854" VPOS="1198" WIDTH="160" HEIGHT="33" WC="0.49" CONTENT="autant"/><SP WIDTH="8" VPOS="1198" HPOS="1014"/>
						<String ID="string_122" HPOS="1022" VPOS="1183" WIDTH="68" HEIGHT="47" WC="0.49" CONTENT="de"/><SP WIDTH="15" VPOS="1183" HPOS="1090"/>
						<String ID="string_123" HPOS="1105" VPOS="1180" WIDTH="211" HEIGHT="51" WC="0.41" CONTENT="neceſſité"/><SP WIDTH="19" VPOS="1180" HPOS="1316"/>
						<String ID="string_124" HPOS="1335" VPOS="1183" WIDTH="56" HEIGHT="49" WC="0.88" CONTENT="de"/><SP WIDTH="22" VPOS="1183" HPOS="1391"/>
						<String ID="string_125" HPOS="1413" VPOS="1183" WIDTH="165" HEIGHT="49" WC="0.65" CONTENT="douter"/><SP WIDTH="21" VPOS="1183" HPOS="1578"/>
						<String ID="string_126" HPOS="1599" VPOS="1186" WIDTH="68" HEIGHT="48" WC="0.90" CONTENT="de-"/>
					</TextLine>
					<TextLine ID="line_17" HPOS="498" VPOS="1247" WIDTH="1165" HEIGHT="71">
						<String ID="string_127" HPOS="498" VPOS="1266" WIDTH="106" HEIGHT="32" WC="0.90" CONTENT="tout"/><SP WIDTH="21" VPOS="1266" HPOS="604"/>
						<String ID="string_128" HPOS="625" VPOS="1269" WIDTH="90" HEIGHT="31" WC="0.32" CONTENT="vne"/><SP WIDTH="33" VPOS="1269" HPOS="715"/>
						<String ID="string_129" HPOS="748" VPOS="1249" WIDTH="161" HEIGHT="51" WC="0.91" CONTENT="bonne"/><SP WIDTH="29" VPOS="1249" HPOS="909"/>
						<String ID="string_130" HPOS="938" VPOS="1247" WIDTH="117" HEIGHT="56" WC="0.91" CONTENT="fois,"/><SP WIDTH="29" VPOS="1247" HPOS="1055"/>
						<String ID="string_131" HPOS="1084" VPOS="1250" WIDTH="104" HEIGHT="48" WC="0.91" CONTENT="lors"/><SP WIDTH="12" VPOS="1250" HPOS="1188"/>
						<String ID="string_132" HPOS="1200" VPOS="1252" WIDTH="147" HEIGHT="66" WC="0.31" CONTENT="quon"/><SP WIDTH="39" VPOS="1252" HPOS="1347"/>
						<String ID="string_133" HPOS="1386" VPOS="1249" WIDTH="196" HEIGHT="51" WC="0.91" CONTENT="cherche"/><SP WIDTH="33" VPOS="1249" HPOS="1582"/>
						<String ID="string_134" HPOS="1615" VPOS="1253" WIDTH="48" HEIGHT="49" WC="0.89" CONTENT="le"/>
					</TextLine>
					<TextLine ID="line_18" HPOS="499" VPOS="1314" WIDTH="1168" HEIGHT="72">
						<String ID="string_135" HPOS="499" VPOS="1314" WIDTH="286" HEIGHT="52" WC="0.91" CONTENT="fondement"/><SP WIDTH="31" VPOS="1314" HPOS="785"/>
						<String ID="string_136" HPOS="816" VPOS="1318" WIDTH="57" HEIGHT="47" WC="0.92" CONTENT="de"/><SP WIDTH="29" VPOS="1318" HPOS="873"/>
						<String ID="string_137" HPOS="902" VPOS="1333" WIDTH="151" HEIGHT="32" WC="0.90" CONTENT="toutes"/><SP WIDTH="28" VPOS="1333" HPOS="1053"/>
						<String ID="string_138" HPOS="1081" VPOS="1317" WIDTH="62" HEIGHT="46" WC="0.92" CONTENT="les"/><SP WIDTH="31" VPOS="1317" HPOS="1143"/>
						<String ID="string_139" HPOS="1174" VPOS="1320" WIDTH="243" HEIGHT="56" WC="0.91" CONTENT="Sciences,"/><SP WIDTH="28" VPOS="1320" HPOS="1417"/>
						<String ID="string_140" HPOS="1445" VPOS="1336" WIDTH="119" HEIGHT="50" WC="0.92" CONTENT="pour"/><SP WIDTH="31" VPOS="1336" HPOS="1564"/>
						<String ID="string_141" HPOS="1595" VPOS="1322" WIDTH="72" HEIGHT="47" WC="0.84" CONTENT="ne"/>
					</TextLine>
					<TextLine ID="line_19" HPOS="502" VPOS="1382" WIDTH="1167" HEIGHT="68">
						<String ID="string_142" HPOS="502" VPOS="1383" WIDTH="100" HEIGHT="64" WC="0.92" CONTENT="plus"/><SP WIDTH="22" VPOS="1383" HPOS="602"/>
						<String ID="string_143" HPOS="624" VPOS="1386" WIDTH="164" HEIGHT="46" WC="0.92" CONTENT="douter"/><SP WIDTH="21" VPOS="1386" HPOS="788"/>
						<String ID="string_144" HPOS="809" VPOS="1401" WIDTH="77" HEIGHT="49" WC="0.93" CONTENT="par"/><SP WIDTH="22" VPOS="1401" HPOS="886"/>
						<String ID="string_145" HPOS="908" VPOS="1382" WIDTH="167" HEIGHT="67" WC="0.20" CONTENT="apres,"/><SP WIDTH="22" VPOS="1382" HPOS="1075"/>
						<String ID="string_146" HPOS="1097" VPOS="1399" WIDTH="99" HEIGHT="48" WC="0.87" CONTENT="que"/><SP WIDTH="13" VPOS="1399" HPOS="1196"/>
						<String ID="string_147" HPOS="1209" VPOS="1384" WIDTH="61" HEIGHT="47" WC="0.87" CONTENT="de"/><SP WIDTH="39" VPOS="1384" HPOS="1270"/>
						<String ID="string_148" HPOS="1309" VPOS="1401" WIDTH="360" HEIGHT="35" WC="0.89" CONTENT="recommencer"/>
					</TextLine>
					<TextLine ID="line_20" HPOS="503" VPOS="1448" WIDTH="1176" HEIGHT="70">
						<String ID="string_149" HPOS="503" VPOS="1448" WIDTH="97" HEIGHT="48" WC="0.92" CONTENT="ſans"/><SP WIDTH="12" VPOS="1448" HPOS="600"/>
						<String ID="string_150" HPOS="612" VPOS="1450" WIDTH="110" HEIGHT="47" WC="0.91" CONTENT="ceſſe"/><SP WIDTH="18" VPOS="1450" HPOS="722"/>
						<String ID="string_151" HPOS="740" VPOS="1449" WIDTH="32" HEIGHT="49" WC="0.90" CONTENT="à"/><SP WIDTH="5" VPOS="1449" HPOS="772"/>
						<String ID="string_152" HPOS="777" VPOS="1450" WIDTH="194" HEIGHT="55" WC="0.18" CONTENT="Fentree"/><SP WIDTH="21" VPOS="1450" HPOS="971"/>
						<String ID="string_153" HPOS="992" VPOS="1450" WIDTH="66" HEIGHT="49" WC="0.66" CONTENT="de"/><SP WIDTH="15" VPOS="1450" HPOS="1058"/>
						<String ID="string_154" HPOS="1073" VPOS="1449" WIDTH="178" HEIGHT="69" WC="0.66" CONTENT="chaque"/><SP WIDTH="22" VPOS="1449" HPOS="1251"/>
						<String ID="string_155" HPOS="1273" VPOS="1455" WIDTH="222" HEIGHT="57" WC="0.91" CONTENT="Science,"/><SP WIDTH="24" VPOS="1455" HPOS="1495"/>
						<String ID="string_156" HPOS="1519" VPOS="1473" WIDTH="160" HEIGHT="38" WC="0.86" CONTENT="com-"/>
					</TextLine>
					<TextLine ID="line_21" HPOS="499" VPOS="1516" WIDTH="582" HEIGHT="69">
						<String ID="string_157" HPOS="499" VPOS="1534" WIDTH="80" HEIGHT="30" WC="0.90" CONTENT="me"/><SP WIDTH="23" VPOS="1534" HPOS="579"/>
						<String ID="string_158" HPOS="602" VPOS="1516" WIDTH="200" HEIGHT="49" WC="0.92" CONTENT="Ariſtote"/><SP WIDTH="19" VPOS="1516" HPOS="802"/>
						<String ID="string_159" HPOS="821" VPOS="1518" WIDTH="40" HEIGHT="48" WC="0.47" CONTENT="le"/><SP WIDTH="21" VPOS="1518" HPOS="861"/>
						<String ID="string_160" HPOS="882" VPOS="1516" WIDTH="199" HEIGHT="69" WC="0.90" CONTENT="preſcrit:"/>
					</TextLine>
					<TextLine ID="line_22" HPOS="574" VPOS="1584" WIDTH="1096" HEIGHT="72">
						<String ID="string_161" HPOS="574" VPOS="1587" WIDTH="57" HEIGHT="44" WC="0.29" CONTENT="lIe"/><SP WIDTH="14" VPOS="1587" HPOS="631"/>
						<String ID="string_162" HPOS="645" VPOS="1588" WIDTH="188" HEIGHT="62" WC="0.78" CONTENT="pourois"/><SP WIDTH="35" VPOS="1588" HPOS="833"/>
						<String ID="string_163" HPOS="868" VPOS="1578" WIDTH="249" HEIGHT="82" WC="0.89" CONTENT="confirmer"/><SP WIDTH="9" VPOS="1578" HPOS="1117"/>
						<String ID="string_164" HPOS="1126" VPOS="1601" WIDTH="128" HEIGHT="37" WC="0.92" CONTENT="cette"/><SP WIDTH="20" VPOS="1601" HPOS="1254"/>
						<String ID="string_165" HPOS="1274" VPOS="1588" WIDTH="225" HEIGHT="50" WC="0.91" CONTENT="methode"/><SP WIDTH="20" VPOS="1588" HPOS="1499"/>
						<String ID="string_166" HPOS="1519" VPOS="1609" WIDTH="80" HEIGHT="47" WC="0.92" CONTENT="par"/><SP WIDTH="21" VPOS="1609" HPOS="1599"/>
						<String ID="string_167" HPOS="1620" VPOS="1588" WIDTH="50" HEIGHT="52" WC="0.69" CONTENT="le"/>
					</TextLine>
					<TextLine ID="line_23" HPOS="503" VPOS="1651" WIDTH="1165" HEIGHT="70">
						<String ID="string_168" HPOS="503" VPOS="1647" WIDTH="191" HEIGHT="78" WC="0.76" CONTENT="paſſage"/><SP WIDTH="3" VPOS="1647" HPOS="694"/>
						<String ID="string_169" HPOS="697" VPOS="1652" WIDTH="71" HEIGHT="48" WC="0.76" CONTENT="de"/><SP WIDTH="18" VPOS="1652" HPOS="768"/>
						<String ID="string_170" HPOS="786" VPOS="1656" WIDTH="129" HEIGHT="46" WC="0.92" CONTENT="Saint"/><SP WIDTH="11" VPOS="1656" HPOS="915"/>
						<String ID="string_171" HPOS="926" VPOS="1654" WIDTH="229" HEIGHT="66" WC="0.89" CONTENT="Auguſtin"/><SP WIDTH="13" VPOS="1654" HPOS="1155"/>
						<String ID="string_172" HPOS="1168" VPOS="1658" WIDTH="81" HEIGHT="63" WC="0.89" CONTENT="qui"/><SP WIDTH="12" VPOS="1658" HPOS="1249"/>
						<String ID="string_173" HPOS="1261" VPOS="1655" WIDTH="60" HEIGHT="48" WC="0.92" CONTENT="eſt"/><SP WIDTH="14" VPOS="1655" HPOS="1321"/>
						<String ID="string_174" HPOS="1335" VPOS="1657" WIDTH="182" HEIGHT="59" WC="0.37" CONTENT="raporté"/><SP WIDTH="29" VPOS="1657" HPOS="1517"/>
						<String ID="string_175" HPOS="1546" VPOS="1659" WIDTH="122" HEIGHT="52" WC="0.88" CONTENT="dans"/>
					</TextLine>
					<TextLine ID="line_24" HPOS="502" VPOS="1717" WIDTH="1160" HEIGHT="70">
						<String ID="string_176" HPOS="502" VPOS="1719" WIDTH="63" HEIGHT="48" WC="0.92" CONTENT="les"/><SP WIDTH="14" VPOS="1719" HPOS="565"/>
						<String ID="string_177" HPOS="579" VPOS="1717" WIDTH="277" HEIGHT="70" WC="0.22" CONTENT="quatricmes"/><SP WIDTH="10" VPOS="1717" HPOS="856"/>
						<String ID="string_178" HPOS="866" VPOS="1719" WIDTH="303" HEIGHT="68" WC="0.65" CONTENT="objections;"/><SP WIDTH="19" VPOS="1719" HPOS="1169"/>
						<String ID="string_179" HPOS="1188" VPOS="1722" WIDTH="30" HEIGHT="48" WC="0.61" CONTENT="il"/><SP WIDTH="15" VPOS="1722" HPOS="1218"/>
						<String ID="string_180" HPOS="1233" VPOS="1723" WIDTH="60" HEIGHT="44" WC="0.92" CONTENT="eſt"/><SP WIDTH="14" VPOS="1723" HPOS="1293"/>
						<String ID="string_181" HPOS="1307" VPOS="1727" WIDTH="82" HEIGHT="40" WC="0.29" CONTENT="tiré"/><SP WIDTH="22" VPOS="1727" HPOS="1389"/>
						<String ID="string_182" HPOS="1411" VPOS="1722" WIDTH="62" HEIGHT="47" WC="0.92" CONTENT="du"/><SP WIDTH="13" VPOS="1722" HPOS="1473"/>
						<String ID="string_183" HPOS="1486" VPOS="1720" WIDTH="169" HEIGHT="56" WC="0.91" CONTENT="ſecond"/>
					</TextLine>
					<TextLine ID="line_25" HPOS="502" VPOS="1785" WIDTH="1162" HEIGHT="73">
						<String ID="string_184" HPOS="502" VPOS="1787" WIDTH="114" HEIGHT="48" WC="0.43" CONTENT="liurẽ"/><SP WIDTH="12" VPOS="1787" HPOS="616"/>
						<String ID="string_185" HPOS="628" VPOS="1787" WIDTH="62" HEIGHT="48" WC="0.90" CONTENT="du"/><SP WIDTH="14" VPOS="1787" HPOS="690"/>
						<String ID="string_186" HPOS="704" VPOS="1788" WIDTH="163" HEIGHT="48" WC="0.48" CONTENT="Libre-"/><SP WIDTH="6" VPOS="1788" HPOS="867"/>
						<String ID="string_187" HPOS="873" VPOS="1822" WIDTH="207" HEIGHT="20" WC="0.48" CONTENT="Arbitre,"/><SP WIDTH="15" VPOS="1822" HPOS="1080"/>
						<String ID="string_188" HPOS="1095" VPOS="1787" WIDTH="120" HEIGHT="45" WC="0.92" CONTENT="dans"/><SP WIDTH="11" VPOS="1787" HPOS="1215"/>
						<String ID="string_189" HPOS="1226" VPOS="1785" WIDTH="151" HEIGHT="68" WC="0.88" CONTENT="lequel"/><SP WIDTH="15" VPOS="1785" HPOS="1377"/>
						<String ID="string_190" HPOS="1392" VPOS="1788" WIDTH="34" HEIGHT="49" WC="0.84" CONTENT="il"/><SP WIDTH="11" VPOS="1788" HPOS="1426"/>
						<String ID="string_191" HPOS="1437" VPOS="1789" WIDTH="95" HEIGHT="60" WC="0.84" CONTENT="dit,"/><SP WIDTH="20" VPOS="1789" HPOS="1532"/>
						<String ID="string_192" HPOS="1552" VPOS="1809" WIDTH="112" HEIGHT="49" WC="0.91" CONTENT="par-"/>
					</TextLine>
					<TextLine ID="line_26" HPOS="191" VPOS="1841" WIDTH="1468" HEIGHT="88">
						<String ID="string_193" HPOS="191" VPOS="1842" WIDTH="100" HEIGHT="78" WC="0.84" CONTENT="—"/><SP WIDTH="38" VPOS="1842" HPOS="291"/>
						<String ID="string_194" HPOS="329" VPOS="1851" WIDTH="55" HEIGHT="56" WC="0.15" CONTENT="—"/><SP WIDTH="13" VPOS="1851" HPOS="384"/>
						<String ID="string_195" HPOS="397" VPOS="1841" WIDTH="61" HEIGHT="68" WC="0.16" CONTENT=" —"/><SP WIDTH="42" VPOS="1841" HPOS="458"/>
						<String ID="string_196" HPOS="500" VPOS="1852" WIDTH="410" HEIGHT="51" WC="0.90" CONTENT="lant"/><SP WIDTH="-290" VPOS="1852" HPOS="910"/>
						<String ID="string_197" HPOS="620" VPOS="1848" WIDTH="42" HEIGHT="62" WC="0.90" CONTENT="à"/><SP WIDTH="-1" VPOS="1848" HPOS="662"/>
						<String ID="string_198" HPOS="661" VPOS="1852" WIDTH="249" HEIGHT="51" WC="0.41" CONTENT="Euodius;"/><SP WIDTH="24" VPOS="1852" HPOS="910"/>
						<String ID="string_199" HPOS="934" VPOS="1855" WIDTH="48" HEIGHT="43" WC="0.68" CONTENT="Ie"/><SP WIDTH="20" VPOS="1855" HPOS="982"/>
						<String ID="string_200" HPOS="1002" VPOS="1869" WIDTH="116" HEIGHT="30" WC="0.90" CONTENT="vous"/><SP WIDTH="31" VPOS="1869" HPOS="1118"/>
						<String ID="string_201" HPOS="1149" VPOS="1852" WIDTH="230" HEIGHT="52" WC="0.83" CONTENT="demande"/><SP WIDTH="28" VPOS="1852" HPOS="1379"/>
						<String ID="string_202" HPOS="1407" VPOS="1856" WIDTH="252" HEIGHT="73" WC="0.87" CONTENT="premiere-"/>
					</TextLine>
					<TextLine ID="line_27" HPOS="191" VPOS="1917" WIDTH="1473" HEIGHT="79">
						<String ID="string_203" HPOS="500" VPOS="1937" WIDTH="135" HEIGHT="40" WC="0.0" CONTENT=" ment"/><SP WIDTH="33" VPOS="1937" HPOS="635"/>
						<String ID="string_204" HPOS="668" VPOS="1917" WIDTH="139" HEIGHT="59" WC="0.21" CONTENT="Cafim"/><SP WIDTH="24" VPOS="1917" HPOS="807"/>
						<String ID="string_205" HPOS="831" VPOS="1934" WIDTH="92" HEIGHT="50" WC="0.88" CONTENT="que"/><SP WIDTH="33" VPOS="1934" HPOS="923"/>
						<String ID="string_206" HPOS="956" VPOS="1935" WIDTH="127" HEIGHT="60" WC="0.91" CONTENT="nons"/><SP WIDTH="24" VPOS="1935" HPOS="1083"/>
						<String ID="string_207" HPOS="1107" VPOS="1928" WIDTH="353" HEIGHT="67" WC="0.60" CONTENT="commencions"/><SP WIDTH="2" VPOS="1928" HPOS="1460"/>
						<String ID="string_208" HPOS="1462" VPOS="1911" WIDTH="119" HEIGHT="89" WC="0.0" CONTENT="par."/><SP WIDTH="9" VPOS="1911" HPOS="1581"/>
						<String ID="string_209" HPOS="1590" VPOS="1929" WIDTH="73" HEIGHT="66" WC="0.75" CONTENT="les"/>
					</TextLine>
					<TextLine ID="line_28" HPOS="193" VPOS="1982" WIDTH="1469" HEIGHT="78">
						<String ID="string_210" HPOS="193" VPOS="1993" WIDTH="283" HEIGHT="67" WC="0.0" CONTENT="J"/><SP WIDTH="27" VPOS="1993" HPOS="476"/>
						<String ID="string_211" HPOS="503" VPOS="1987" WIDTH="154" HEIGHT="50" WC="0.55" CONTENT="ehoſes"/><SP WIDTH="16" VPOS="1987" HPOS="657"/>
						<String ID="string_212" HPOS="673" VPOS="1988" WIDTH="61" HEIGHT="48" WC="0.87" CONTENT="les"/><SP WIDTH="23" VPOS="1988" HPOS="734"/>
						<String ID="string_213" HPOS="757" VPOS="1986" WIDTH="109" HEIGHT="68" WC="0.91" CONTENT="plus"/><SP WIDTH="9" VPOS="1986" HPOS="866"/>
						<String ID="string_214" HPOS="875" VPOS="1978" WIDTH="297" HEIGHT="80" WC="0.88" CONTENT="manifeſtes)"/><SP WIDTH="33" VPOS="1978" HPOS="1172"/>
						<String ID="string_215" HPOS="1205" VPOS="1988" WIDTH="35" HEIGHT="49" WC="0.90" CONTENT="ſi"/><SP WIDTH="12" VPOS="1988" HPOS="1240"/>
						<String ID="string_216" HPOS="1252" VPOS="2009" WIDTH="116" HEIGHT="31" WC="0.87" CONTENT="vous"/><SP WIDTH="18" VPOS="2009" HPOS="1368"/>
						<String ID="string_217" HPOS="1386" VPOS="1978" WIDTH="136" HEIGHT="80" WC="0.28" CONTENT="eſtes?"/><SP WIDTH="15" VPOS="1978" HPOS="1522"/>
						<String ID="string_218" HPOS="1537" VPOS="2010" WIDTH="57" HEIGHT="32" WC="0.93" CONTENT="ou"/><SP WIDTH="29" VPOS="2010" HPOS="1594"/>
						<String ID="string_219" HPOS="1623" VPOS="1993" WIDTH="39" HEIGHT="50" WC="0.92" CONTENT="ſi"/>
					</TextLine>
				</TextBlock>
				<TextBlock ID="block_1" HPOS="194" VPOS="2031" WIDTH="287" HEIGHT="33">
					<TextLine ID="line_29" HPOS="194" VPOS="2031" WIDTH="287" HEIGHT="33">
						<String ID="string_220" HPOS="194" VPOS="2045" WIDTH="36" HEIGHT="19" WC="0.90" CONTENT="an"/><SP WIDTH="18" VPOS="2045" HPOS="230"/>
						<String ID="string_221" HPOS="248" VPOS="2044" WIDTH="31" HEIGHT="19" WC="0.85" CONTENT="tu"/><SP WIDTH="10" VPOS="2044" HPOS="279"/>
						<String ID="string_222" HPOS="289" VPOS="2031" WIDTH="81" HEIGHT="31" WC="0.54" CONTENT="fortaſſe"/><SP WIDTH="47" VPOS="2031" HPOS="370"/>
						<String ID="string_223" HPOS="417" VPOS="2041" WIDTH="64" HEIGHT="20" WC="0.33" CONTENT="mc-"/>
					</TextLine>
				</TextBlock>
				<TextBlock ID="block_2" HPOS="188" VPOS="2052" WIDTH="1476" HEIGHT="99">
					<TextLine ID="line_30" HPOS="192" VPOS="2052" WIDTH="1472" HEIGHT="75">
						<String ID="string_224" HPOS="192" VPOS="2076" WIDTH="67" HEIGHT="31" WC="0.76" CONTENT="tuis,"/><SP WIDTH="12" VPOS="2076" HPOS="259"/>
						<String ID="string_225" HPOS="271" VPOS="2084" WIDTH="34" HEIGHT="17" WC="0.92" CONTENT="ne"/><SP WIDTH="12" VPOS="2084" HPOS="305"/>
						<String ID="string_226" HPOS="317" VPOS="2072" WIDTH="54" HEIGHT="29" WC="0.26" CONTENT="hae"/><SP WIDTH="21" VPOS="2072" HPOS="371"/>
						<String ID="string_227" HPOS="392" VPOS="2072" WIDTH="26" HEIGHT="26" WC="0.89" CONTENT="in"/><SP WIDTH="12" VPOS="2072" HPOS="418"/>
						<String ID="string_228" HPOS="430" VPOS="2072" WIDTH="48" HEIGHT="26" WC="0.86" CONTENT="in-"/><SP WIDTH="23" VPOS="2072" HPOS="478"/>
						<String ID="string_229" HPOS="501" VPOS="2074" WIDTH="113" HEIGHT="30" WC="0.89" CONTENT="Vous"/><SP WIDTH="15" VPOS="2074" HPOS="614"/>
						<String ID="string_230" HPOS="629" VPOS="2075" WIDTH="58" HEIGHT="30" WC="0.70" CONTENT="ne"/><SP WIDTH="23" VPOS="2075" HPOS="687"/>
						<String ID="string_231" HPOS="710" VPOS="2056" WIDTH="206" HEIGHT="70" WC="0.46" CONTENT="craigne?"/><SP WIDTH="18" VPOS="2056" HPOS="916"/>
						<String ID="string_232" HPOS="934" VPOS="2052" WIDTH="128" HEIGHT="72" WC="0.90" CONTENT="point"/><SP WIDTH="35" VPOS="2052" HPOS="1062"/>
						<String ID="string_233" HPOS="1097" VPOS="2055" WIDTH="55" HEIGHT="46" WC="0.91" CONTENT="de"/><SP WIDTH="23" VPOS="2055" HPOS="1152"/>
						<String ID="string_234" HPOS="1175" VPOS="2074" WIDTH="114" HEIGHT="32" WC="0.89" CONTENT="vous"/><SP WIDTH="16" VPOS="2074" HPOS="1289"/>
						<String ID="string_235" HPOS="1305" VPOS="2052" WIDTH="273" HEIGHT="75" WC="0.65" CONTENT="meprendre"/><SP WIDTH="23" VPOS="2052" HPOS="1578"/>
						<String ID="string_236" HPOS="1601" VPOS="2080" WIDTH="63" HEIGHT="34" WC="0.92" CONTENT="en"/>
					</TextLine>
					<TextLine ID="line_31" HPOS="188" VPOS="2107" WIDTH="288" HEIGHT="44">
						<String ID="string_237" HPOS="188" VPOS="2113" WIDTH="201" HEIGHT="38" WC="0.91" CONTENT="terrogatione"/><SP WIDTH="24" VPOS="2113" HPOS="389"/>
						<String ID="string_238" HPOS="413" VPOS="2107" WIDTH="63" HEIGHT="29" WC="0.91" CONTENT="fal-"/>
					</TextLine>
				</TextBlock>
				<TextBlock ID="block_3" HPOS="190" VPOS="2116" WIDTH="1478" HEIGHT="149">
					<TextLine ID="line_32" HPOS="190" VPOS="2116" WIDTH="1471" HEIGHT="85">
						<String ID="string_239" HPOS="190" VPOS="2151" WIDTH="173" HEIGHT="30" WC="0.76" CONTENT="laris"/><SP WIDTH="-88" VPOS="2151" HPOS="363"/>
						<String ID="string_240" HPOS="275" VPOS="2142" WIDTH="18" HEIGHT="51" WC="0.31" CONTENT="?"/><SP WIDTH="-1" VPOS="2142" HPOS="293"/>
						<String ID="string_241" HPOS="292" VPOS="2151" WIDTH="69" HEIGHT="30" WC="0.76" CONTENT="cum"/><SP WIDTH="13" VPOS="2151" HPOS="361"/>
						<String ID="string_242" HPOS="374" VPOS="2148" WIDTH="100" HEIGHT="39" WC="0.70" CONTENT="vtique"/><SP WIDTH="24" VPOS="2148" HPOS="474"/>
						<String ID="string_243" HPOS="498" VPOS="2116" WIDTH="263" HEIGHT="80" WC="0.43" CONTENT="repondant"/><SP WIDTH="28" VPOS="2116" HPOS="761"/>
						<String ID="string_244" HPOS="789" VPOS="2122" WIDTH="35" HEIGHT="51" WC="0.54" CONTENT="2"/><SP WIDTH="10" VPOS="2122" HPOS="824"/>
						<String ID="string_245" HPOS="834" VPOS="2140" WIDTH="78" HEIGHT="50" WC="0.92" CONTENT="ma"/><SP WIDTH="9" VPOS="2140" HPOS="912"/>
						<String ID="string_246" HPOS="921" VPOS="2117" WIDTH="243" HEIGHT="77" WC="0.89" CONTENT="demande"/><SP WIDTH="40" VPOS="2117" HPOS="1164"/>
						<String ID="string_247" HPOS="1204" VPOS="2125" WIDTH="131" HEIGHT="70" WC="0.87" CONTENT="Bien"/><SP WIDTH="55" VPOS="2125" HPOS="1335"/>
						<String ID="string_248" HPOS="1390" VPOS="2120" WIDTH="108" HEIGHT="81" WC="0.36" CONTENT="qu&#39;à"/><SP WIDTH="12" VPOS="2120" HPOS="1498"/>
						<String ID="string_249" HPOS="1510" VPOS="2144" WIDTH="151" HEIGHT="49" WC="0.1" CONTENT="vray⸗"/>
					</TextLine>
					<TextLine ID="line_33" HPOS="1542" VPOS="2195" WIDTH="126" HEIGHT="70">
						<String ID="string_250" HPOS="1542" VPOS="2195" WIDTH="126" HEIGHT="70" WC="0.0" CONTENT="di-ei"/>
					</TextLine>
				</TextBlock>
			</PrintSpace>
		</Page>
	</Layout>
</alto>
