1776 2528
651 92 377 56 PREVACE.

173 181 90 37 ont
294 165 43 50 le
366 163 349 52 raiſonnement
749 163 43 50 le
820 159 101 82 plus
927 163 153 63 fort,
1105 175 40 40 &
1157 168 92 69 qui
1268 166 230 68 digerent:

177 235 42 51 le
233 240 156 43 micux
401 234 117 47 leurs
532 230 201 70 penſces,
746 232 93 49 afin
859 231 57 51 de
929 232 61 49 les
1003 236 162 47 rendre
1180 235 151 49 claires
1347 246 43 39 &
1405 241 76 44 in-

174 303 288 67 telligibles,
490 306 202 62 pcuuent
725 298 232 51 touſiours
985 302 43 48 le
1058 308 156 42 mieux
1228 294 263 83 perſuader

173 381 58 40 ce
251 366 135 79 qu'ils
404 364 285 78 propoſent,
700 364 178 78 encore
897 370 131 66 qu'ils
1051 388 59 30 ne
1130 371 244 66 parlaſſent
1390 385 110 53 que

175 439 108 50 bass
291 443 198 52 Breton,
512 438 134 66 qurils
657 436 221 50 meuſſent
898 441 161 45 ſamais
1082 440 194 66 apris
1217 430 77 80 de
1295 440 187 49 Rheto-

177 511 149 65 rique.
352 505 118 50 C'eſt
484 522 251 50 põurquoy
758 508 15 43 i
777 507 68 61 ay
863 509 88 60 pris
973 503 103 51 ſoin
1100 507 382 66 principalement

175 576 181 48 debien
374 576 379 45 conceuoirmon
775 570 138 62 ſuject,
929 573 101 56 (car
1052 572 33 49 il
1107 591 76 29 me
1202 572 173 51 ſemble
1396 574 87 51 ab-

176 633 237 80 ſolument
424 668 298 28 impoſſible,
736 654 92 50 que
849 656 111 30 ceux
972 643 106 63 qui
1084 633 300 80 nentendent
1405 661 88 48 pas

177 710 112 49 bien
298 726 90 33 vne
402 711 215 53 matiere,
637 705 43 49 la
691 701 210 78 puiſſent
907 701 161 78 iamais
1093 705 107 51 bien
1220 709 275 66 expliquer)

182 788 47 39 &
218 766 56 81 de
279 777 75 48 le
366 772 200 70 diſpoſer
579 770 56 53 de
647 773 105 49 telle
773 772 121 50 ſorte,
908 792 126 51 que
1052 774 62 49 les
1132 773 198 51 derniers
1353 778 133 49 Cha-

179 850 140 64 pitres
342 835 169 83 fuſſent
522 844 85 47 des
627 840 134 50 ſuites
787 841 261 66 neceſſaires
1067 843 76 47 des
1156 848 257 63 premiers;
1439 852 45 43 &

181 932 95 49 que
304 929 119 31 ceux
429 928 70 49 cy
519 913 106 45 men
655 907 357 69 preſupoſaſſent
1040 928 171 31 aucuns
1240 922 162 49 autres.
1439 918 62 44 Ie

181 996 80 34 me
278 979 87 49 ſuis
385 973 118 79 auſſi
512 977 134 66 ſeruy
669 979 76 47 des
771 993 164 32 termes
968 996 91 48 que
1085 980 103 63 i'ay
1200 979 78 48 crù
1301 980 62 49 les
1388 981 134 67 plus

184 1046 293 69 ſignificatiſs
501 1056 44 39 &
576 1046 61 47 les
665 1045 99 67 plus
800 1044 340 67 intelligibles;
1175 1045 314 53 determinant

184 1115 177 49 meſme
375 1115 41 48 la
427 1112 385 70 ſignification
747 1107 68 81 de
824 1131 121 29 ceux
992 1116 47 44 qui
1057 1117 215 45 auroient
1293 1116 65 68 pi
1380 1117 110 48 eſtre

184 1183 318 69 quiuoques,
526 1198 189 31 comme
737 1197 112 31 ceux
863 1180 32 45 d
899 1180 144 65 Eſprit
1064 1189 52 38 &
1138 1180 146 50 dlde.
1320 1187 104 56 Qus
1454 1182 52 49 ſi

188 1251 206 69 quᷣelquẽ
417 1246 236 68 Carteſien
676 1264 104 50 trop
799 1245 266 70 ſcrupuleux
1081 1244 44 51 ſe
1141 1245 261 54 ſcandaliſe
1434 1251 58 48 de

188 1324 105 45 voir
318 1337 89 49 que
420 1320 82 63 nay
512 1309 222 81 reſtraint
755 1316 251 48 codernier
1031 1332 88 32 aux
1127 1313 157 52 ſeules
1304 1315 187 69 formes

186 1387 78 49 des
284 1384 185 70 penſces
487 1386 64 48 de
570 1382 230 68 VEſprit,
824 1397 131 52 quoy
979 1397 91 53 que
1099 1382 240 51 Monſieur
1372 1385 120 52 Deſ-

185 1472 144 31 cartes
364 1455 103 48 sen
479 1450 123 50 ſerue
625 1445 125 77 auſſi
755 1445 118 77 pour
899 1449 206 69 ſignifier
1125 1453 65 47 les
1215 1449 172 53 formes
1415 1456 77 47 des

184 1520 155 67 eſprits
354 1525 244 52 animaux,
622 1518 252 69 auſquelles
898 1537 68 29 cos
979 1535 151 33 autres
1144 1516 172 53 formes
1330 1522 57 46 de
1408 1539 87 30 nos

184 1586 185 66 penſces
393 1587 107 49 ſont
519 1586 254 57 attachécs,
809 1590 40 43 ic
872 1585 41 48 le
933 1590 95 63 prie
1047 1587 58 48 de
1126 1584 258 52 conſiderer
1403 1604 93 52 que

186 1655 117 47 dans
328 1670 89 30 vne
432 1657 200 42 matiere
653 1652 122 50 auſſi
791 1652 192 48 obſcure
1002 1655 154 65 qu'eſt
1189 1654 227 63 celle-cy,
1448 1666 50 38 &

191 1721 66 50 ou
278 1722 44 48 la
326 1711 211 80 mepriſe
553 1718 137 46 eſtoit
709 1734 336 32 extremement
1056 1720 34 46 à
1103 1721 249 54 craindre,
1376 1724 41 42 ie
1439 1739 60 32 ne

190 1793 201 64 pouuois
406 1787 108 48 eſtre
536 1802 106 50 trop
662 1779 266 70 ſcrupuleux
950 1783 113 48 dans
1081 1785 42 45 le
1148 1781 138 50 choix
1306 1785 76 49 des
1403 1799 94 39 ter-

194 1874 134 41 mes,
364 1875 62 45 ny
451 1855 195 68 prendre
666 1865 105 54 trop
795 1850 58 50 de
872 1847 101 54 ſoin
994 1850 190 52 d'cuiter
1204 1849 61 50 les
1298 1850 201 71 (quiuo-

196 1934 192 59 ques
316 1914 56 83 &
399 1925 60 48 Ies
484 1919 202 69 diſputes
709 1920 76 49 des
806 1937 148 33 mots.
984 1924 46 45 Ie
1054 1919 302 61 demande
1284 1914 84 83 la
1382 1925 119 50 meſ-

196 2011 77 29 me
296 1990 198 69 grace
458 1981 42 82 à
513 2007 116 31 ccux
659 1990 84 67 qui
780 1988 187 49 veulent
997 1992 147 64 qu'on
1178 1986 190 54 obſerue
1409 2013 93 30 vne

197 2059 156 67 purctè
367 2059 173 48 èntiere
571 2058 115 48 dans
718 2051 167 79 noſtre
902 2093 205 20 langue,
1144 2064 45 39 &
1187 2051 95 79 les
1299 2066 114 60 prie
1444 2065 76 47 de

200 2127 284 69 mrexcuſer,
502 2125 54 68 ſi
591 2126 111 50 dans
724 2142 66 45 vn
797 2125 205 66 Traitt?
1036 2124 393 83 Metaphyſique,
1462 2137 67 43 i0

1181 2212 40 46 E
1254 2213 55 50 u
