<?xml version="1.0" encoding="UTF-8"?>
<alto xmlns="http://www.loc.gov/standards/alto/ns-v3#" xmlns:xlink="http://www.w3.org/1999/xlink" xmlns:xsi="http://www.w3.org/2001/XMLSchema-instance" xsi:schemaLocation="http://www.loc.gov/standards/alto/ns-v3# http://www.loc.gov/alto/v3/alto-3-0.xsd">
	<Description>
		<MeasurementUnit>pixel</MeasurementUnit>
		<sourceImageInformation>
			<fileName>			</fileName>
		</sourceImageInformation>
		<OCRProcessing ID="OCR_0">
			<ocrProcessingStep>
				<processingSoftware>
					<softwareName>tesseract v4.1.0-elag2019</softwareName>
				</processingSoftware>
			</ocrProcessingStep>
		</OCRProcessing>
	</Description>
	<Layout>
		<Page WIDTH="1776" HEIGHT="2528" PHYSICAL_IMG_NR="0" ID="page_0">
			<PrintSpace HPOS="0" VPOS="0" WIDTH="1776" HEIGHT="2528">
				<TextBlock ID="block_0" HPOS="886" VPOS="104" WIDTH="406" HEIGHT="50">
					<TextLine ID="line_0" HPOS="886" VPOS="104" WIDTH="406" HEIGHT="50">
						<String ID="string_0" HPOS="886" VPOS="97" WIDTH="210" HEIGHT="57" WC="0.53" CONTENT="“P-R-E-F"/><SP WIDTH="20" VPOS="97" HPOS="1096"/>
						<String ID="string_1" HPOS="1116" VPOS="116" WIDTH="31" HEIGHT="31" WC="0.95" CONTENT="À"/><SP WIDTH="24" VPOS="116" HPOS="1147"/>
						<String ID="string_2" HPOS="1171" VPOS="115" WIDTH="121" HEIGHT="34" WC="0.17" CONTENT="CE."/>
					</TextLine>
				</TextBlock>
				<TextBlock ID="block_1" HPOS="204" VPOS="162" WIDTH="1474" HEIGHT="80">
					<TextLine ID="line_1" HPOS="575" VPOS="162" WIDTH="923" HEIGHT="24">
						<String ID="string_3" HPOS="575" VPOS="173" WIDTH="8" HEIGHT="9" WC="0.0" CONTENT="."/><SP WIDTH="90" VPOS="173" HPOS="583"/>
						<String ID="string_4" HPOS="673" VPOS="176" WIDTH="3" HEIGHT="2" WC="0.0" CONTENT="."/><SP WIDTH="101" VPOS="176" HPOS="676"/>
						<String ID="string_5" HPOS="777" VPOS="170" WIDTH="18" HEIGHT="13" WC="0.24" CONTENT=".s"/><SP WIDTH="125" VPOS="170" HPOS="795"/>
						<String ID="string_6" HPOS="920" VPOS="170" WIDTH="22" HEIGHT="12" WC="0.48" CONTENT="&gt;"/><SP WIDTH="192" VPOS="170" HPOS="942"/>
						<String ID="string_7" HPOS="1134" VPOS="171" WIDTH="7" HEIGHT="8" WC="0.19" CONTENT="0"/><SP WIDTH="200" VPOS="171" HPOS="1141"/>
						<String ID="string_8" HPOS="1341" VPOS="171" WIDTH="7" HEIGHT="10" WC="0.18" CONTENT="."/><SP WIDTH="102" VPOS="171" HPOS="1348"/>
						<String ID="string_9" HPOS="1450" VPOS="172" WIDTH="48" HEIGHT="14" WC="0.0" CONTENT="-.9"/>
					</TextLine>
					<TextLine ID="line_2" HPOS="204" VPOS="178" WIDTH="1419" HEIGHT="32">
						<String ID="string_10" HPOS="204" VPOS="178" WIDTH="289" HEIGHT="24" WC="0.54" CONTENT="turtamen,moue-"/><SP WIDTH="53" VPOS="178" HPOS="493"/>
						<String ID="string_11" HPOS="546" VPOS="201" WIDTH="2" HEIGHT="2" WC="0.0" CONTENT="."/><SP WIDTH="275" VPOS="201" HPOS="548"/>
						<String ID="string_12" HPOS="823" VPOS="180" WIDTH="20" HEIGHT="16" WC="0.36" CONTENT="Fe"/><SP WIDTH="773" VPOS="180" HPOS="843"/>
						<String ID="string_13" HPOS="1616" VPOS="201" WIDTH="7" HEIGHT="9" WC="0.77" CONTENT="À"/>
					</TextLine>
					<TextLine ID="line_3" HPOS="204" VPOS="166" WIDTH="1474" HEIGHT="76">
						<String ID="string_14" HPOS="204" VPOS="212" WIDTH="149" HEIGHT="28" WC="0.0" CONTENT="erramen"/><SP WIDTH="8" VPOS="212" HPOS="353"/>
						<String ID="string_15" HPOS="361" VPOS="213" WIDTH="130" HEIGHT="24" WC="0.0" CONTENT="moe"/><SP WIDTH="21" VPOS="213" HPOS="491"/>
						<String ID="string_16" HPOS="512" VPOS="170" WIDTH="132" HEIGHT="56" WC="0.91" CONTENT="fitiue"/><SP WIDTH="30" VPOS="170" HPOS="644"/>
						<String ID="string_17" HPOS="674" VPOS="205" WIDTH="12" HEIGHT="21" WC="0.85" CONTENT=","/><SP WIDTH="34" VPOS="205" HPOS="686"/>
						<String ID="string_18" HPOS="720" VPOS="186" WIDTH="99" HEIGHT="48" WC="0.95" CONTENT="puis"/><SP WIDTH="33" VPOS="186" HPOS="819"/>
						<String ID="string_19" HPOS="852" VPOS="167" WIDTH="111" HEIGHT="67" WC="0.92" CONTENT="qu&#39;il"/><SP WIDTH="32" VPOS="167" HPOS="963"/>
						<String ID="string_20" HPOS="995" VPOS="185" WIDTH="59" HEIGHT="29" WC="0.96" CONTENT="ne"/><SP WIDTH="29" VPOS="185" HPOS="1054"/>
						<String ID="string_21" HPOS="1083" VPOS="166" WIDTH="84" HEIGHT="49" WC="0.96" CONTENT="fait"/><SP WIDTH="33" VPOS="166" HPOS="1167"/>
						<String ID="string_22" HPOS="1200" VPOS="185" WIDTH="218" HEIGHT="34" WC="0.96" CONTENT="mention"/><SP WIDTH="36" VPOS="185" HPOS="1418"/>
						<String ID="string_23" HPOS="1454" VPOS="169" WIDTH="224" HEIGHT="52" WC="0.24" CONTENT="d&#39;aucune"/>
					</TextLine>
				</TextBlock>
				<TextBlock ID="block_2" HPOS="206" VPOS="234" WIDTH="1473" HEIGHT="71">
					<TextLine ID="line_4" HPOS="206" VPOS="234" WIDTH="1473" HEIGHT="71">
						<String ID="string_24" HPOS="206" VPOS="246" WIDTH="237" HEIGHT="30" WC="0.49" CONTENT="bumanamfor-"/><SP WIDTH="67" VPOS="246" HPOS="443"/>
						<String ID="string_25" HPOS="510" VPOS="253" WIDTH="159" HEIGHT="39" WC="0.65" CONTENT="autre:"/><SP WIDTH="34" VPOS="253" HPOS="669"/>
						<String ID="string_26" HPOS="703" VPOS="238" WIDTH="122" HEIGHT="47" WC="0.93" CONTENT="Mais"/><SP WIDTH="29" VPOS="238" HPOS="825"/>
						<String ID="string_27" HPOS="854" VPOS="252" WIDTH="103" HEIGHT="47" WC="0.40" CONTENT="cecyÿ"/><SP WIDTH="34" VPOS="252" HPOS="957"/>
						<String ID="string_28" HPOS="991" VPOS="234" WIDTH="169" HEIGHT="67" WC="0.85" CONTENT="paroift"/><SP WIDTH="29" VPOS="234" HPOS="1160"/>
						<String ID="string_29" HPOS="1189" VPOS="254" WIDTH="167" HEIGHT="31" WC="0.96" CONTENT="encore"/><SP WIDTH="12" VPOS="254" HPOS="1356"/>
						<String ID="string_30" HPOS="1368" VPOS="234" WIDTH="125" HEIGHT="75" WC="0.92" CONTENT="plus"/><SP WIDTH="18" VPOS="234" HPOS="1493"/>
						<String ID="string_31" HPOS="1511" VPOS="239" WIDTH="168" HEIGHT="48" WC="0.92" CONTENT="claire-"/>
					</TextLine>
				</TextBlock>
				<TextBlock ID="block_3" HPOS="201" VPOS="287" WIDTH="1486" HEIGHT="1297">
					<TextLine ID="line_5" HPOS="205" VPOS="287" WIDTH="1148" HEIGHT="31">
						<String ID="string_32" HPOS="205" VPOS="294" WIDTH="78" HEIGHT="19" WC="0.85" CONTENT="mam"/><SP WIDTH="11" VPOS="294" HPOS="283"/>
						<String ID="string_33" HPOS="294" VPOS="287" WIDTH="30" HEIGHT="26" WC="0.93" CONTENT="in"/><SP WIDTH="11" VPOS="287" HPOS="324"/>
						<String ID="string_34" HPOS="335" VPOS="296" WIDTH="82" HEIGHT="18" WC="0.58" CONTENT="vtero"/><SP WIDTH="10" VPOS="296" HPOS="417"/>
						<String ID="string_35" HPOS="427" VPOS="296" WIDTH="43" HEIGHT="18" WC="0.58" CONTENT="re-"/><SP WIDTH="444" VPOS="296" HPOS="470"/>
						<String ID="string_36" HPOS="914" VPOS="305" WIDTH="21" HEIGHT="13" WC="0.0" CONTENT=";:"/><SP WIDTH="75" VPOS="305" HPOS="935"/>
						<String ID="string_37" HPOS="1010" VPOS="308" WIDTH="5" HEIGHT="5" WC="0.63" CONTENT="."/><SP WIDTH="291" VPOS="308" HPOS="1015"/>
						<String ID="string_38" HPOS="1306" VPOS="309" WIDTH="6" HEIGHT="6" WC="0.0" CONTENT="."/>
					</TextLine>
					<TextLine ID="line_6" HPOS="205" VPOS="301" WIDTH="1472" HEIGHT="73">
						<String ID="string_39" HPOS="205" VPOS="325" WIDTH="237" HEIGHT="43" WC="0.30" CONTENT="cipiranrequam"/><SP WIDTH="67" VPOS="325" HPOS="442"/>
						<String ID="string_40" HPOS="509" VPOS="320" WIDTH="133" HEIGHT="38" WC="0.16" CONTENT=" Ment"/><SP WIDTH="27" VPOS="320" HPOS="642"/>
						<String ID="string_41" HPOS="669" VPOS="321" WIDTH="77" HEIGHT="49" WC="0.96" CONTENT="par"/><SP WIDTH="24" VPOS="321" HPOS="746"/>
						<String ID="string_42" HPOS="770" VPOS="322" WIDTH="49" HEIGHT="28" WC="0.96" CONTENT="ce"/><SP WIDTH="26" VPOS="322" HPOS="819"/>
						<String ID="string_43" HPOS="845" VPOS="302" WIDTH="111" HEIGHT="69" WC="0.93" CONTENT="qu&#39;il"/><SP WIDTH="21" VPOS="302" HPOS="956"/>
						<String ID="string_44" HPOS="977" VPOS="301" WIDTH="173" HEIGHT="66" WC="0.92" CONTENT="ajoufte"/><SP WIDTH="22" VPOS="301" HPOS="1150"/>
						<String ID="string_45" HPOS="1172" VPOS="322" WIDTH="59" HEIGHT="29" WC="0.96" CONTENT="en"/><SP WIDTH="19" VPOS="322" HPOS="1231"/>
						<String ID="string_46" HPOS="1250" VPOS="304" WIDTH="113" HEIGHT="49" WC="0.93" CONTENT="fuite"/><SP WIDTH="24" VPOS="304" HPOS="1363"/>
						<String ID="string_47" HPOS="1387" VPOS="328" WIDTH="11" HEIGHT="26" WC="0.93" CONTENT=":"/><SP WIDTH="37" VPOS="328" HPOS="1398"/>
						<String ID="string_48" HPOS="1435" VPOS="309" WIDTH="67" HEIGHT="46" WC="0.96" CONTENT="Le"/><SP WIDTH="22" VPOS="309" HPOS="1502"/>
						<String ID="string_49" HPOS="1524" VPOS="313" WIDTH="153" HEIGHT="61" WC="0.96" CONTENT="Corps"/>
					</TextLine>
					<TextLine ID="line_7" HPOS="203" VPOS="370" WIDTH="1476" HEIGHT="89">
						<String ID="string_50" HPOS="203" VPOS="372" WIDTH="274" HEIGHT="67" WC="0.8" CONTENT="lemrecipiar;f."/><SP WIDTH="32" VPOS="372" HPOS="477"/>
						<String ID="string_51" HPOS="509" VPOS="374" WIDTH="56" HEIGHT="46" WC="0.95" CONTENT="del"/><SP WIDTH="11" VPOS="374" HPOS="565"/>
						<String ID="string_52" HPOS="576" VPOS="372" WIDTH="282" HEIGHT="57" WC="0.82" CONTENT="Homme,"/><SP WIDTH="15" VPOS="372" HPOS="858"/>
						<String ID="string_53" HPOS="873" VPOS="370" WIDTH="175" HEIGHT="53" WC="0.94" CONTENT="dit-il,"/><SP WIDTH="22" VPOS="370" HPOS="1048"/>
						<String ID="string_54" HPOS="1070" VPOS="388" WIDTH="58" HEIGHT="34" WC="0.96" CONTENT="ne"/><SP WIDTH="24" VPOS="388" HPOS="1128"/>
						<String ID="string_55" HPOS="1152" VPOS="388" WIDTH="109" HEIGHT="50" WC="0.96" CONTENT="peut"/><SP WIDTH="19" VPOS="388" HPOS="1261"/>
						<String ID="string_56" HPOS="1280" VPOS="371" WIDTH="121" HEIGHT="88" WC="0.92" CONTENT="viure"/><SP WIDTH="27" VPOS="371" HPOS="1401"/>
						<String ID="string_57" HPOS="1428" VPOS="392" WIDTH="68" HEIGHT="47" WC="0.93" CONTENT="ny"/><SP WIDTH="17" VPOS="392" HPOS="1496"/>
						<String ID="string_58" HPOS="1513" VPOS="375" WIDTH="166" HEIGHT="48" WC="0.64" CONTENT="naïltre"/>
					</TextLine>
					<TextLine ID="line_8" HPOS="204" VPOS="435" WIDTH="1474" HEIGHT="81">
						<String ID="string_59" HPOS="204" VPOS="449" WIDTH="147" HEIGHT="61" WC="0.31" CONTENT="ee"/><SP WIDTH="8" VPOS="449" HPOS="351"/>
						<String ID="string_60" HPOS="359" VPOS="440" WIDTH="138" HEIGHT="67" WC="0.35" CONTENT="eue"/><SP WIDTH="11" VPOS="440" HPOS="497"/>
						<String ID="string_61" HPOS="508" VPOS="437" WIDTH="100" HEIGHT="50" WC="0.92" CONTENT="fans"/><SP WIDTH="19" VPOS="437" HPOS="608"/>
						<String ID="string_62" HPOS="627" VPOS="439" WIDTH="174" HEIGHT="77" WC="0.28" CONTENT="l&#39;Ame;"/><SP WIDTH="37" VPOS="439" HPOS="801"/>
						<String ID="string_63" HPOS="838" VPOS="442" WIDTH="122" HEIGHT="45" WC="0.91" CONTENT="Mais"/><SP WIDTH="14" VPOS="442" HPOS="960"/>
						<String ID="string_64" HPOS="974" VPOS="435" WIDTH="107" HEIGHT="50" WC="0.91" CONTENT="il-fe"/><SP WIDTH="21" VPOS="435" HPOS="1081"/>
						<String ID="string_65" HPOS="1102" VPOS="441" WIDTH="258" HEIGHT="64" WC="0.93" CONTENT="nourrit"/><SP WIDTH="-48" VPOS="441" HPOS="1360"/>
						<String ID="string_66" HPOS="1312" VPOS="431" WIDTH="45" HEIGHT="89" WC="0.10" CONTENT="il"/><SP WIDTH="25" VPOS="431" HPOS="1357"/>
						<String ID="string_67" HPOS="1382" VPOS="439" WIDTH="44" HEIGHT="50" WC="0.92" CONTENT="fe"/><SP WIDTH="20" VPOS="439" HPOS="1426"/>
						<String ID="string_68" HPOS="1446" VPOS="458" WIDTH="130" HEIGHT="33" WC="0.90" CONTENT="meut"/><SP WIDTH="25" VPOS="458" HPOS="1576"/>
						<String ID="string_69" HPOS="1601" VPOS="481" WIDTH="13" HEIGHT="20" WC="0.91" CONTENT=","/><SP WIDTH="27" VPOS="481" HPOS="1614"/>
						<String ID="string_70" HPOS="1641" VPOS="443" WIDTH="37" HEIGHT="47" WC="0.95" CONTENT="il"/>
					</TextLine>
					<TextLine ID="line_9" HPOS="202" VPOS="505" WIDTH="1476" HEIGHT="68">
						<String ID="string_71" HPOS="202" VPOS="516" WIDTH="50" HEIGHT="38" WC="0.73" CONTENT="mâ"/><SP WIDTH="-4" VPOS="516" HPOS="252"/>
						<String ID="string_72" HPOS="248" VPOS="501" WIDTH="166" HEIGHT="76" WC="0.44" CONTENT="moueri&amp;"/><SP WIDTH="-1" VPOS="501" HPOS="414"/>
						<String ID="string_73" HPOS="413" VPOS="501" WIDTH="62" HEIGHT="76" WC="0.57" CONTENT="in-"/><SP WIDTH="35" VPOS="501" HPOS="475"/>
						<String ID="string_74" HPOS="510" VPOS="506" WIDTH="133" HEIGHT="49" WC="0.51" CONTENT="croit"/><SP WIDTH="25" VPOS="506" HPOS="643"/>
						<String ID="string_75" HPOS="668" VPOS="515" WIDTH="44" HEIGHT="39" WC="0.91" CONTENT="&amp;"/><SP WIDTH="22" VPOS="515" HPOS="712"/>
						<String ID="string_76" HPOS="734" VPOS="505" WIDTH="32" HEIGHT="51" WC="0.96" CONTENT="il"/><SP WIDTH="22" VPOS="505" HPOS="766"/>
						<String ID="string_77" HPOS="788" VPOS="506" WIDTH="143" HEIGHT="67" WC="0.96" CONTENT="prend"/><SP WIDTH="23" VPOS="506" HPOS="931"/>
						<String ID="string_78" HPOS="954" VPOS="506" WIDTH="113" HEIGHT="52" WC="0.96" CONTENT="dans"/><SP WIDTH="22" VPOS="506" HPOS="1067"/>
						<String ID="string_79" HPOS="1089" VPOS="506" WIDTH="42" HEIGHT="47" WC="0.95" CONTENT="le"/><SP WIDTH="24" VPOS="506" HPOS="1131"/>
						<String ID="string_80" HPOS="1155" VPOS="522" WIDTH="167" HEIGHT="38" WC="0.96" CONTENT="ventre"/><SP WIDTH="25" VPOS="522" HPOS="1322"/>
						<String ID="string_81" HPOS="1347" VPOS="509" WIDTH="62" HEIGHT="46" WC="0.95" CONTENT="de"/><SP WIDTH="16" VPOS="509" HPOS="1409"/>
						<String ID="string_82" HPOS="1425" VPOS="508" WIDTH="44" HEIGHT="49" WC="0.82" CONTENT="fa"/><SP WIDTH="18" VPOS="508" HPOS="1469"/>
						<String ID="string_83" HPOS="1487" VPOS="528" WIDTH="124" HEIGHT="34" WC="0.96" CONTENT="mere"/><SP WIDTH="24" VPOS="528" HPOS="1611"/>
						<String ID="string_84" HPOS="1635" VPOS="510" WIDTH="43" HEIGHT="53" WC="0.92" CONTENT="la"/>
					</TextLine>
					<TextLine ID="line_10" HPOS="204" VPOS="555" WIDTH="1250" HEIGHT="35">
						<String ID="string_85" HPOS="204" VPOS="565" WIDTH="178" HEIGHT="25" WC="0.90" CONTENT="crementum"/><SP WIDTH="18" VPOS="565" HPOS="382"/>
						<String ID="string_86" HPOS="400" VPOS="555" WIDTH="91" HEIGHT="30" WC="0.92" CONTENT="habe-"/><SP WIDTH="297" VPOS="555" HPOS="491"/>
						<String ID="string_87" HPOS="788" VPOS="578" WIDTH="6" HEIGHT="6" WC="0.19" CONTENT="!"/><SP WIDTH="118" VPOS="578" HPOS="794"/>
						<String ID="string_88" HPOS="912" VPOS="576" WIDTH="9" HEIGHT="9" WC="0.12" CONTENT="."/><SP WIDTH="115" VPOS="576" HPOS="921"/>
						<String ID="string_89" HPOS="1036" VPOS="577" WIDTH="6" HEIGHT="6" WC="0.67" CONTENT="."/><SP WIDTH="405" VPOS="577" HPOS="1042"/>
						<String ID="string_90" HPOS="1447" VPOS="579" WIDTH="7" HEIGHT="8" WC="0.0" CONTENT="."/>
					</TextLine>
					<TextLine ID="line_11" HPOS="204" VPOS="572" WIDTH="1475" HEIGHT="65">
						<String ID="string_91" HPOS="204" VPOS="603" WIDTH="32" HEIGHT="28" WC="0.86" CONTENT="re"/><SP WIDTH="13" VPOS="603" HPOS="236"/>
						<String ID="string_92" HPOS="249" VPOS="590" WIDTH="158" HEIGHT="44" WC="0.61" CONTENT="videmus,"/><SP WIDTH="103" VPOS="590" HPOS="407"/>
						<String ID="string_93" HPOS="510" VPOS="572" WIDTH="358" HEIGHT="65" WC="0.54" CONTENT="Conformation"/><SP WIDTH="22" VPOS="572" HPOS="868"/>
						<String ID="string_94" HPOS="890" VPOS="588" WIDTH="262" HEIGHT="42" WC="0.90" CONTENT="interieure"/><SP WIDTH="40" VPOS="588" HPOS="1152"/>
						<String ID="string_95" HPOS="1192" VPOS="582" WIDTH="61" HEIGHT="46" WC="0.90" CONTENT="&amp;"/><SP WIDTH="42" VPOS="582" HPOS="1253"/>
						<String ID="string_96" HPOS="1295" VPOS="591" WIDTH="270" HEIGHT="37" WC="0.30" CONTENT="exterieure"/><SP WIDTH="36" VPOS="591" HPOS="1565"/>
						<String ID="string_97" HPOS="1601" VPOS="580" WIDTH="78" HEIGHT="51" WC="0.80" CONTENT=",du"/>
					</TextLine>
					<TextLine ID="line_12" HPOS="510" VPOS="641" WIDTH="1169" HEIGHT="67">
						<String ID="string_98" HPOS="510" VPOS="649" WIDTH="152" HEIGHT="58" WC="0.95" CONTENT="Corps"/><SP WIDTH="23" VPOS="649" HPOS="662"/>
						<String ID="string_99" HPOS="685" VPOS="642" WIDTH="57" HEIGHT="48" WC="0.95" CONTENT="de"/><SP WIDTH="21" VPOS="642" HPOS="742"/>
						<String ID="string_100" HPOS="763" VPOS="641" WIDTH="248" HEIGHT="49" WC="0.64" CONTENT="l&#39;Homme"/><SP WIDTH="19" VPOS="641" HPOS="1011"/>
						<String ID="string_101" HPOS="1030" VPOS="654" WIDTH="19" HEIGHT="43" WC="0.90" CONTENT=";"/><SP WIDTH="21" VPOS="654" HPOS="1049"/>
						<String ID="string_102" HPOS="1070" VPOS="657" WIDTH="152" HEIGHT="30" WC="0.91" CONTENT="auant"/><SP WIDTH="34" VPOS="657" HPOS="1222"/>
						<String ID="string_103" HPOS="1256" VPOS="657" WIDTH="93" HEIGHT="51" WC="0.96" CONTENT="que"/><SP WIDTH="27" VPOS="657" HPOS="1349"/>
						<String ID="string_104" HPOS="1376" VPOS="643" WIDTH="57" HEIGHT="47" WC="0.89" CONTENT="de"/><SP WIDTH="19" VPOS="643" HPOS="1433"/>
						<String ID="string_105" HPOS="1452" VPOS="645" WIDTH="227" HEIGHT="48" WC="0.74" CONTENT="-receuoir"/>
					</TextLine>
					<TextLine ID="line_13" HPOS="487" VPOS="705" WIDTH="1193" HEIGHT="71">
						<String ID="string_106" HPOS="487" VPOS="710" WIDTH="173" HEIGHT="59" WC="0.0" CONTENT="‘ŸAme"/><SP WIDTH="32" VPOS="710" HPOS="660"/>
						<String ID="string_107" HPOS="692" VPOS="705" WIDTH="294" HEIGHT="55" WC="0.89" CONTENT="raifonnable"/><SP WIDTH="35" VPOS="705" HPOS="986"/>
						<String ID="string_108" HPOS="1021" VPOS="743" WIDTH="28" HEIGHT="21" WC="0.40" CONTENT=","/><SP WIDTH="33" VPOS="743" HPOS="1049"/>
						<String ID="string_109" HPOS="1082" VPOS="706" WIDTH="37" HEIGHT="48" WC="0.62" CONTENT="à."/><SP WIDTH="14" VPOS="706" HPOS="1119"/>
						<String ID="string_110" HPOS="1133" VPOS="707" WIDTH="43" HEIGHT="68" WC="0.62" CONTENT="la"/><SP WIDTH="27" VPOS="707" HPOS="1176"/>
						<String ID="string_111" HPOS="1203" VPOS="712" WIDTH="205" HEIGHT="43" WC="0.96" CONTENT="maniere"/><SP WIDTH="31" VPOS="712" HPOS="1408"/>
						<String ID="string_112" HPOS="1439" VPOS="728" WIDTH="92" HEIGHT="48" WC="0.96" CONTENT="que"/><SP WIDTH="27" VPOS="728" HPOS="1531"/>
						<String ID="string_113" HPOS="1558" VPOS="731" WIDTH="122" HEIGHT="33" WC="0.96" CONTENT="nous"/>
					</TextLine>
					<TextLine ID="line_14" HPOS="501" VPOS="773" WIDTH="1178" HEIGHT="69">
						<String ID="string_114" HPOS="501" VPOS="794" WIDTH="189" HEIGHT="48" WC="0.88" CONTENT="xoyons"/><SP WIDTH="22" VPOS="794" HPOS="690"/>
						<String ID="string_115" HPOS="712" VPOS="792" WIDTH="94" HEIGHT="49" WC="0.94" CONTENT="que"/><SP WIDTH="19" VPOS="792" HPOS="806"/>
						<String ID="string_116" HPOS="825" VPOS="774" WIDTH="61" HEIGHT="47" WC="0.94" CONTENT="les"/><SP WIDTH="22" VPOS="774" HPOS="886"/>
						<String ID="string_117" HPOS="908" VPOS="774" WIDTH="177" HEIGHT="66" WC="0.93" CONTENT="plantes"/><SP WIDTH="25" VPOS="774" HPOS="1085"/>
						<String ID="string_118" HPOS="1110" VPOS="783" WIDTH="43" HEIGHT="39" WC="0.93" CONTENT="&amp;"/><SP WIDTH="27" VPOS="783" HPOS="1153"/>
						<String ID="string_119" HPOS="1180" VPOS="773" WIDTH="61" HEIGHT="55" WC="0.80" CONTENT="les"/><SP WIDTH="9" VPOS="773" HPOS="1241"/>
						<String ID="string_120" HPOS="1250" VPOS="774" WIDTH="180" HEIGHT="55" WC="0.80" CONTENT="herbes"/><SP WIDTH="18" VPOS="774" HPOS="1430"/>
						<String ID="string_121" HPOS="1448" VPOS="776" WIDTH="65" HEIGHT="55" WC="0.88" CONTENT="fe"/><SP WIDTH="30" VPOS="776" HPOS="1513"/>
						<String ID="string_122" HPOS="1543" VPOS="797" WIDTH="136" HEIGHT="36" WC="0.91" CONTENT="meu-"/>
					</TextLine>
					<TextLine ID="line_15" HPOS="494" VPOS="839" WIDTH="878" HEIGHT="64">
						<String ID="string_123" HPOS="494" VPOS="852" WIDTH="187" HEIGHT="51" WC="0.46" CONTENT="uent&amp;"/><SP WIDTH="18" VPOS="852" HPOS="681"/>
						<String ID="string_124" HPOS="699" VPOS="841" WIDTH="214" HEIGHT="57" WC="0.35" CONTENT="croifflent"/><SP WIDTH="12" VPOS="841" HPOS="913"/>
						<String ID="string_125" HPOS="925" VPOS="839" WIDTH="102" HEIGHT="57" WC="0.96" CONTENT="fans"/><SP WIDTH="13" VPOS="839" HPOS="1027"/>
						<String ID="string_126" HPOS="1040" VPOS="844" WIDTH="135" HEIGHT="52" WC="0.96" CONTENT="Ame."/>
					</TextLine>
					<TextLine ID="line_16" HPOS="595" VPOS="908" WIDTH="1085" HEIGHT="73">
						<String ID="string_127" HPOS="595" VPOS="908" WIDTH="122" HEIGHT="53" WC="0.96" CONTENT="Mais"/><SP WIDTH="23" VPOS="908" HPOS="717"/>
						<String ID="string_128" HPOS="740" VPOS="910" WIDTH="57" HEIGHT="46" WC="0.96" CONTENT="de"/><SP WIDTH="23" VPOS="910" HPOS="797"/>
						<String ID="string_129" HPOS="820" VPOS="908" WIDTH="153" HEIGHT="67" WC="0.93" CONTENT="quelle"/><SP WIDTH="22" VPOS="908" HPOS="973"/>
						<String ID="string_130" HPOS="995" VPOS="913" WIDTH="200" HEIGHT="52" WC="0.89" CONTENT="maniere"/><SP WIDTH="14" VPOS="913" HPOS="1195"/>
						<String ID="string_131" HPOS="1209" VPOS="904" WIDTH="346" HEIGHT="81" WC="0.63" CONTENT="eroiriez-vous"/><SP WIDTH="1" VPOS="904" HPOS="1555"/>
						<String ID="string_132" HPOS="1556" VPOS="904" WIDTH="124" HEIGHT="81" WC="0.63" CONTENT="qu&#39;il"/>
					</TextLine>
					<TextLine ID="line_17" HPOS="490" VPOS="976" WIDTH="1191" HEIGHT="73">
						<String ID="string_133" HPOS="490" VPOS="996" WIDTH="46" HEIGHT="34" WC="0.77" CONTENT="-a"/><SP WIDTH="25" VPOS="996" HPOS="536"/>
						<String ID="string_134" HPOS="561" VPOS="976" WIDTH="136" HEIGHT="68" WC="0.80" CONTENT="penfé"/><SP WIDTH="22" VPOS="976" HPOS="697"/>
						<String ID="string_135" HPOS="719" VPOS="989" WIDTH="89" HEIGHT="54" WC="0.93" CONTENT="que"/><SP WIDTH="23" VPOS="989" HPOS="808"/>
						<String ID="string_136" HPOS="831" VPOS="991" WIDTH="118" HEIGHT="39" WC="0.91" CONTENT="cetté"/><SP WIDTH="21" VPOS="991" HPOS="949"/>
						<String ID="string_137" HPOS="970" VPOS="979" WIDTH="121" HEIGHT="47" WC="0.93" CONTENT="Ame"/><SP WIDTH="23" VPOS="979" HPOS="1091"/>
						<String ID="string_138" HPOS="1114" VPOS="976" WIDTH="206" HEIGHT="50" WC="0.90" CONTENT="donnoit"/><SP WIDTH="33" VPOS="976" HPOS="1320"/>
						<String ID="string_139" HPOS="1353" VPOS="979" WIDTH="25" HEIGHT="48" WC="0.97" CONTENT="à"/><SP WIDTH="33" VPOS="979" HPOS="1378"/>
						<String ID="string_140" HPOS="1411" VPOS="978" WIDTH="84" HEIGHT="52" WC="0.96" CONTENT="fon"/><SP WIDTH="34" VPOS="978" HPOS="1495"/>
						<String ID="string_141" HPOS="1529" VPOS="988" WIDTH="152" HEIGHT="61" WC="0.95" CONTENT="Corps"/>
					</TextLine>
					<TextLine ID="line_18" HPOS="491" VPOS="1042" WIDTH="1189" HEIGHT="71">
						<String ID="string_142" HPOS="491" VPOS="1046" WIDTH="61" HEIGHT="48" WC="0.93" CONTENT="Ja"/><SP WIDTH="15" VPOS="1046" HPOS="552"/>
						<String ID="string_143" HPOS="567" VPOS="1042" WIDTH="320" HEIGHT="59" WC="0.39" CONTENT="viefenfitiie,"/><SP WIDTH="20" VPOS="1042" HPOS="887"/>
						<String ID="string_144" HPOS="907" VPOS="1044" WIDTH="335" HEIGHT="67" WC="0.73" CONTENT="quandelle.eft"/><SP WIDTH="23" VPOS="1044" HPOS="1242"/>
						<String ID="string_145" HPOS="1265" VPOS="1049" WIDTH="150" HEIGHT="59" WC="0.93" CONTENT="jointe"/><SP WIDTH="20" VPOS="1049" HPOS="1415"/>
						<String ID="string_146" HPOS="1435" VPOS="1066" WIDTH="110" HEIGHT="29" WC="0.92" CONTENT="auec"/><SP WIDTH="28" VPOS="1066" HPOS="1545"/>
						<String ID="string_147" HPOS="1573" VPOS="1049" WIDTH="107" HEIGHT="64" WC="0.84" CONTENT="luy"/><SP WIDTH="-41" VPOS="1049" HPOS="1680"/>
						<String ID="string_148" HPOS="1639" VPOS="1038" WIDTH="27" HEIGHT="79" WC="0.84" CONTENT="2"/>
					</TextLine>
					<TextLine ID="line_19" HPOS="504" VPOS="1110" WIDTH="1177" HEIGHT="71">
						<String ID="string_149" HPOS="504" VPOS="1110" WIDTH="133" HEIGHT="61" WC="0.96" CONTENT="Pour"/><SP WIDTH="32" VPOS="1110" HPOS="637"/>
						<String ID="string_150" HPOS="669" VPOS="1111" WIDTH="237" HEIGHT="70" WC="0.93" CONTENT="expliquer"/><SP WIDTH="32" VPOS="1111" HPOS="906"/>
						<String ID="string_151" HPOS="938" VPOS="1130" WIDTH="103" HEIGHT="45" WC="0.93" CONTENT="cecy"/><SP WIDTH="31" VPOS="1130" HPOS="1041"/>
						<String ID="string_152" HPOS="1072" VPOS="1128" WIDTH="263" HEIGHT="39" WC="0.93" CONTENT="nettement"/><SP WIDTH="47" VPOS="1128" HPOS="1335"/>
						<String ID="string_153" HPOS="1382" VPOS="1113" WIDTH="299" HEIGHT="54" WC="0.91" CONTENT="confiderons"/>
					</TextLine>
					<TextLine ID="line_20" HPOS="481" VPOS="1178" WIDTH="1203" HEIGHT="69">
						<String ID="string_154" HPOS="481" VPOS="1200" WIDTH="94" HEIGHT="37" WC="0.50" CONTENT="_vn"/><SP WIDTH="21" VPOS="1200" HPOS="575"/>
						<String ID="string_155" HPOS="596" VPOS="1200" WIDTH="86" HEIGHT="47" WC="0.96" CONTENT="peu"/><SP WIDTH="20" VPOS="1200" HPOS="682"/>
						<String ID="string_156" HPOS="702" VPOS="1182" WIDTH="56" HEIGHT="47" WC="0.93" CONTENT="de"/><SP WIDTH="21" VPOS="1182" HPOS="758"/>
						<String ID="string_157" HPOS="779" VPOS="1180" WIDTH="156" HEIGHT="67" WC="0.84" CONTENT="quélle"/><SP WIDTH="18" VPOS="1180" HPOS="935"/>
						<String ID="string_158" HPOS="953" VPOS="1178" WIDTH="163" HEIGHT="56" WC="0.92" CONTENT="forteil"/><SP WIDTH="20" VPOS="1178" HPOS="1116"/>
						<String ID="string_159" HPOS="1136" VPOS="1181" WIDTH="125" HEIGHT="66" WC="0.96" CONTENT="parle"/><SP WIDTH="21" VPOS="1181" HPOS="1261"/>
						<String ID="string_160" HPOS="1282" VPOS="1183" WIDTH="56" HEIGHT="47" WC="0.96" CONTENT="de"/><SP WIDTH="19" VPOS="1183" HPOS="1338"/>
						<String ID="string_161" HPOS="1357" VPOS="1181" WIDTH="44" HEIGHT="49" WC="0.83" CONTENT="la"/><SP WIDTH="24" VPOS="1181" HPOS="1401"/>
						<String ID="string_162" HPOS="1425" VPOS="1200" WIDTH="162" HEIGHT="33" WC="0.96" CONTENT="nature"/><SP WIDTH="33" VPOS="1200" HPOS="1587"/>
						<String ID="string_163" HPOS="1620" VPOS="1186" WIDTH="64" HEIGHT="46" WC="0.96" CONTENT="du"/>
					</TextLine>
					<TextLine ID="line_21" HPOS="252" VPOS="1246" WIDTH="1428" HEIGHT="69">
						<String ID="string_164" HPOS="252" VPOS="1256" WIDTH="135" HEIGHT="53" WC="0.23" CONTENT="mr"/><SP WIDTH="109" VPOS="1256" HPOS="387"/>
						<String ID="string_165" HPOS="496" VPOS="1254" WIDTH="158" HEIGHT="51" WC="0.66" CONTENT="«Ses,"/><SP WIDTH="24" VPOS="1254" HPOS="654"/>
						<String ID="string_166" HPOS="678" VPOS="1249" WIDTH="63" HEIGHT="52" WC="0.75" CONTENT="de"/><SP WIDTH="12" VPOS="1249" HPOS="741"/>
						<String ID="string_167" HPOS="753" VPOS="1246" WIDTH="63" HEIGHT="48" WC="0.75" CONTENT="fes"/><SP WIDTH="22" VPOS="1246" HPOS="816"/>
						<String ID="string_168" HPOS="838" VPOS="1249" WIDTH="151" HEIGHT="63" WC="0.89" CONTENT="diuers"/><SP WIDTH="19" VPOS="1249" HPOS="989"/>
						<String ID="string_169" HPOS="1008" VPOS="1249" WIDTH="194" HEIGHT="64" WC="0.90" CONTENT="degrez,"/><SP WIDTH="34" VPOS="1249" HPOS="1202"/>
						<String ID="string_170" HPOS="1236" VPOS="1250" WIDTH="57" HEIGHT="45" WC="0.96" CONTENT="de"/><SP WIDTH="23" VPOS="1250" HPOS="1293"/>
						<String ID="string_171" HPOS="1316" VPOS="1247" WIDTH="64" HEIGHT="49" WC="0.96" CONTENT="fes"/><SP WIDTH="16" VPOS="1247" HPOS="1380"/>
						<String ID="string_172" HPOS="1396" VPOS="1249" WIDTH="207" HEIGHT="66" WC="0.68" CONTENT="cfpeces,"/><SP WIDTH="33" VPOS="1249" HPOS="1603"/>
						<String ID="string_173" HPOS="1636" VPOS="1261" WIDTH="44" HEIGHT="40" WC="0.93" CONTENT="&amp;"/>
					</TextLine>
					<TextLine ID="line_22" HPOS="226" VPOS="1308" WIDTH="1458" HEIGHT="70">
						<String ID="string_174" HPOS="226" VPOS="1308" WIDTH="3" HEIGHT="2" WC="0.96" CONTENT="|"/><SP WIDTH="271" VPOS="1308" HPOS="229"/>
						<String ID="string_175" HPOS="500" VPOS="1316" WIDTH="95" HEIGHT="54" WC="0.86" CONTENT=".des"/><SP WIDTH="24" VPOS="1316" HPOS="595"/>
						<String ID="string_176" HPOS="619" VPOS="1313" WIDTH="142" HEIGHT="49" WC="0.87" CONTENT="Idées"/><SP WIDTH="39" VPOS="1313" HPOS="761"/>
						<String ID="string_177" HPOS="800" VPOS="1313" WIDTH="69" HEIGHT="48" WC="0.93" CONTENT="de"/><SP WIDTH="31" VPOS="1313" HPOS="869"/>
						<String ID="string_178" HPOS="900" VPOS="1313" WIDTH="193" HEIGHT="65" WC="0.70" CONTENT="l&#39;Efprit."/><SP WIDTH="45" VPOS="1313" HPOS="1093"/>
						<String ID="string_179" HPOS="1138" VPOS="1320" WIDTH="143" HEIGHT="48" WC="0.88" CONTENT=":Dans"/><SP WIDTH="27" VPOS="1320" HPOS="1281"/>
						<String ID="string_180" HPOS="1308" VPOS="1316" WIDTH="52" HEIGHT="45" WC="0.87" CONTENT="le"/><SP WIDTH="47" VPOS="1316" HPOS="1360"/>
						<String ID="string_181" HPOS="1407" VPOS="1317" WIDTH="124" HEIGHT="51" WC="0.34" CONTENT="Lire"/><SP WIDTH="30" VPOS="1317" HPOS="1531"/>
						<String ID="string_182" HPOS="1561" VPOS="1318" WIDTH="48" HEIGHT="47" WC="0.96" CONTENT="de"/><SP WIDTH="33" VPOS="1318" HPOS="1609"/>
						<String ID="string_183" HPOS="1642" VPOS="1321" WIDTH="42" HEIGHT="44" WC="0.77" CONTENT="la"/>
					</TextLine>
					<TextLine ID="line_23" HPOS="505" VPOS="1380" WIDTH="1181" HEIGHT="71">
						<String ID="string_184" HPOS="505" VPOS="1380" WIDTH="215" HEIGHT="60" WC="0.56" CONTENT="Quantité"/><SP WIDTH="27" VPOS="1380" HPOS="720"/>
						<String ID="string_185" HPOS="747" VPOS="1381" WIDTH="47" HEIGHT="45" WC="0.92" CONTENT="de"/><SP WIDTH="26" VPOS="1381" HPOS="794"/>
						<String ID="string_186" HPOS="820" VPOS="1383" WIDTH="138" HEIGHT="51" WC="0.67" CONTENT="l&#39;Ame"/><SP WIDTH="25" VPOS="1383" HPOS="958"/>
						<String ID="string_187" HPOS="983" VPOS="1380" WIDTH="39" HEIGHT="47" WC="0.87" CONTENT="il"/><SP WIDTH="31" VPOS="1380" HPOS="1022"/>
						<String ID="string_188" HPOS="1053" VPOS="1382" WIDTH="68" HEIGHT="50" WC="0.95" CONTENT="dit"/><SP WIDTH="29" VPOS="1382" HPOS="1121"/>
						<String ID="string_189" HPOS="1150" VPOS="1399" WIDTH="77" HEIGHT="48" WC="0.96" CONTENT="que"/><SP WIDTH="19" VPOS="1399" HPOS="1227"/>
						<String ID="string_190" HPOS="1246" VPOS="1385" WIDTH="34" HEIGHT="44" WC="0.93" CONTENT="le"/><SP WIDTH="9" VPOS="1385" HPOS="1280"/>
						<String ID="string_191" HPOS="1289" VPOS="1381" WIDTH="94" HEIGHT="66" WC="0.68" CONTENT="[ens"/><SP WIDTH="19" VPOS="1381" HPOS="1383"/>
						<String ID="string_192" HPOS="1402" VPOS="1385" WIDTH="55" HEIGHT="61" WC="0.36" CONTENT="eff"/><SP WIDTH="17" VPOS="1385" HPOS="1457"/>
						<String ID="string_193" HPOS="1474" VPOS="1404" WIDTH="96" HEIGHT="28" WC="0.50" CONTENT="une"/><SP WIDTH="14" VPOS="1404" HPOS="1570"/>
						<String ID="string_194" HPOS="1584" VPOS="1385" WIDTH="102" HEIGHT="66" WC="0.70" CONTENT="paf-"/>
					</TextLine>
					<TextLine ID="line_24" HPOS="201" VPOS="1443" WIDTH="1486" HEIGHT="96">
						<String ID="string_195" HPOS="201" VPOS="1467" WIDTH="167" HEIGHT="59" WC="0.0" CONTENT="salut"/><SP WIDTH="11" VPOS="1467" HPOS="368"/>
						<String ID="string_196" HPOS="379" VPOS="1443" WIDTH="89" HEIGHT="96" WC="0.35" CONTENT="safe"/><SP WIDTH="22" VPOS="1443" HPOS="468"/>
						<String ID="string_197" HPOS="490" VPOS="1443" WIDTH="107" HEIGHT="87" WC="0.54" CONTENT="Jion"/><SP WIDTH="14" VPOS="1443" HPOS="597"/>
						<String ID="string_198" HPOS="611" VPOS="1447" WIDTH="61" HEIGHT="79" WC="0.71" CONTENT="ds"/><SP WIDTH="38" VPOS="1447" HPOS="672"/>
						<String ID="string_199" HPOS="710" VPOS="1443" WIDTH="136" HEIGHT="80" WC="0.62" CONTENT="“Corps"/><SP WIDTH="37" VPOS="1443" HPOS="846"/>
						<String ID="string_200" HPOS="883" VPOS="1467" WIDTH="70" HEIGHT="58" WC="0.88" CONTENT="qui"/><SP WIDTH="21" VPOS="1467" HPOS="953"/>
						<String ID="string_201" HPOS="974" VPOS="1462" WIDTH="88" HEIGHT="51" WC="0.88" CONTENT="par"/><SP WIDTH="31" VPOS="1462" HPOS="1062"/>
						<String ID="string_202" HPOS="1093" VPOS="1443" WIDTH="69" HEIGHT="62" WC="0.96" CONTENT="elle"/><SP WIDTH="20" VPOS="1443" HPOS="1162"/>
						<String ID="string_203" HPOS="1182" VPOS="1478" WIDTH="18" HEIGHT="6" WC="0.73" CONTENT="-"/><SP WIDTH="14" VPOS="1478" HPOS="1200"/>
						<String ID="string_204" HPOS="1214" VPOS="1445" WIDTH="138" HEIGHT="87" WC="0.63" CONTENT="mefme"/><SP WIDTH="31" VPOS="1445" HPOS="1352"/>
						<String ID="string_205" HPOS="1383" VPOS="1447" WIDTH="72" HEIGHT="71" WC="0.40" CONTENT="eff"/><SP WIDTH="42" VPOS="1447" HPOS="1455"/>
						<String ID="string_206" HPOS="1497" VPOS="1469" WIDTH="190" HEIGHT="61" WC="0.51" CONTENT="aperceuË"/>
					</TextLine>
					<TextLine ID="line_25" HPOS="216" VPOS="1514" WIDTH="1467" HEIGHT="70">
						<String ID="string_207" HPOS="191" VPOS="1507" WIDTH="175" HEIGHT="81" WC="0.71" CONTENT="corporis,"/><SP WIDTH="13" VPOS="1507" HPOS="366"/>
						<String ID="string_208" HPOS="379" VPOS="1534" WIDTH="86" HEIGHT="39" WC="0.27" CONTENT="pere"/><SP WIDTH="41" VPOS="1534" HPOS="465"/>
						<String ID="string_209" HPOS="506" VPOS="1515" WIDTH="63" HEIGHT="53" WC="0.32" CONTENT="de"/><SP WIDTH="19" VPOS="1515" HPOS="569"/>
						<String ID="string_210" HPOS="588" VPOS="1516" WIDTH="157" HEIGHT="45" WC="0.43" CONTENT="l&#39;Ame."/><SP WIDTH="40" VPOS="1516" HPOS="745"/>
						<String ID="string_211" HPOS="785" VPOS="1514" WIDTH="45" HEIGHT="47" WC="0.48" CONTENT="1]"/><SP WIDTH="23" VPOS="1514" HPOS="830"/>
						<String ID="string_212" HPOS="853" VPOS="1514" WIDTH="278" HEIGHT="63" WC="0.58" CONTENT="ajoufte‘en"/><SP WIDTH="17" VPOS="1514" HPOS="1131"/>
						<String ID="string_213" HPOS="1148" VPOS="1514" WIDTH="127" HEIGHT="53" WC="0.96" CONTENT="fuite"/><SP WIDTH="45" VPOS="1514" HPOS="1275"/>
						<String ID="string_214" HPOS="1320" VPOS="1538" WIDTH="117" HEIGHT="46" WC="0.93" CONTENT="pour"/><SP WIDTH="40" VPOS="1538" HPOS="1437"/>
						<String ID="string_215" HPOS="1477" VPOS="1536" WIDTH="206" HEIGHT="32" WC="0.90" CONTENT="mainte-"/>
					</TextLine>
				</TextBlock>
				<TextBlock ID="block_4" HPOS="216" VPOS="1572" WIDTH="267" HEIGHT="38">
					<TextLine ID="line_26" HPOS="216" VPOS="1572" WIDTH="267" HEIGHT="38">
						<String ID="string_216" HPOS="216" VPOS="1572" WIDTH="93" HEIGHT="38" WC="0.91" CONTENT="ipfam"/><SP WIDTH="13" VPOS="1572" HPOS="309"/>
						<String ID="string_217" HPOS="322" VPOS="1568" WIDTH="51" HEIGHT="47" WC="0.30" CONTENT="non"/><SP WIDTH="3" VPOS="1568" HPOS="373"/>
						<String ID="string_218" HPOS="376" VPOS="1568" WIDTH="107" HEIGHT="47" WC="0.30" CONTENT="latens"/>
					</TextLine>
				</TextBlock>
				<TextBlock ID="block_5" HPOS="241" VPOS="1579" WIDTH="1443" HEIGHT="74">
					<TextLine ID="line_27" HPOS="241" VPOS="1579" WIDTH="1443" HEIGHT="74">
						<String ID="string_219" HPOS="241" VPOS="1612" WIDTH="79" HEIGHT="27" WC="0.39" CONTENT="éme"/><SP WIDTH="194" VPOS="1612" HPOS="320"/>
						<String ID="string_220" HPOS="514" VPOS="1586" WIDTH="79" HEIGHT="54" WC="0.84" CONTENT="nit"/><SP WIDTH="21" VPOS="1586" HPOS="593"/>
						<String ID="string_221" HPOS="614" VPOS="1580" WIDTH="45" HEIGHT="49" WC="0.89" CONTENT="{a"/><SP WIDTH="34" VPOS="1580" HPOS="659"/>
						<String ID="string_222" HPOS="693" VPOS="1579" WIDTH="249" HEIGHT="57" WC="0.94" CONTENT="definition"/><SP WIDTH="33" VPOS="1579" HPOS="942"/>
						<String ID="string_223" HPOS="975" VPOS="1598" WIDTH="161" HEIGHT="33" WC="0.95" CONTENT="contre"/><SP WIDTH="24" VPOS="1598" HPOS="1136"/>
						<String ID="string_224" HPOS="1160" VPOS="1582" WIDTH="68" HEIGHT="54" WC="0.90" CONTENT="les"/><SP WIDTH="20" VPOS="1582" HPOS="1228"/>
						<String ID="string_225" HPOS="1248" VPOS="1585" WIDTH="263" HEIGHT="61" WC="0.85" CONTENT="objections"/><SP WIDTH="27" VPOS="1585" HPOS="1511"/>
						<String ID="string_226" HPOS="1538" VPOS="1600" WIDTH="146" HEIGHT="53" WC="0.87" CONTENT="qu&#39;on"/>
					</TextLine>
				</TextBlock>
				<TextBlock ID="block_6" HPOS="216" VPOS="1647" WIDTH="1473" HEIGHT="138">
					<TextLine ID="line_28" HPOS="249" VPOS="1647" WIDTH="1439" HEIGHT="70">
						<String ID="string_227" HPOS="249" VPOS="1676" WIDTH="182" HEIGHT="40" WC="0.68" CONTENT="Quanquam"/><SP WIDTH="93" VPOS="1676" HPOS="431"/>
						<String ID="string_228" HPOS="524" VPOS="1651" WIDTH="80" HEIGHT="64" WC="0.65" CONTENT=" luy"/><SP WIDTH="20" VPOS="1651" HPOS="604"/>
						<String ID="string_229" HPOS="624" VPOS="1653" WIDTH="189" HEIGHT="64" WC="0.56" CONTENT="pouroit"/><SP WIDTH="22" VPOS="1653" HPOS="813"/>
						<String ID="string_230" HPOS="835" VPOS="1647" WIDTH="145" HEIGHT="59" WC="0.84" CONTENT="faire,"/><SP WIDTH="28" VPOS="1647" HPOS="980"/>
						<String ID="string_231" HPOS="1008" VPOS="1653" WIDTH="110" HEIGHT="45" WC="0.95" CONTENT="Bien"/><SP WIDTH="15" VPOS="1653" HPOS="1118"/>
						<String ID="string_232" HPOS="1133" VPOS="1667" WIDTH="101" HEIGHT="50" WC="0.93" CONTENT="que"/><SP WIDTH="23" VPOS="1667" HPOS="1234"/>
						<String ID="string_233" HPOS="1257" VPOS="1649" WIDTH="138" HEIGHT="52" WC="0.85" CONTENT="fentir"/><SP WIDTH="28" VPOS="1649" HPOS="1395"/>
						<String ID="string_234" HPOS="1423" VPOS="1664" WIDTH="49" HEIGHT="39" WC="0.88" CONTENT="&amp;"/><SP WIDTH="34" VPOS="1664" HPOS="1472"/>
						<String ID="string_235" HPOS="1506" VPOS="1653" WIDTH="182" HEIGHT="62" WC="0.90" CONTENT="fçauoir"/>
					</TextLine>
					<TextLine ID="line_29" HPOS="216" VPOS="1711" WIDTH="1473" HEIGHT="74">
						<String ID="string_236" HPOS="216" VPOS="1711" WIDTH="287" HEIGHT="70" WC="0.4" CONTENT="utiles"/><SP WIDTH="22" VPOS="1711" HPOS="503"/>
						<String ID="string_237" HPOS="525" VPOS="1718" WIDTH="151" HEIGHT="50" WC="0.73" CONTENT="foient"/><SP WIDTH="30" VPOS="1718" HPOS="676"/>
						<String ID="string_238" HPOS="706" VPOS="1716" WIDTH="159" HEIGHT="51" WC="0.85" CONTENT="chofes"/><SP WIDTH="30" VPOS="1716" HPOS="865"/>
						<String ID="string_239" HPOS="895" VPOS="1718" WIDTH="301" HEIGHT="59" WC="0.75" CONTENT="differentes"/><SP WIDTH="-29" VPOS="1718" HPOS="1196"/>
						<String ID="string_240" HPOS="1167" VPOS="1707" WIDTH="40" HEIGHT="78" WC="0.75" CONTENT=","/><SP WIDTH="35" VPOS="1707" HPOS="1207"/>
						<String ID="string_241" HPOS="1242" VPOS="1722" WIDTH="157" HEIGHT="45" WC="0.88" CONTENT="n’eftre"/><SP WIDTH="34" VPOS="1722" HPOS="1399"/>
						<String ID="string_242" HPOS="1433" VPOS="1738" WIDTH="78" HEIGHT="47" WC="0.96" CONTENT="pas"/><SP WIDTH="40" VPOS="1738" HPOS="1511"/>
						<String ID="string_243" HPOS="1551" VPOS="1722" WIDTH="138" HEIGHT="48" WC="0.96" CONTENT="caché"/>
					</TextLine>
				</TextBlock>
				<TextBlock ID="block_7" HPOS="215" VPOS="1780" WIDTH="1474" HEIGHT="202">
					<TextLine ID="line_30" HPOS="216" VPOS="1780" WIDTH="1464" HEIGHT="81">
						<String ID="string_244" HPOS="216" VPOS="1784" WIDTH="239" HEIGHT="77" WC="0.0" CONTENT="indramen.aon"/><SP WIDTH="64" VPOS="1784" HPOS="455"/>
						<String ID="string_245" HPOS="519" VPOS="1780" WIDTH="249" HEIGHT="60" WC="0.90" CONTENT="toutesfois"/><SP WIDTH="22" VPOS="1780" HPOS="768"/>
						<String ID="string_246" HPOS="790" VPOS="1796" WIDTH="106" HEIGHT="50" WC="0.0" CONTENT=",-ou"/><SP WIDTH="22" VPOS="1796" HPOS="896"/>
						<String ID="string_247" HPOS="918" VPOS="1783" WIDTH="105" HEIGHT="59" WC="0.89" CONTENT="eftre"/><SP WIDTH="22" VPOS="1783" HPOS="1023"/>
						<String ID="string_248" HPOS="1045" VPOS="1781" WIDTH="198" HEIGHT="71" WC="0.54" CONTENT="aperçeu."/><SP WIDTH="3" VPOS="1781" HPOS="1243"/>
						<String ID="string_249" HPOS="1246" VPOS="1785" WIDTH="62" HEIGHT="46" WC="0.96" CONTENT="de"/><SP WIDTH="28" VPOS="1785" HPOS="1308"/>
						<String ID="string_250" HPOS="1336" VPOS="1785" WIDTH="169" HEIGHT="61" WC="0.67" CONTENT="l&#39;Ame,"/><SP WIDTH="15" VPOS="1785" HPOS="1505"/>
						<String ID="string_251" HPOS="1520" VPOS="1785" WIDTH="82" HEIGHT="62" WC="0.92" CONTENT="eft"/><SP WIDTH="21" VPOS="1785" HPOS="1602"/>
						<String ID="string_252" HPOS="1623" VPOS="1809" WIDTH="57" HEIGHT="29" WC="0.0" CONTENT="vi"/>
					</TextLine>
					<TextLine ID="line_31" HPOS="230" VPOS="1837" WIDTH="1265" HEIGHT="33">
						<String ID="string_253" HPOS="230" VPOS="1837" WIDTH="94" HEIGHT="23" WC="0.86" CONTENT="atere,"/><SP WIDTH="13" VPOS="1837" HPOS="324"/>
						<String ID="string_254" HPOS="337" VPOS="1837" WIDTH="115" HEIGHT="29" WC="0.76" CONTENT="vrrique"/><SP WIDTH="23" VPOS="1837" HPOS="452"/>
						<String ID="string_255" HPOS="475" VPOS="1846" WIDTH="2" HEIGHT="3" WC="0.10" CONTENT=":"/><SP WIDTH="497" VPOS="1846" HPOS="477"/>
						<String ID="string_256" HPOS="974" VPOS="1853" WIDTH="9" HEIGHT="11" WC="0.44" CONTENT="&gt;"/><SP WIDTH="150" VPOS="1853" HPOS="983"/>
						<String ID="string_257" HPOS="1133" VPOS="1848" WIDTH="71" HEIGHT="17" WC="0.27" CONTENT="Sp"/>
					</TextLine>
					<TextLine ID="line_32" HPOS="215" VPOS="1849" WIDTH="1474" HEIGHT="73">
						<String ID="string_258" HPOS="215" VPOS="1875" WIDTH="156" HEIGHT="21" WC="0.96" CONTENT="commune"/><SP WIDTH="6" VPOS="1875" HPOS="371"/>
						<String ID="string_259" HPOS="377" VPOS="1843" WIDTH="42" HEIGHT="83" WC="0.22" CONTENT="ef"/><SP WIDTH="26" VPOS="1843" HPOS="419"/>
						<String ID="string_260" HPOS="445" VPOS="1878" WIDTH="8" HEIGHT="18" WC="0.56" CONTENT=";"/><SP WIDTH="21" VPOS="1878" HPOS="453"/>
						<String ID="string_261" HPOS="474" VPOS="1878" WIDTH="32" HEIGHT="19" WC="0.94" CONTENT="ve"/><SP WIDTH="18" VPOS="1878" HPOS="506"/>
						<String ID="string_262" HPOS="524" VPOS="1871" WIDTH="140" HEIGHT="51" WC="0.60" CONTENT="SENTE"/><SP WIDTH="13" VPOS="1871" HPOS="664"/>
						<String ID="string_263" HPOS="677" VPOS="1850" WIDTH="292" HEIGHT="49" WC="0.25" CONTENT="commun"/><SP WIDTH="19" VPOS="1850" HPOS="969"/>
						<String ID="string_264" HPOS="988" VPOS="1867" WIDTH="62" HEIGHT="29" WC="0.68" CONTENT="l&#39;vn"/><SP WIDTH="14" VPOS="1867" HPOS="1050"/>
						<String ID="string_265" HPOS="1064" VPOS="1858" WIDTH="45" HEIGHT="38" WC="0.92" CONTENT="&amp;"/><SP WIDTH="23" VPOS="1858" HPOS="1109"/>
						<String ID="string_266" HPOS="1132" VPOS="1869" WIDTH="25" HEIGHT="28" WC="0.96" CONTENT="à"/><SP WIDTH="19" VPOS="1869" HPOS="1157"/>
						<String ID="string_267" HPOS="1176" VPOS="1849" WIDTH="174" HEIGHT="63" WC="0.32" CONTENT="l&#39;autre,"/><SP WIDTH="13" VPOS="1849" HPOS="1350"/>
						<String ID="string_268" HPOS="1363" VPOS="1874" WIDTH="193" HEIGHT="29" WC="0.32" CONTENT="comme"/><SP WIDTH="22" VPOS="1874" HPOS="1556"/>
						<String ID="string_269" HPOS="1578" VPOS="1857" WIDTH="111" HEIGHT="48" WC="0.88" CONTENT="eftre"/>
					</TextLine>
					<TextLine ID="line_33" HPOS="218" VPOS="1905" WIDTH="1370" HEIGHT="38">
						<String ID="string_270" HPOS="218" VPOS="1905" WIDTH="48" HEIGHT="28" WC="0.34" CONTENT="ipfñi"/><SP WIDTH="13" VPOS="1905" HPOS="266"/>
						<String ID="string_271" HPOS="279" VPOS="1905" WIDTH="112" HEIGHT="29" WC="0.70" CONTENT="homini"/><SP WIDTH="16" VPOS="1905" HPOS="391"/>
						<String ID="string_272" HPOS="407" VPOS="1908" WIDTH="28" HEIGHT="24" WC="0.91" CONTENT="&amp;"/><SP WIDTH="19" VPOS="1908" HPOS="435"/>
						<String ID="string_273" HPOS="454" VPOS="1907" WIDTH="50" HEIGHT="28" WC="0.91" CONTENT="be-"/><SP WIDTH="84" VPOS="1907" HPOS="504"/>
						<String ID="string_274" HPOS="588" VPOS="1926" WIDTH="6" HEIGHT="6" WC="0.60" CONTENT="."/><SP WIDTH="710" VPOS="1926" HPOS="594"/>
						<String ID="string_275" HPOS="1304" VPOS="1920" WIDTH="12" HEIGHT="15" WC="0.76" CONTENT="\"/><SP WIDTH="60" VPOS="1920" HPOS="1316"/>
						<String ID="string_276" HPOS="1376" VPOS="1926" WIDTH="7" HEIGHT="11" WC="0.64" CONTENT="1"/><SP WIDTH="98" VPOS="1926" HPOS="1383"/>
						<String ID="string_277" HPOS="1481" VPOS="1936" WIDTH="2" HEIGHT="3" WC="0.37" CONTENT="|"/><SP WIDTH="101" VPOS="1936" HPOS="1483"/>
						<String ID="string_278" HPOS="1584" VPOS="1941" WIDTH="4" HEIGHT="2" WC="0.13" CONTENT="|"/>
					</TextLine>
					<TextLine ID="line_34" HPOS="215" VPOS="1915" WIDTH="1470" HEIGHT="67">
						<String ID="string_279" HPOS="198" VPOS="1911" WIDTH="97" HEIGHT="75" WC="0.30" CONTENT="fie,"/><SP WIDTH="5" VPOS="1911" HPOS="295"/>
						<String ID="string_280" HPOS="300" VPOS="1911" WIDTH="136" HEIGHT="75" WC="0.83" CONTENT="quamuis"/><SP WIDTH="12" VPOS="1911" HPOS="436"/>
						<String ID="string_281" HPOS="448" VPOS="1918" WIDTH="59" HEIGHT="64" WC="0.66" CONTENT="plu."/><SP WIDTH="17" VPOS="1918" HPOS="507"/>
						<String ID="string_282" HPOS="524" VPOS="1919" WIDTH="171" HEIGHT="51" WC="0.93" CONTENT="animal"/><SP WIDTH="23" VPOS="1919" HPOS="695"/>
						<String ID="string_283" HPOS="718" VPOS="1918" WIDTH="59" HEIGHT="48" WC="0.92" CONTENT="eft"/><SP WIDTH="18" VPOS="1918" HPOS="777"/>
						<String ID="string_284" HPOS="795" VPOS="1935" WIDTH="69" HEIGHT="31" WC="0.92" CONTENT="vn"/><SP WIDTH="12" VPOS="1935" HPOS="864"/>
						<String ID="string_285" HPOS="876" VPOS="1934" WIDTH="148" HEIGHT="48" WC="0.94" CONTENT="genre"/><SP WIDTH="20" VPOS="1934" HPOS="1024"/>
						<String ID="string_286" HPOS="1044" VPOS="1936" WIDTH="225" HEIGHT="33" WC="0.96" CONTENT="commun"/><SP WIDTH="33" VPOS="1936" HPOS="1269"/>
						<String ID="string_287" HPOS="1302" VPOS="1942" WIDTH="25" HEIGHT="27" WC="0.96" CONTENT="à"/><SP WIDTH="30" VPOS="1942" HPOS="1327"/>
						<String ID="string_288" HPOS="1357" VPOS="1923" WIDTH="251" HEIGHT="51" WC="0.74" CONTENT="l&#39;Homme"/><SP WIDTH="32" VPOS="1923" HPOS="1608"/>
						<String ID="string_289" HPOS="1640" VPOS="1934" WIDTH="45" HEIGHT="42" WC="0.93" CONTENT="&amp;"/>
					</TextLine>
				</TextBlock>
				<TextBlock ID="block_8" HPOS="217" VPOS="1981" WIDTH="266" HEIGHT="33">
					<TextLine ID="line_35" HPOS="217" VPOS="1981" WIDTH="266" HEIGHT="33">
						<String ID="string_290" HPOS="217" VPOS="1987" WIDTH="109" HEIGHT="27" WC="0.83" CONTENT="rimum"/><SP WIDTH="10" VPOS="1987" HPOS="326"/>
						<String ID="string_291" HPOS="336" VPOS="1981" WIDTH="147" HEIGHT="32" WC="0.83" CONTENT="differant,"/>
					</TextLine>
				</TextBlock>
				<TextBlock ID="block_9" HPOS="217" VPOS="1985" WIDTH="1471" HEIGHT="146">
					<TextLine ID="line_36" HPOS="217" VPOS="1985" WIDTH="1469" HEIGHT="69">
						<String ID="string_292" HPOS="217" VPOS="2021" WIDTH="219" HEIGHT="32" WC="0.0" CONTENT="snndittan"/><SP WIDTH="87" VPOS="2021" HPOS="436"/>
						<String ID="string_293" HPOS="523" VPOS="1987" WIDTH="25" HEIGHT="52" WC="0.94" CONTENT="à"/><SP WIDTH="18" VPOS="1987" HPOS="548"/>
						<String ID="string_294" HPOS="566" VPOS="1990" WIDTH="42" HEIGHT="47" WC="0.88" CONTENT="la"/><SP WIDTH="24" VPOS="1990" HPOS="608"/>
						<String ID="string_295" HPOS="632" VPOS="1987" WIDTH="145" HEIGHT="60" WC="0.87" CONTENT="befte,"/><SP WIDTH="15" VPOS="1987" HPOS="777"/>
						<String ID="string_296" HPOS="792" VPOS="1988" WIDTH="126" HEIGHT="66" WC="0.88" CONTENT="quoy"/><SP WIDTH="20" VPOS="1988" HPOS="918"/>
						<String ID="string_297" HPOS="938" VPOS="2003" WIDTH="90" HEIGHT="49" WC="0.96" CONTENT="que"/><SP WIDTH="25" VPOS="2003" HPOS="1028"/>
						<String ID="string_298" HPOS="1053" VPOS="2005" WIDTH="48" HEIGHT="29" WC="0.93" CONTENT="ce"/><SP WIDTH="23" VPOS="2005" HPOS="1101"/>
						<String ID="string_299" HPOS="1124" VPOS="1985" WIDTH="150" HEIGHT="52" WC="0.92" CONTENT="foient"/><SP WIDTH="26" VPOS="1985" HPOS="1274"/>
						<String ID="string_300" HPOS="1300" VPOS="1991" WIDTH="118" HEIGHT="46" WC="0.93" CONTENT="deux"/><SP WIDTH="19" VPOS="1991" HPOS="1418"/>
						<String ID="string_301" HPOS="1437" VPOS="1989" WIDTH="131" HEIGHT="49" WC="0.83" CONTENT="eftres"/><SP WIDTH="23" VPOS="1989" HPOS="1568"/>
						<String ID="string_302" HPOS="1591" VPOS="1989" WIDTH="95" HEIGHT="53" WC="0.96" CONTENT="fort"/>
					</TextLine>
					<TextLine ID="line_37" HPOS="218" VPOS="2052" WIDTH="1470" HEIGHT="79">
						<String ID="string_303" HPOS="218" VPOS="2070" WIDTH="154" HEIGHT="22" WC="0.93" CONTENT="commune"/><SP WIDTH="11" VPOS="2070" HPOS="372"/>
						<String ID="string_304" HPOS="383" VPOS="2060" WIDTH="122" HEIGHT="30" WC="0.77" CONTENT="eft"/><SP WIDTH="-88" VPOS="2060" HPOS="505"/>
						<String ID="string_305" HPOS="417" VPOS="2053" WIDTH="24" HEIGHT="46" WC="0.77" CONTENT=";"/><SP WIDTH="-1" VPOS="2053" HPOS="441"/>
						<String ID="string_306" HPOS="440" VPOS="2060" WIDTH="65" HEIGHT="30" WC="0.96" CONTENT="non"/><SP WIDTH="15" VPOS="2060" HPOS="505"/>
						<String ID="string_307" HPOS="520" VPOS="2052" WIDTH="228" HEIGHT="58" WC="0.85" CONTENT="differens."/><SP WIDTH="25" VPOS="2052" HPOS="748"/>
						<String ID="string_308" HPOS="773" VPOS="2057" WIDTH="3" HEIGHT="4" WC="0.84" CONTENT="|"/><SP WIDTH="21" VPOS="2057" HPOS="776"/>
						<String ID="string_309" HPOS="797" VPOS="2061" WIDTH="75" HEIGHT="44" WC="0.91" CONTENT="Or"/><SP WIDTH="25" VPOS="2061" HPOS="872"/>
						<String ID="string_310" HPOS="897" VPOS="2064" WIDTH="162" HEIGHT="37" WC="0.89" CONTENT="toutce"/><SP WIDTH="20" VPOS="2064" HPOS="1059"/>
						<String ID="string_311" HPOS="1079" VPOS="2054" WIDTH="77" HEIGHT="69" WC="0.96" CONTENT="qui"/><SP WIDTH="24" VPOS="2054" HPOS="1156"/>
						<String ID="string_312" HPOS="1180" VPOS="2053" WIDTH="110" HEIGHT="60" WC="0.89" CONTENT="n&#39;eft"/><SP WIDTH="25" VPOS="2053" HPOS="1290"/>
						<String ID="string_313" HPOS="1315" VPOS="2068" WIDTH="78" HEIGHT="59" WC="0.96" CONTENT="pas"/><SP WIDTH="25" VPOS="2068" HPOS="1393"/>
						<String ID="string_314" HPOS="1418" VPOS="2057" WIDTH="140" HEIGHT="52" WC="0.96" CONTENT="caché"/><SP WIDTH="18" VPOS="2057" HPOS="1558"/>
						<String ID="string_315" HPOS="1576" VPOS="2071" WIDTH="112" HEIGHT="60" WC="0.42" CONTENT="apdr"/>
					</TextLine>
				</TextBlock>
				<TextBlock ID="block_10" HPOS="217" VPOS="2097" WIDTH="1080" HEIGHT="94">
					<TextLine ID="line_38" HPOS="218" VPOS="2097" WIDTH="819" HEIGHT="44">
						<String ID="string_316" HPOS="218" VPOS="2103" WIDTH="71" HEIGHT="28" WC="0.66" CONTENT="lacet"/><SP WIDTH="10" VPOS="2103" HPOS="289"/>
						<String ID="string_317" HPOS="299" VPOS="2108" WIDTH="95" HEIGHT="21" WC="0.84" CONTENT="autem"/><SP WIDTH="9" VPOS="2108" HPOS="394"/>
						<String ID="string_318" HPOS="403" VPOS="2097" WIDTH="89" HEIGHT="38" WC="0.91" CONTENT="quid-"/><SP WIDTH="87" VPOS="2097" HPOS="492"/>
						<String ID="string_319" HPOS="579" VPOS="2117" WIDTH="6" HEIGHT="18" WC="0.0" CONTENT=":"/><SP WIDTH="110" VPOS="2117" HPOS="585"/>
						<String ID="string_320" HPOS="695" VPOS="2129" WIDTH="8" HEIGHT="12" WC="0.21" CONTENT=","/>
					</TextLine>
					<TextLine ID="line_39" HPOS="217" VPOS="2120" WIDTH="1080" HEIGHT="71">
						<String ID="string_321" HPOS="217" VPOS="2141" WIDTH="276" HEIGHT="41" WC="0.67" CONTENT="quidanimæappa-"/><SP WIDTH="26" VPOS="2141" HPOS="493"/>
						<String ID="string_322" HPOS="519" VPOS="2124" WIDTH="109" HEIGHT="57" WC="0.32" CONTENT="foift"/><SP WIDTH="13" VPOS="2124" HPOS="628"/>
						<String ID="string_323" HPOS="641" VPOS="2124" WIDTH="20" HEIGHT="49" WC="0.92" CONTENT="à"/><SP WIDTH="16" VPOS="2124" HPOS="661"/>
						<String ID="string_324" HPOS="677" VPOS="2124" WIDTH="151" HEIGHT="57" WC="0.31" CONTENT="l&#39;Ame"/><SP WIDTH="14" VPOS="2124" HPOS="828"/>
						<String ID="string_325" HPOS="842" VPOS="2132" WIDTH="43" HEIGHT="47" WC="0.93" CONTENT="&amp;"/><SP WIDTH="23" VPOS="2132" HPOS="885"/>
						<String ID="string_326" HPOS="908" VPOS="2139" WIDTH="56" HEIGHT="30" WC="0.93" CONTENT="en"/><SP WIDTH="17" VPOS="2139" HPOS="964"/>
						<String ID="string_327" HPOS="981" VPOS="2120" WIDTH="59" HEIGHT="48" WC="0.67" CONTENT="eft"/><SP WIDTH="15" VPOS="2120" HPOS="1040"/>
						<String ID="string_328" HPOS="1055" VPOS="2123" WIDTH="185" HEIGHT="68" WC="0.81" CONTENT="aperçü."/><SP WIDTH="24" VPOS="2123" HPOS="1240"/>
						<String ID="string_329" HPOS="1264" VPOS="2146" WIDTH="11" HEIGHT="17" WC="0.0" CONTENT="+."/>
					</TextLine>
				</TextBlock>
				<TextBlock ID="block_11" HPOS="217" VPOS="2187" WIDTH="53" HEIGHT="21">
					<TextLine ID="line_40" HPOS="217" VPOS="2187" WIDTH="53" HEIGHT="21">
						<String ID="string_330" HPOS="217" VPOS="2187" WIDTH="53" HEIGHT="21" WC="0.70" CONTENT="£ct."/>
					</TextLine>
				</TextBlock>
			</PrintSpace>
		</Page>
	</Layout>
</alto>
