<?xml version="1.0" encoding="UTF-8"?>
<alto xmlns="http://www.loc.gov/standards/alto/ns-v3#" xmlns:xlink="http://www.w3.org/1999/xlink" xmlns:xsi="http://www.w3.org/2001/XMLSchema-instance" xsi:schemaLocation="http://www.loc.gov/standards/alto/ns-v3# http://www.loc.gov/alto/v3/alto-3-0.xsd">
	<Description>
		<MeasurementUnit>pixel</MeasurementUnit>
		<sourceImageInformation>
			<fileName>			</fileName>
		</sourceImageInformation>
		<OCRProcessing ID="OCR_0">
			<ocrProcessingStep>
				<processingSoftware>
					<softwareName>tesseract v4.1.0-elag2019</softwareName>
				</processingSoftware>
			</ocrProcessingStep>
		</OCRProcessing>
	</Description>
	<Layout>
		<Page WIDTH="1776" HEIGHT="2528" PHYSICAL_IMG_NR="0" ID="page_0">
			<PrintSpace HPOS="0" VPOS="0" WIDTH="1776" HEIGHT="2528">
				<TextBlock ID="block_0" HPOS="532" VPOS="98" WIDTH="1218" HEIGHT="2093">
					<TextLine ID="line_0" HPOS="966" VPOS="98" WIDTH="364" HEIGHT="56">
						<String ID="string_0" HPOS="966" VPOS="98" WIDTH="364" HEIGHT="56" WC="0.65" CONTENT="PREEACE"/>
					</TextLine>
					<TextLine ID="line_1" HPOS="548" VPOS="171" WIDTH="1182" HEIGHT="70">
						<String ID="string_1" HPOS="548" VPOS="178" WIDTH="113" HEIGHT="47" WC="0.0" CONTENT="doit"/><SP WIDTH="20" VPOS="178" HPOS="661"/>
						<String ID="string_2" HPOS="681" VPOS="175" WIDTH="43" HEIGHT="48" WC="0.92" CONTENT="le"/><SP WIDTH="21" VPOS="175" HPOS="724"/>
						<String ID="string_3" HPOS="745" VPOS="180" WIDTH="150" HEIGHT="61" WC="0.91" CONTENT="Corps"/><SP WIDTH="25" VPOS="180" HPOS="895"/>
						<String ID="string_4" HPOS="920" VPOS="191" WIDTH="162" HEIGHT="31" WC="0.91" CONTENT="contre"/><SP WIDTH="21" VPOS="191" HPOS="1082"/>
						<String ID="string_5" HPOS="1103" VPOS="174" WIDTH="41" HEIGHT="48" WC="0.92" CONTENT="le"/><SP WIDTH="32" VPOS="174" HPOS="1144"/>
						<String ID="string_6" HPOS="1176" VPOS="186" WIDTH="309" HEIGHT="35" WC="0.92" CONTENT="mouuement"/><SP WIDTH="26" VPOS="186" HPOS="1485"/>
						<String ID="string_7" HPOS="1511" VPOS="171" WIDTH="59" HEIGHT="50" WC="0.90" CONTENT="de"/><SP WIDTH="28" VPOS="171" HPOS="1570"/>
						<String ID="string_8" HPOS="1598" VPOS="171" WIDTH="132" HEIGHT="50" WC="0.0" CONTENT="Tob-"/>
					</TextLine>
					<TextLine ID="line_2" HPOS="552" VPOS="238" WIDTH="1177" HEIGHT="71">
						<String ID="string_9" HPOS="552" VPOS="249" WIDTH="108" HEIGHT="59" WC="0.90" CONTENT="jet,"/><SP WIDTH="29" VPOS="249" HPOS="660"/>
						<String ID="string_10" HPOS="689" VPOS="243" WIDTH="32" HEIGHT="49" WC="0.90" CONTENT="il"/><SP WIDTH="21" VPOS="243" HPOS="721"/>
						<String ID="string_11" HPOS="742" VPOS="244" WIDTH="73" HEIGHT="48" WC="0.50" CONTENT="ma"/><SP WIDTH="21" VPOS="244" HPOS="815"/>
						<String ID="string_12" HPOS="836" VPOS="260" WIDTH="78" HEIGHT="49" WC="0.92" CONTENT="pas"/><SP WIDTH="20" VPOS="260" HPOS="914"/>
						<String ID="string_13" HPOS="934" VPOS="238" WIDTH="161" HEIGHT="51" WC="0.60" CONTENT="eſtimé"/><SP WIDTH="29" VPOS="238" HPOS="1095"/>
						<String ID="string_14" HPOS="1124" VPOS="240" WIDTH="168" HEIGHT="68" WC="0.88" CONTENT="qu&#39;elle"/><SP WIDTH="25" VPOS="240" HPOS="1292"/>
						<String ID="string_15" HPOS="1317" VPOS="240" WIDTH="59" HEIGHT="48" WC="0.57" CONTENT="ſit"/><SP WIDTH="30" VPOS="240" HPOS="1376"/>
						<String ID="string_16" HPOS="1406" VPOS="240" WIDTH="93" HEIGHT="48" WC="0.90" CONTENT="cela"/><SP WIDTH="32" VPOS="240" HPOS="1499"/>
						<String ID="string_17" HPOS="1531" VPOS="258" WIDTH="80" HEIGHT="49" WC="0.91" CONTENT="par"/><SP WIDTH="29" VPOS="258" HPOS="1611"/>
						<String ID="string_18" HPOS="1640" VPOS="240" WIDTH="89" HEIGHT="49" WC="0.92" CONTENT="elle"/>
					</TextLine>
					<TextLine ID="line_3" HPOS="551" VPOS="307" WIDTH="1199" HEIGHT="69">
						<String ID="string_19" HPOS="551" VPOS="309" WIDTH="219" HEIGHT="60" WC="0.91" CONTENT="meſme,"/><SP WIDTH="32" VPOS="309" HPOS="770"/>
						<String ID="string_20" HPOS="802" VPOS="313" WIDTH="115" HEIGHT="45" WC="0.91" CONTENT="mais"/><SP WIDTH="22" VPOS="313" HPOS="917"/>
						<String ID="string_21" HPOS="939" VPOS="327" WIDTH="80" HEIGHT="48" WC="0.90" CONTENT="par"/><SP WIDTH="28" VPOS="327" HPOS="1019"/>
						<String ID="string_22" HPOS="1047" VPOS="308" WIDTH="42" HEIGHT="48" WC="0.90" CONTENT="le"/><SP WIDTH="27" VPOS="308" HPOS="1089"/>
						<String ID="string_23" HPOS="1116" VPOS="327" WIDTH="176" HEIGHT="46" WC="0.91" CONTENT="moyen"/><SP WIDTH="33" VPOS="327" HPOS="1292"/>
						<String ID="string_24" HPOS="1325" VPOS="310" WIDTH="77" HEIGHT="47" WC="0.92" CONTENT="des"/><SP WIDTH="30" VPOS="310" HPOS="1402"/>
						<String ID="string_25" HPOS="1432" VPOS="307" WIDTH="158" HEIGHT="69" WC="0.90" CONTENT="eſprits"/><SP WIDTH="31" VPOS="307" HPOS="1590"/>
						<String ID="string_26" HPOS="1621" VPOS="313" WIDTH="129" HEIGHT="51" WC="0.89" CONTENT="ani-"/>
					</TextLine>
					<TextLine ID="line_4" HPOS="551" VPOS="376" WIDTH="1179" HEIGHT="68">
						<String ID="string_27" HPOS="551" VPOS="383" WIDTH="164" HEIGHT="44" WC="0.92" CONTENT="maux."/><SP WIDTH="37" VPOS="383" HPOS="715"/>
						<String ID="string_28" HPOS="752" VPOS="384" WIDTH="125" HEIGHT="58" WC="0.91" CONTENT="Cecy"/><SP WIDTH="28" VPOS="384" HPOS="877"/>
						<String ID="string_29" HPOS="905" VPOS="378" WIDTH="325" HEIGHT="47" WC="0.92" CONTENT="demanderoit"/><SP WIDTH="20" VPOS="378" HPOS="1230"/>
						<String ID="string_30" HPOS="1250" VPOS="393" WIDTH="108" HEIGHT="51" WC="0.35" CONTENT="peut"/><SP WIDTH="18" VPOS="393" HPOS="1358"/>
						<String ID="string_31" HPOS="1376" VPOS="372" WIDTH="143" HEIGHT="76" WC="0.35" CONTENT=" eſtre"/><SP WIDTH="25" VPOS="372" HPOS="1519"/>
						<String ID="string_32" HPOS="1544" VPOS="393" WIDTH="68" HEIGHT="31" WC="0.91" CONTENT="vn"/><SP WIDTH="28" VPOS="393" HPOS="1612"/>
						<String ID="string_33" HPOS="1640" VPOS="394" WIDTH="90" HEIGHT="49" WC="0.92" CONTENT="peu"/>
					</TextLine>
					<TextLine ID="line_5" HPOS="550" VPOS="443" WIDTH="1181" HEIGHT="70">
						<String ID="string_34" HPOS="550" VPOS="445" WIDTH="274" HEIGHT="68" WC="0.92" CONTENT="dauantage"/><SP WIDTH="12" VPOS="445" HPOS="824"/>
						<String ID="string_35" HPOS="836" VPOS="446" WIDTH="29" HEIGHT="46" WC="0.0" CONTENT="d"/><SP WIDTH="6" VPOS="446" HPOS="865"/>
						<String ID="string_36" HPOS="871" VPOS="443" WIDTH="292" HEIGHT="68" WC="0.0" CONTENT="explication:"/><SP WIDTH="13" VPOS="443" HPOS="1163"/>
						<String ID="string_37" HPOS="1176" VPOS="443" WIDTH="137" HEIGHT="50" WC="0.90" CONTENT="mais"/><SP WIDTH="19" VPOS="443" HPOS="1313"/>
						<String ID="string_38" HPOS="1332" VPOS="439" WIDTH="170" HEIGHT="78" WC="0.16" CONTENT="comme"/><SP WIDTH="-1" VPOS="439" HPOS="1502"/>
						<String ID="string_39" HPOS="1501" VPOS="446" WIDTH="105" HEIGHT="64" WC="0.16" CONTENT="i&#39;ay"/><SP WIDTH="21" VPOS="446" HPOS="1606"/>
						<String ID="string_40" HPOS="1627" VPOS="443" WIDTH="104" HEIGHT="64" WC="0.75" CONTENT="deja"/>
					</TextLine>
					<TextLine ID="line_6" HPOS="550" VPOS="511" WIDTH="1181" HEIGHT="68">
						<String ID="string_41" HPOS="550" VPOS="513" WIDTH="107" HEIGHT="59" WC="0.92" CONTENT="dit,"/><SP WIDTH="27" VPOS="513" HPOS="657"/>
						<String ID="string_42" HPOS="684" VPOS="516" WIDTH="186" HEIGHT="60" WC="0.45" CONTENT="j&#39;autois"/><SP WIDTH="14" VPOS="516" HPOS="870"/>
						<String ID="string_43" HPOS="884" VPOS="529" WIDTH="109" HEIGHT="49" WC="0.76" CONTENT="peur"/><SP WIDTH="11" VPOS="529" HPOS="993"/>
						<String ID="string_44" HPOS="1004" VPOS="511" WIDTH="158" HEIGHT="49" WC="0.19" CONTENT="d&#39;eſtre"/><SP WIDTH="20" VPOS="511" HPOS="1162"/>
						<String ID="string_45" HPOS="1182" VPOS="529" WIDTH="271" HEIGHT="47" WC="0.26" CONTENT="ennuyeux:"/><SP WIDTH="25" VPOS="529" HPOS="1453"/>
						<String ID="string_46" HPOS="1478" VPOS="516" WIDTH="52" HEIGHT="44" WC="0.84" CONTENT="Ie"/><SP WIDTH="18" VPOS="516" HPOS="1530"/>
						<String ID="string_47" HPOS="1548" VPOS="530" WIDTH="61" HEIGHT="30" WC="0.87" CONTENT="ne"/><SP WIDTH="20" VPOS="530" HPOS="1609"/>
						<String ID="string_48" HPOS="1629" VPOS="518" WIDTH="102" HEIGHT="61" WC="0.91" CONTENT="puis"/>
					</TextLine>
					<TextLine ID="line_7" HPOS="552" VPOS="577" WIDTH="1181" HEIGHT="70">
						<String ID="string_49" HPOS="552" VPOS="578" WIDTH="254" HEIGHT="51" WC="0.89" CONTENT="toutesfois"/><SP WIDTH="34" VPOS="578" HPOS="806"/>
						<String ID="string_50" HPOS="840" VPOS="579" WIDTH="107" HEIGHT="49" WC="0.89" CONTENT="finir"/><SP WIDTH="34" VPOS="579" HPOS="947"/>
						<String ID="string_51" HPOS="981" VPOS="595" WIDTH="117" HEIGHT="32" WC="0.91" CONTENT="cette"/><SP WIDTH="28" VPOS="595" HPOS="1098"/>
						<String ID="string_52" HPOS="1126" VPOS="582" WIDTH="193" HEIGHT="45" WC="0.92" CONTENT="matiere"/><SP WIDTH="30" VPOS="582" HPOS="1319"/>
						<String ID="string_53" HPOS="1349" VPOS="577" WIDTH="103" HEIGHT="51" WC="0.92" CONTENT="ſans"/><SP WIDTH="39" VPOS="577" HPOS="1452"/>
						<String ID="string_54" HPOS="1491" VPOS="597" WIDTH="242" HEIGHT="50" WC="0.92" CONTENT="rapporter"/>
					</TextLine>
					<TextLine ID="line_8" HPOS="556" VPOS="642" WIDTH="1177" HEIGHT="73">
						<String ID="string_55" HPOS="556" VPOS="666" WIDTH="73" HEIGHT="30" WC="0.91" CONTENT="vn"/><SP WIDTH="20" VPOS="666" HPOS="629"/>
						<String ID="string_56" HPOS="649" VPOS="648" WIDTH="187" HEIGHT="66" WC="0.91" CONTENT="paſſage"/><SP WIDTH="28" VPOS="648" HPOS="836"/>
						<String ID="string_57" HPOS="864" VPOS="649" WIDTH="57" HEIGHT="46" WC="0.92" CONTENT="de"/><SP WIDTH="32" VPOS="649" HPOS="921"/>
						<String ID="string_58" HPOS="953" VPOS="646" WIDTH="251" HEIGHT="67" WC="0.92" CONTENT="Plutarque"/><SP WIDTH="34" VPOS="646" HPOS="1204"/>
						<String ID="string_59" HPOS="1238" VPOS="643" WIDTH="247" HEIGHT="52" WC="0.89" CONTENT="conforme"/><SP WIDTH="29" VPOS="643" HPOS="1485"/>
						<String ID="string_60" HPOS="1514" VPOS="642" WIDTH="37" HEIGHT="52" WC="0.71" CONTENT="à"/><SP WIDTH="18" VPOS="642" HPOS="1551"/>
						<String ID="string_61" HPOS="1569" VPOS="666" WIDTH="51" HEIGHT="28" WC="0.71" CONTENT="ce"/><SP WIDTH="20" VPOS="666" HPOS="1620"/>
						<String ID="string_62" HPOS="1640" VPOS="664" WIDTH="93" HEIGHT="51" WC="0.90" CONTENT="que"/>
					</TextLine>
					<TextLine ID="line_9" HPOS="558" VPOS="712" WIDTH="1177" HEIGHT="54">
						<String ID="string_63" HPOS="558" VPOS="731" WIDTH="124" HEIGHT="31" WC="0.92" CONTENT="nous"/><SP WIDTH="30" VPOS="731" HPOS="682"/>
						<String ID="string_64" HPOS="712" VPOS="731" WIDTH="180" HEIGHT="33" WC="0.28" CONTENT="veflons"/><SP WIDTH="37" VPOS="731" HPOS="892"/>
						<String ID="string_65" HPOS="929" VPOS="714" WIDTH="58" HEIGHT="46" WC="0.91" CONTENT="de"/><SP WIDTH="30" VPOS="714" HPOS="987"/>
						<String ID="string_66" HPOS="1017" VPOS="717" WIDTH="139" HEIGHT="49" WC="0.24" CONTENT="voir;"/><SP WIDTH="40" VPOS="717" HPOS="1156"/>
						<String ID="string_67" HPOS="1196" VPOS="712" WIDTH="34" HEIGHT="48" WC="0.91" CONTENT="il"/><SP WIDTH="25" VPOS="712" HPOS="1230"/>
						<String ID="string_68" HPOS="1255" VPOS="713" WIDTH="60" HEIGHT="47" WC="0.91" CONTENT="eſt"/><SP WIDTH="25" VPOS="713" HPOS="1315"/>
						<String ID="string_69" HPOS="1340" VPOS="713" WIDTH="176" HEIGHT="50" WC="0.34" CONTENT="couchè"/><SP WIDTH="30" VPOS="713" HPOS="1516"/>
						<String ID="string_70" HPOS="1546" VPOS="716" WIDTH="113" HEIGHT="47" WC="0.91" CONTENT="dans"/><SP WIDTH="32" VPOS="716" HPOS="1659"/>
						<String ID="string_71" HPOS="1691" VPOS="717" WIDTH="44" HEIGHT="48" WC="0.73" CONTENT="le"/>
					</TextLine>
					<TextLine ID="line_10" HPOS="559" VPOS="778" WIDTH="1173" HEIGHT="66">
						<String ID="string_72" HPOS="559" VPOS="786" WIDTH="142" HEIGHT="49" WC="0.89" CONTENT="Liure"/><SP WIDTH="23" VPOS="786" HPOS="701"/>
						<String ID="string_73" HPOS="724" VPOS="783" WIDTH="57" HEIGHT="47" WC="0.89" CONTENT="de"/><SP WIDTH="22" VPOS="783" HPOS="781"/>
						<String ID="string_74" HPOS="803" VPOS="781" WIDTH="42" HEIGHT="47" WC="0.91" CONTENT="la"/><SP WIDTH="23" VPOS="781" HPOS="845"/>
						<String ID="string_75" HPOS="868" VPOS="778" WIDTH="211" HEIGHT="66" WC="0.0" CONTENT="Sagacité"/><SP WIDTH="19" VPOS="778" HPOS="1079"/>
						<String ID="string_76" HPOS="1098" VPOS="780" WIDTH="77" HEIGHT="48" WC="0.88" CONTENT="des"/><SP WIDTH="18" VPOS="780" HPOS="1175"/>
						<String ID="string_77" HPOS="1193" VPOS="781" WIDTH="240" HEIGHT="48" WC="0.91" CONTENT="Animaux"/><SP WIDTH="31" VPOS="781" HPOS="1433"/>
						<String ID="string_78" HPOS="1464" VPOS="799" WIDTH="58" HEIGHT="30" WC="0.92" CONTENT="en"/><SP WIDTH="25" VPOS="799" HPOS="1522"/>
						<String ID="string_79" HPOS="1547" VPOS="801" WIDTH="70" HEIGHT="28" WC="0.92" CONTENT="ces"/><SP WIDTH="25" VPOS="801" HPOS="1617"/>
						<String ID="string_80" HPOS="1642" VPOS="799" WIDTH="90" HEIGHT="32" WC="0.90" CONTENT="ter-"/>
					</TextLine>
					<TextLine ID="line_11" HPOS="559" VPOS="845" WIDTH="1174" HEIGHT="71">
						<String ID="string_81" HPOS="559" VPOS="868" WIDTH="122" HEIGHT="41" WC="0.84" CONTENT="mes;"/><SP WIDTH="18" VPOS="868" HPOS="681"/>
						<String ID="string_82" HPOS="699" VPOS="848" WIDTH="149" HEIGHT="66" WC="0.0" CONTENT="IIlya"/><SP WIDTH="12" VPOS="848" HPOS="848"/>
						<String ID="string_83" HPOS="860" VPOS="845" WIDTH="108" HEIGHT="52" WC="0.77" CONTENT="auſſi"/><SP WIDTH="13" VPOS="845" HPOS="968"/>
						<String ID="string_84" HPOS="981" VPOS="846" WIDTH="276" HEIGHT="51" WC="0.77" CONTENT="vndiſcours"/><SP WIDTH="13" VPOS="846" HPOS="1257"/>
						<String ID="string_85" HPOS="1270" VPOS="848" WIDTH="58" HEIGHT="49" WC="0.89" CONTENT="de"/><SP WIDTH="23" VPOS="848" HPOS="1328"/>
						<String ID="string_86" HPOS="1351" VPOS="853" WIDTH="191" HEIGHT="45" WC="0.88" CONTENT="Straton"/><SP WIDTH="12" VPOS="853" HPOS="1542"/>
						<String ID="string_87" HPOS="1554" VPOS="848" WIDTH="42" HEIGHT="48" WC="0.91" CONTENT="le"/><SP WIDTH="14" VPOS="848" HPOS="1596"/>
						<String ID="string_88" HPOS="1610" VPOS="851" WIDTH="123" HEIGHT="65" WC="0.68" CONTENT="Phy-"/>
					</TextLine>
					<TextLine ID="line_12" HPOS="554" VPOS="914" WIDTH="1179" HEIGHT="70">
						<String ID="string_89" HPOS="554" VPOS="916" WIDTH="183" HEIGHT="58" WC="0.90" CONTENT="ſicien,"/><SP WIDTH="31" VPOS="916" HPOS="737"/>
						<String ID="string_90" HPOS="768" VPOS="919" WIDTH="81" HEIGHT="65" WC="0.92" CONTENT="qui"/><SP WIDTH="23" VPOS="919" HPOS="849"/>
						<String ID="string_91" HPOS="872" VPOS="930" WIDTH="187" HEIGHT="33" WC="0.92" CONTENT="montre"/><SP WIDTH="28" VPOS="930" HPOS="1059"/>
						<String ID="string_92" HPOS="1087" VPOS="919" WIDTH="149" HEIGHT="63" WC="0.54" CONTENT="qu&#39;on"/><SP WIDTH="31" VPOS="919" HPOS="1236"/>
						<String ID="string_93" HPOS="1267" VPOS="935" WIDTH="59" HEIGHT="29" WC="0.90" CONTENT="ne"/><SP WIDTH="32" VPOS="935" HPOS="1326"/>
						<String ID="string_94" HPOS="1358" VPOS="914" WIDTH="202" HEIGHT="65" WC="0.53" CONTENT="ſcauroit"/><SP WIDTH="30" VPOS="914" HPOS="1560"/>
						<String ID="string_95" HPOS="1590" VPOS="914" WIDTH="143" HEIGHT="53" WC="0.89" CONTENT="ſentir"/>
					</TextLine>
					<TextLine ID="line_13" HPOS="556" VPOS="980" WIDTH="1173" HEIGHT="73">
						<String ID="string_96" HPOS="556" VPOS="996" WIDTH="65" HEIGHT="37" WC="0.92" CONTENT="en"/><SP WIDTH="28" VPOS="996" HPOS="621"/>
						<String ID="string_97" HPOS="649" VPOS="1001" WIDTH="179" HEIGHT="46" WC="0.73" CONTENT="aucune"/><SP WIDTH="30" VPOS="1001" HPOS="828"/>
						<String ID="string_98" HPOS="858" VPOS="980" WIDTH="146" HEIGHT="65" WC="0.84" CONTENT="facon"/><SP WIDTH="30" VPOS="980" HPOS="1004"/>
						<String ID="string_99" HPOS="1034" VPOS="980" WIDTH="104" HEIGHT="52" WC="0.65" CONTENT="ſans"/><SP WIDTH="28" VPOS="980" HPOS="1138"/>
						<String ID="string_100" HPOS="1166" VPOS="985" WIDTH="46" HEIGHT="48" WC="0.90" CONTENT="la"/><SP WIDTH="27" VPOS="985" HPOS="1212"/>
						<String ID="string_101" HPOS="1239" VPOS="982" WIDTH="166" HEIGHT="71" WC="0.17" CONTENT="penſée"/><SP WIDTH="25" VPOS="982" HPOS="1405"/>
						<String ID="string_102" HPOS="1430" VPOS="986" WIDTH="64" HEIGHT="48" WC="0.87" CONTENT="de"/><SP WIDTH="28" VPOS="986" HPOS="1494"/>
						<String ID="string_103" HPOS="1522" VPOS="984" WIDTH="207" HEIGHT="69" WC="0.23" CONTENT="lEſprit:"/>
					</TextLine>
					<TextLine ID="line_14" HPOS="562" VPOS="1049" WIDTH="1173" HEIGHT="71">
						<String ID="string_104" HPOS="562" VPOS="1057" WIDTH="94" HEIGHT="43" WC="0.92" CONTENT="Car"/><SP WIDTH="30" VPOS="1057" HPOS="656"/>
						<String ID="string_105" HPOS="686" VPOS="1053" WIDTH="33" HEIGHT="46" WC="0.92" CONTENT="il"/><SP WIDTH="32" VPOS="1053" HPOS="719"/>
						<String ID="string_106" HPOS="751" VPOS="1054" WIDTH="148" HEIGHT="45" WC="0.92" CONTENT="arriue"/><SP WIDTH="29" VPOS="1054" HPOS="899"/>
						<String ID="string_107" HPOS="928" VPOS="1049" WIDTH="198" HEIGHT="51" WC="0.91" CONTENT="ſouuent"/><SP WIDTH="34" VPOS="1049" HPOS="1126"/>
						<String ID="string_108" HPOS="1160" VPOS="1069" WIDTH="91" HEIGHT="50" WC="0.86" CONTENT="quc"/><SP WIDTH="40" VPOS="1069" HPOS="1251"/>
						<String ID="string_109" HPOS="1291" VPOS="1069" WIDTH="121" HEIGHT="31" WC="0.91" CONTENT="nous"/><SP WIDTH="38" VPOS="1069" HPOS="1412"/>
						<String ID="string_110" HPOS="1450" VPOS="1070" WIDTH="285" HEIGHT="50" WC="0.92" CONTENT="parcourons"/>
					</TextLine>
					<TextLine ID="line_15" HPOS="555" VPOS="1117" WIDTH="1180" HEIGHT="71">
						<String ID="string_111" HPOS="555" VPOS="1120" WIDTH="84" HEIGHT="49" WC="0.91" CONTENT="des"/><SP WIDTH="42" VPOS="1120" HPOS="639"/>
						<String ID="string_112" HPOS="681" VPOS="1137" WIDTH="119" HEIGHT="48" WC="0.56" CONTENT="yeux"/><SP WIDTH="37" VPOS="1137" HPOS="800"/>
						<String ID="string_113" HPOS="837" VPOS="1118" WIDTH="63" HEIGHT="48" WC="0.90" CONTENT="les"/><SP WIDTH="38" VPOS="1118" HPOS="900"/>
						<String ID="string_114" HPOS="938" VPOS="1118" WIDTH="133" HEIGHT="48" WC="0.83" CONTENT="letres"/><SP WIDTH="41" VPOS="1118" HPOS="1071"/>
						<String ID="string_115" HPOS="1112" VPOS="1119" WIDTH="140" HEIGHT="51" WC="0.43" CONTENT="dVnc"/><SP WIDTH="29" VPOS="1119" HPOS="1252"/>
						<String ID="string_116" HPOS="1281" VPOS="1117" WIDTH="231" HEIGHT="61" WC="0.54" CONTENT="ëcriture,"/><SP WIDTH="39" VPOS="1117" HPOS="1512"/>
						<String ID="string_117" HPOS="1551" VPOS="1129" WIDTH="48" HEIGHT="40" WC="0.90" CONTENT="&amp;"/><SP WIDTH="41" VPOS="1129" HPOS="1599"/>
						<String ID="string_118" HPOS="1640" VPOS="1139" WIDTH="95" HEIGHT="49" WC="0.76" CONTENT="que"/>
					</TextLine>
					<TextLine ID="line_16" HPOS="560" VPOS="1184" WIDTH="1172" HEIGHT="71">
						<String ID="string_119" HPOS="560" VPOS="1205" WIDTH="86" HEIGHT="31" WC="0.91" CONTENT="nos"/><SP WIDTH="22" VPOS="1205" HPOS="646"/>
						<String ID="string_120" HPOS="668" VPOS="1184" WIDTH="179" HEIGHT="51" WC="0.71" CONTENT="oreilles"/><SP WIDTH="21" VPOS="1184" HPOS="847"/>
						<String ID="string_121" HPOS="868" VPOS="1184" WIDTH="106" HEIGHT="52" WC="0.90" CONTENT="ſont"/><SP WIDTH="16" VPOS="1184" HPOS="974"/>
						<String ID="string_122" HPOS="990" VPOS="1184" WIDTH="174" HEIGHT="69" WC="0.0" CONTENT="frapces"/><SP WIDTH="23" VPOS="1184" HPOS="1164"/>
						<String ID="string_123" HPOS="1187" VPOS="1206" WIDTH="81" HEIGHT="49" WC="0.91" CONTENT="par"/><SP WIDTH="25" VPOS="1206" HPOS="1268"/>
						<String ID="string_124" HPOS="1293" VPOS="1188" WIDTH="42" HEIGHT="49" WC="0.91" CONTENT="le"/><SP WIDTH="31" VPOS="1188" HPOS="1335"/>
						<String ID="string_125" HPOS="1366" VPOS="1184" WIDTH="86" HEIGHT="52" WC="0.93" CONTENT="ſon"/><SP WIDTH="28" VPOS="1184" HPOS="1452"/>
						<String ID="string_126" HPOS="1480" VPOS="1188" WIDTH="77" HEIGHT="48" WC="0.92" CONTENT="des"/><SP WIDTH="34" VPOS="1188" HPOS="1557"/>
						<String ID="string_127" HPOS="1591" VPOS="1206" WIDTH="141" HEIGHT="49" WC="0.34" CONTENT="paro-"/>
					</TextLine>
					<TextLine ID="line_17" HPOS="558" VPOS="1254" WIDTH="1175" HEIGHT="67">
						<String ID="string_128" HPOS="558" VPOS="1255" WIDTH="100" HEIGHT="57" WC="0.92" CONTENT="les,"/><SP WIDTH="28" VPOS="1255" HPOS="658"/>
						<String ID="string_129" HPOS="686" VPOS="1254" WIDTH="102" HEIGHT="49" WC="0.91" CONTENT="ſans"/><SP WIDTH="21" VPOS="1254" HPOS="788"/>
						<String ID="string_130" HPOS="809" VPOS="1272" WIDTH="92" HEIGHT="49" WC="0.91" CONTENT="que"/><SP WIDTH="19" VPOS="1272" HPOS="901"/>
						<String ID="string_131" HPOS="920" VPOS="1273" WIDTH="117" HEIGHT="30" WC="0.92" CONTENT="nous"/><SP WIDTH="22" VPOS="1273" HPOS="1037"/>
						<String ID="string_132" HPOS="1059" VPOS="1255" WIDTH="62" HEIGHT="47" WC="0.53" CONTENT="les"/><SP WIDTH="22" VPOS="1255" HPOS="1121"/>
						<String ID="string_133" HPOS="1143" VPOS="1257" WIDTH="282" HEIGHT="46" WC="0.91" CONTENT="entendions"/><SP WIDTH="32" VPOS="1257" HPOS="1425"/>
						<String ID="string_134" HPOS="1457" VPOS="1273" WIDTH="63" HEIGHT="45" WC="0.89" CONTENT="ny"/><SP WIDTH="32" VPOS="1273" HPOS="1520"/>
						<String ID="string_135" HPOS="1552" VPOS="1273" WIDTH="181" HEIGHT="48" WC="0.89" CONTENT="aperce-"/>
					</TextLine>
					<TextLine ID="line_18" HPOS="554" VPOS="1319" WIDTH="1178" HEIGHT="71">
						<String ID="string_136" HPOS="554" VPOS="1327" WIDTH="165" HEIGHT="52" WC="0.92" CONTENT="uions,"/><SP WIDTH="23" VPOS="1327" HPOS="719"/>
						<String ID="string_137" HPOS="742" VPOS="1323" WIDTH="159" HEIGHT="65" WC="0.75" CONTENT="quãnd"/><SP WIDTH="22" VPOS="1323" HPOS="901"/>
						<String ID="string_138" HPOS="923" VPOS="1319" WIDTH="151" HEIGHT="51" WC="0.91" CONTENT="noſtre"/><SP WIDTH="20" VPOS="1319" HPOS="1074"/>
						<String ID="string_139" HPOS="1094" VPOS="1320" WIDTH="150" HEIGHT="68" WC="0.91" CONTENT="Eſprit"/><SP WIDTH="19" VPOS="1320" HPOS="1244"/>
						<String ID="string_140" HPOS="1263" VPOS="1321" WIDTH="60" HEIGHT="48" WC="0.89" CONTENT="eſt"/><SP WIDTH="22" VPOS="1321" HPOS="1323"/>
						<String ID="string_141" HPOS="1345" VPOS="1320" WIDTH="188" HEIGHT="69" WC="0.46" CONTENT="apliquè"/><SP WIDTH="19" VPOS="1320" HPOS="1533"/>
						<String ID="string_142" HPOS="1552" VPOS="1320" WIDTH="26" HEIGHT="50" WC="0.89" CONTENT="à"/><SP WIDTH="23" VPOS="1320" HPOS="1578"/>
						<String ID="string_143" HPOS="1601" VPOS="1324" WIDTH="131" HEIGHT="66" WC="0.89" CONTENT="quel-"/>
					</TextLine>
					<TextLine ID="line_19" HPOS="552" VPOS="1388" WIDTH="1176" HEIGHT="68">
						<String ID="string_144" HPOS="552" VPOS="1406" WIDTH="95" HEIGHT="50" WC="0.89" CONTENT="que"/><SP WIDTH="29" VPOS="1406" HPOS="647"/>
						<String ID="string_145" HPOS="676" VPOS="1405" WIDTH="129" HEIGHT="32" WC="0.43" CONTENT="autre"/><SP WIDTH="28" VPOS="1405" HPOS="805"/>
						<String ID="string_146" HPOS="833" VPOS="1388" WIDTH="169" HEIGHT="63" WC="0.90" CONTENT="objet,"/><SP WIDTH="34" VPOS="1388" HPOS="1002"/>
						<String ID="string_147" HPOS="1036" VPOS="1388" WIDTH="211" HEIGHT="48" WC="0.92" CONTENT="chacune"/><SP WIDTH="33" VPOS="1388" HPOS="1247"/>
						<String ID="string_148" HPOS="1280" VPOS="1388" WIDTH="257" HEIGHT="68" WC="0.89" CONTENT="deſquelles"/><SP WIDTH="31" VPOS="1388" HPOS="1537"/>
						<String ID="string_149" HPOS="1568" VPOS="1389" WIDTH="160" HEIGHT="50" WC="0.92" CONTENT="choſes"/>
					</TextLine>
					<TextLine ID="line_20" HPOS="532" VPOS="1456" WIDTH="1195" HEIGHT="67">
						<String ID="string_150" HPOS="532" VPOS="1460" WIDTH="299" HEIGHT="46" WC="0.75" CONTENT="Heanmoins"/><SP WIDTH="24" VPOS="1460" HPOS="831"/>
						<String ID="string_151" HPOS="855" VPOS="1458" WIDTH="175" HEIGHT="44" WC="0.92" CONTENT="reuient"/><SP WIDTH="33" VPOS="1458" HPOS="1030"/>
						<String ID="string_152" HPOS="1063" VPOS="1473" WIDTH="159" HEIGHT="49" WC="0.92" CONTENT="apres,"/><SP WIDTH="31" VPOS="1473" HPOS="1222"/>
						<String ID="string_153" HPOS="1253" VPOS="1466" WIDTH="45" HEIGHT="39" WC="0.91" CONTENT="&amp;"/><SP WIDTH="36" VPOS="1466" HPOS="1298"/>
						<String ID="string_154" HPOS="1334" VPOS="1456" WIDTH="44" HEIGHT="49" WC="0.87" CONTENT="ſe"/><SP WIDTH="31" VPOS="1456" HPOS="1378"/>
						<String ID="string_155" HPOS="1409" VPOS="1456" WIDTH="258" HEIGHT="67" WC="0.90" CONTENT="repreſente"/><SP WIDTH="31" VPOS="1456" HPOS="1667"/>
						<String ID="string_156" HPOS="1698" VPOS="1457" WIDTH="29" HEIGHT="48" WC="0.91" CONTENT="à"/>
					</TextLine>
					<TextLine ID="line_21" HPOS="551" VPOS="1520" WIDTH="1178" HEIGHT="71">
						<String ID="string_157" HPOS="551" VPOS="1522" WIDTH="156" HEIGHT="49" WC="0.92" CONTENT="noſtre"/><SP WIDTH="20" VPOS="1522" HPOS="707"/>
						<String ID="string_158" HPOS="727" VPOS="1521" WIDTH="190" HEIGHT="67" WC="0.70" CONTENT="penſce,"/><SP WIDTH="20" VPOS="1521" HPOS="917"/>
						<String ID="string_159" HPOS="937" VPOS="1520" WIDTH="102" HEIGHT="48" WC="0.53" CONTENT="ceſt"/><SP WIDTH="28" VPOS="1520" HPOS="1039"/>
						<String ID="string_160" HPOS="1067" VPOS="1522" WIDTH="249" HEIGHT="69" WC="0.77" CONTENT="pourquoy"/><SP WIDTH="31" VPOS="1522" HPOS="1316"/>
						<String ID="string_161" HPOS="1347" VPOS="1525" WIDTH="98" HEIGHT="46" WC="0.0" CONTENT="lon"/><SP WIDTH="28" VPOS="1525" HPOS="1445"/>
						<String ID="string_162" HPOS="1473" VPOS="1525" WIDTH="104" HEIGHT="52" WC="0.77" CONTENT="dit,"/><SP WIDTH="33" VPOS="1525" HPOS="1577"/>
						<String ID="string_163" HPOS="1610" VPOS="1524" WIDTH="119" HEIGHT="62" WC="0.49" CONTENT="Quil"/>
					</TextLine>
					<TextLine ID="line_22" HPOS="551" VPOS="1586" WIDTH="1174" HEIGHT="73">
						<String ID="string_164" HPOS="551" VPOS="1593" WIDTH="71" HEIGHT="62" WC="0.40" CONTENT="ny"/><SP WIDTH="28" VPOS="1593" HPOS="622"/>
						<String ID="string_165" HPOS="650" VPOS="1607" WIDTH="29" HEIGHT="30" WC="0.76" CONTENT="a"/><SP WIDTH="21" VPOS="1607" HPOS="679"/>
						<String ID="string_166" HPOS="700" VPOS="1608" WIDTH="77" HEIGHT="49" WC="0.78" CONTENT="que"/><SP WIDTH="21" VPOS="1608" HPOS="777"/>
						<String ID="string_167" HPOS="798" VPOS="1586" WIDTH="166" HEIGHT="67" WC="0.34" CONTENT="lEſprie"/><SP WIDTH="21" VPOS="1586" HPOS="964"/>
						<String ID="string_168" HPOS="985" VPOS="1593" WIDTH="69" HEIGHT="63" WC="0.84" CONTENT="qui"/><SP WIDTH="21" VPOS="1593" HPOS="1054"/>
						<String ID="string_169" HPOS="1075" VPOS="1603" WIDTH="129" HEIGHT="48" WC="0.19" CONTENT="vxye,"/><SP WIDTH="35" VPOS="1603" HPOS="1204"/>
						<String ID="string_170" HPOS="1239" VPOS="1603" WIDTH="62" HEIGHT="41" WC="0.16" CONTENT="&amp;"/><SP WIDTH="21" VPOS="1603" HPOS="1301"/>
						<String ID="string_171" HPOS="1322" VPOS="1590" WIDTH="201" HEIGHT="62" WC="0.86" CONTENT="entende,"/><SP WIDTH="28" VPOS="1590" HPOS="1523"/>
						<String ID="string_172" HPOS="1551" VPOS="1605" WIDTH="64" HEIGHT="41" WC="0.50" CONTENT="&amp;"/><SP WIDTH="31" VPOS="1605" HPOS="1615"/>
						<String ID="string_173" HPOS="1646" VPOS="1611" WIDTH="79" HEIGHT="48" WC="0.89" CONTENT="que"/>
					</TextLine>
					<TextLine ID="line_23" HPOS="546" VPOS="1654" WIDTH="1180" HEIGHT="71">
						<String ID="string_174" HPOS="546" VPOS="1661" WIDTH="60" HEIGHT="46" WC="0.91" CONTENT="les"/><SP WIDTH="19" VPOS="1661" HPOS="606"/>
						<String ID="string_175" HPOS="625" VPOS="1675" WIDTH="137" HEIGHT="31" WC="0.31" CONTENT="auties"/><SP WIDTH="23" VPOS="1675" HPOS="762"/>
						<String ID="string_176" HPOS="785" VPOS="1654" WIDTH="124" HEIGHT="68" WC="0.77" CONTENT="choſes"/><SP WIDTH="8" VPOS="1654" HPOS="909"/>
						<String ID="string_177" HPOS="917" VPOS="1654" WIDTH="96" HEIGHT="68" WC="0.92" CONTENT="ſont"/><SP WIDTH="9" VPOS="1654" HPOS="1013"/>
						<String ID="string_178" HPOS="1022" VPOS="1654" WIDTH="193" HEIGHT="68" WC="0.90" CONTENT="ſourdes,"/><SP WIDTH="32" VPOS="1654" HPOS="1215"/>
						<String ID="string_179" HPOS="1247" VPOS="1671" WIDTH="61" HEIGHT="42" WC="0.92" CONTENT="&amp;"/><SP WIDTH="26" VPOS="1671" HPOS="1308"/>
						<String ID="string_180" HPOS="1334" VPOS="1661" WIDTH="219" HEIGHT="64" WC="0.79" CONTENT="aueugles:"/><SP WIDTH="31" VPOS="1661" HPOS="1553"/>
						<String ID="string_181" HPOS="1584" VPOS="1664" WIDTH="142" HEIGHT="44" WC="0.71" CONTENT="Parce"/>
					</TextLine>
					<TextLine ID="line_24" HPOS="553" VPOS="1725" WIDTH="1171" HEIGHT="70">
						<String ID="string_182" HPOS="553" VPOS="1744" WIDTH="95" HEIGHT="51" WC="0.90" CONTENT="que"/><SP WIDTH="22" VPOS="1744" HPOS="648"/>
						<String ID="string_183" HPOS="670" VPOS="1727" WIDTH="45" HEIGHT="49" WC="0.92" CONTENT="la"/><SP WIDTH="25" VPOS="1727" HPOS="715"/>
						<String ID="string_184" HPOS="740" VPOS="1725" WIDTH="177" HEIGHT="69" WC="0.92" CONTENT="paſſion"/><SP WIDTH="22" VPOS="1725" HPOS="917"/>
						<String ID="string_185" HPOS="939" VPOS="1725" WIDTH="76" HEIGHT="49" WC="0.92" CONTENT="des"/><SP WIDTH="21" VPOS="1725" HPOS="1015"/>
						<String ID="string_186" HPOS="1036" VPOS="1742" WIDTH="120" HEIGHT="50" WC="0.91" CONTENT="yeux"/><SP WIDTH="20" VPOS="1742" HPOS="1156"/>
						<String ID="string_187" HPOS="1176" VPOS="1735" WIDTH="46" HEIGHT="40" WC="0.92" CONTENT="&amp;"/><SP WIDTH="15" VPOS="1735" HPOS="1222"/>
						<String ID="string_188" HPOS="1237" VPOS="1727" WIDTH="77" HEIGHT="47" WC="0.92" CONTENT="des"/><SP WIDTH="23" VPOS="1727" HPOS="1314"/>
						<String ID="string_189" HPOS="1337" VPOS="1725" WIDTH="207" HEIGHT="58" WC="0.88" CONTENT="oreilles,"/><SP WIDTH="16" VPOS="1725" HPOS="1544"/>
						<String ID="string_190" HPOS="1560" VPOS="1728" WIDTH="164" HEIGHT="65" WC="0.91" CONTENT="quand"/>
					</TextLine>
					<TextLine ID="line_25" HPOS="548" VPOS="1791" WIDTH="1177" HEIGHT="68">
						<String ID="string_191" HPOS="548" VPOS="1797" WIDTH="109" HEIGHT="47" WC="0.92" CONTENT="clles"/><SP WIDTH="42" VPOS="1797" HPOS="657"/>
						<String ID="string_192" HPOS="699" VPOS="1794" WIDTH="107" HEIGHT="50" WC="0.92" CONTENT="ſont"/><SP WIDTH="38" VPOS="1794" HPOS="806"/>
						<String ID="string_193" HPOS="844" VPOS="1792" WIDTH="174" HEIGHT="67" WC="0.79" CONTENT="frapées"/><SP WIDTH="32" VPOS="1792" HPOS="1018"/>
						<String ID="string_194" HPOS="1050" VPOS="1795" WIDTH="77" HEIGHT="44" WC="0.91" CONTENT="des"/><SP WIDTH="33" VPOS="1795" HPOS="1127"/>
						<String ID="string_195" HPOS="1160" VPOS="1792" WIDTH="149" HEIGHT="59" WC="0.90" CONTENT="objets"/><SP WIDTH="37" VPOS="1792" HPOS="1309"/>
						<String ID="string_196" HPOS="1346" VPOS="1791" WIDTH="197" HEIGHT="50" WC="0.80" CONTENT="mexcite"/><SP WIDTH="29" VPOS="1791" HPOS="1543"/>
						<String ID="string_197" HPOS="1572" VPOS="1812" WIDTH="153" HEIGHT="31" WC="0.82" CONTENT="àucun"/>
					</TextLine>
					<TextLine ID="line_26" HPOS="550" VPOS="1855" WIDTH="1176" HEIGHT="74">
						<String ID="string_198" HPOS="550" VPOS="1860" WIDTH="256" HEIGHT="56" WC="0.92" CONTENT="ſentiment,"/><SP WIDTH="58" VPOS="1860" HPOS="806"/>
						<String ID="string_199" HPOS="864" VPOS="1859" WIDTH="35" HEIGHT="46" WC="0.92" CONTENT="ſi"/><SP WIDTH="21" VPOS="1859" HPOS="899"/>
						<String ID="string_200" HPOS="920" VPOS="1860" WIDTH="44" HEIGHT="45" WC="0.91" CONTENT="la"/><SP WIDTH="18" VPOS="1860" HPOS="964"/>
						<String ID="string_201" HPOS="982" VPOS="1855" WIDTH="164" HEIGHT="69" WC="0.18" CONTENT="penſce"/><SP WIDTH="23" VPOS="1855" HPOS="1146"/>
						<String ID="string_202" HPOS="1169" VPOS="1856" WIDTH="58" HEIGHT="50" WC="0.84" CONTENT="de"/><SP WIDTH="23" VPOS="1856" HPOS="1227"/>
						<String ID="string_203" HPOS="1250" VPOS="1855" WIDTH="177" HEIGHT="74" WC="0.50" CONTENT="lEſprit"/><SP WIDTH="25" VPOS="1855" HPOS="1427"/>
						<String ID="string_204" HPOS="1452" VPOS="1878" WIDTH="59" HEIGHT="32" WC="0.87" CONTENT="en"/><SP WIDTH="24" VPOS="1878" HPOS="1511"/>
						<String ID="string_205" HPOS="1535" VPOS="1861" WIDTH="61" HEIGHT="48" WC="0.90" CONTENT="eſt"/><SP WIDTH="20" VPOS="1861" HPOS="1596"/>
						<String ID="string_206" HPOS="1616" VPOS="1861" WIDTH="110" HEIGHT="58" WC="0.79" CONTENT="cloi-"/>
					</TextLine>
					<TextLine ID="line_27" HPOS="552" VPOS="1927" WIDTH="160" HEIGHT="71">
						<String ID="string_207" HPOS="552" VPOS="1927" WIDTH="160" HEIGHT="71" WC="0.13" CONTENT="gnee.]"/>
					</TextLine>
					<TextLine ID="line_28" HPOS="648" VPOS="1993" WIDTH="1078" HEIGHT="69">
						<String ID="string_208" HPOS="648" VPOS="2004" WIDTH="305" HEIGHT="44" WC="0.88" CONTENT="Retournons"/><SP WIDTH="21" VPOS="2004" HPOS="953"/>
						<String ID="string_209" HPOS="974" VPOS="1993" WIDTH="26" HEIGHT="50" WC="0.92" CONTENT="à"/><SP WIDTH="21" VPOS="1993" HPOS="1000"/>
						<String ID="string_210" HPOS="1021" VPOS="1998" WIDTH="130" HEIGHT="48" WC="0.92" CONTENT="Saint"/><SP WIDTH="22" VPOS="1998" HPOS="1151"/>
						<String ID="string_211" HPOS="1173" VPOS="1993" WIDTH="257" HEIGHT="69" WC="0.92" CONTENT="Auguſtin,"/><SP WIDTH="25" VPOS="1993" HPOS="1430"/>
						<String ID="string_212" HPOS="1455" VPOS="2001" WIDTH="48" HEIGHT="41" WC="0.92" CONTENT="&amp;"/><SP WIDTH="25" VPOS="2001" HPOS="1503"/>
						<String ID="string_213" HPOS="1528" VPOS="1994" WIDTH="198" HEIGHT="53" WC="0.29" CONTENT="tàchons"/>
					</TextLine>
					<TextLine ID="line_29" HPOS="549" VPOS="2062" WIDTH="1176" HEIGHT="54">
						<String ID="string_214" HPOS="549" VPOS="2066" WIDTH="62" HEIGHT="49" WC="0.89" CONTENT="de"/><SP WIDTH="13" VPOS="2066" HPOS="611"/>
						<String ID="string_215" HPOS="624" VPOS="2066" WIDTH="240" HEIGHT="50" WC="0.34" CONTENT="decouurir"/><SP WIDTH="14" VPOS="2066" HPOS="864"/>
						<String ID="string_216" HPOS="878" VPOS="2065" WIDTH="66" HEIGHT="47" WC="0.49" CONTENT="Sil"/><SP WIDTH="12" VPOS="2065" HPOS="944"/>
						<String ID="string_217" HPOS="956" VPOS="2062" WIDTH="60" HEIGHT="49" WC="0.81" CONTENT="eſt"/><SP WIDTH="13" VPOS="2062" HPOS="1016"/>
						<String ID="string_218" HPOS="1029" VPOS="2081" WIDTH="164" HEIGHT="30" WC="0.89" CONTENT="encore"/><SP WIDTH="14" VPOS="2081" HPOS="1193"/>
						<String ID="string_219" HPOS="1207" VPOS="2064" WIDTH="31" HEIGHT="46" WC="0.0" CONTENT="d"/><SP WIDTH="5" VPOS="2064" HPOS="1238"/>
						<String ID="string_220" HPOS="1243" VPOS="2062" WIDTH="180" HEIGHT="48" WC="0.0" CONTENT="accord"/><SP WIDTH="19" VPOS="2062" HPOS="1423"/>
						<String ID="string_221" HPOS="1442" VPOS="2080" WIDTH="109" HEIGHT="33" WC="0.89" CONTENT="auec"/><SP WIDTH="24" VPOS="2080" HPOS="1551"/>
						<String ID="string_222" HPOS="1575" VPOS="2071" WIDTH="150" HEIGHT="44" WC="0.92" CONTENT="Mon-"/>
					</TextLine>
					<TextLine ID="line_30" HPOS="553" VPOS="2129" WIDTH="1174" HEIGHT="62">
						<String ID="string_223" HPOS="553" VPOS="2129" WIDTH="116" HEIGHT="57" WC="0.83" CONTENT="ſicur"/><SP WIDTH="32" VPOS="2129" HPOS="669"/>
						<String ID="string_224" HPOS="701" VPOS="2133" WIDTH="237" HEIGHT="58" WC="0.91" CONTENT="Deſcartes"/><SP WIDTH="37" VPOS="2133" HPOS="938"/>
						<String ID="string_225" HPOS="975" VPOS="2129" WIDTH="228" HEIGHT="52" WC="0.90" CONTENT="touchant"/><SP WIDTH="29" VPOS="2129" HPOS="1203"/>
						<String ID="string_226" HPOS="1232" VPOS="2130" WIDTH="203" HEIGHT="53" WC="0.75" CONTENT="lVnion"/><SP WIDTH="36" VPOS="2130" HPOS="1435"/>
						<String ID="string_227" HPOS="1471" VPOS="2133" WIDTH="59" HEIGHT="51" WC="0.89" CONTENT="de"/><SP WIDTH="43" VPOS="2133" HPOS="1530"/>
						<String ID="string_228" HPOS="1573" VPOS="2135" WIDTH="154" HEIGHT="50" WC="0.20" CONTENT="lAm-"/>
					</TextLine>
				</TextBlock>
			</PrintSpace>
		</Page>
	</Layout>
</alto>
