1776 2528
907 110 396 45 PRESfACE.

215 178 159 77 en
376 178 135 73 film
534 177 168 49 déhors
733 176 16 57 ,
788 191 189 31 comme
1019 174 77 47 s'il
1138 176 201 65 pouuoit
1383 172 111 49 eftre
1517 173 181 52 4blent

209 244 110 58 “ligars
332 258 46 27 Ja
392 257 109 28 videbir
534 245 57 47 de
604 244 93 64 luy,
713 261 60 30 ou
786 260 90 49 que
887 241 203 69 quelque
1101 240 141 54 chofe
1255 241 76 65 luy
1347 241 98 67 puft
1467 241 110 49 eftre
1596 243 100 66 plus

226 295 247 36 Ponamauoie
526 309 212 68 prefente
759 328 90 48 que
867 310 76 64 luy
969 307 188 55 mefme.
1189 310 125 63 Qu'il
1340 309 133 49 tâche
1493 310 126 49 donc
1638 312 59 47 de

225 334 221 32 nonamauerit,

223 380 146 28 nuñquaim
381 370 110 28 nefcie-
509 368 66 67 fe
594 374 209 75 regarder
825 396 178 32 comme
1021 372 219 75 prefent,
1275 385 45 41 &
1349 377 59 52 de
1416 371 66 68 fe
1516 372 178 76 feparer

223 411 51 28 rit,
287 409 48 28 fed
344 408 58 29 alià
412 408 97 28 fecum

221 440 149 83 grande
369 440 77 83 eum
445 448 53 65 ii
529 446 173 47 detout
715 465 47 28 ce
775 449 83 63 qui
875 446 147 63 neluy
1037 448 227 69 apartient
1280 462 91 48 pas.
1400 449 66 64 Et
1487 444 35 49 fi
1541 444 46 49 fa
1600 465 93 29 vo-

186 520 2 3 |
222 518 271 41 vtabesfinema-
514 511 421 68 Jontéemployela
955 510 174 55 mefme
1148 509 128 52 force
1296 512 120 50 dont
1436 512 84 48 elle
1539 511 46 53 fe
1604 511 91 53 fere

218 570 59 28 gno
285 561 98 29 labore
394 561 112 39 fepara-

217 601 94 27 iron
320 599 104 39 polie,
439 602 67 42 qui-
528 581 159 65 quand
710 581 84 52 elle
810 581 42 45 le
868 596 136 52 porte
1023 579 107 51 hors
1147 579 61 48 de
1230 578 112 65 Iuy.,
1358 596 131 48 pour
1508 580 187 51 arrefter

217 639 124 72 Le
354 648 137 27 mb
517 646 53 56 fa
584 646 398 66 penféechezluy,
1007 655 41 37 &
1066 663 123 48 pour
1209 663 58 30 ne
1292 635 154 85 penfer
1459 635 87 85 qu'à
1594 647 97 65 luy,

227 707 46 7 L
525 713 96 48 afin
646 710 170 69 qu'ilfe
839 711 238 51 connoifle
1100 749 13 20 ,
1138 720 54 38 &
1218 712 112 63 qu'il
1353 712 182 57 s'aime,
1559 713 138 49 ilre-

503 781 286 49 -connoiftra
801 780 113 67 qu'il
929 782 71 44 n’a
1013 782 159 56 jamais
1185 776 85 48 efté
1284 776 106 53 fans
1402 779 199 58 s'aimer,
1616 799 74 47 ny

508 847 112 56 fans
643 846 43 48 fe
699 846 285 57 connoiïftre,
1009 845 107 48 bien
1128 845 111 68 qu'il
1259 845 261 67 l'ignorait;
1549 850 141 50 Parce

519 906 252 79 qu'aymant
791 932 247 34 aufliauec
1060 912 78 66 foy
1167 913 60 47 les
1249 911 156 59 chofes
1427 916 260 65 Corporel-

504 982 99 55 les,
626 980 83 50 fon
730 999 163 29 amour
905 978 152 50 faifoit
1069 981 110 66 qu’il
1203 978 43 49 fe
1272 978 284 51 confondoit
1573 1001 110 31 auec

498 1047 121 50 elles
642 1068 11 32 ;
691 1050 208 45 d'autant
925 1048 114 64 qu'il
1059 1068 56 28 ne
1137 1052 201 63 pouuoit
1356 1046 172 67 feparer
1551 1050 56 46 de
1636 1049 45 50 fa

505 1114 168 67 penfée
687 1113 99 57 fans
800 1115 237 68 beaucoup
1048 1118 54 47 de
1113 1119 136 64 peine,
1257 1115 168 59 l'Idée
1437 1116 56 52 de
1506 1135 47 28 ce
1567 1117 115 67 qu'il

501 1199 175 39 aimoit.
984 1199 9 10 ‘

612 1254 122 51 Mais
755 1269 115 29 vous
894 1270 55 29 ne
978 1251 308 50 demanderez
1317 1249 99 48 fans
1453 1251 143 47 doute
1620 1251 57 48 le

497 1334 185 46 moyen
696 1314 557 69 defairecequediticyS.
1276 1317 255 65 Auguftin;
1556 1319 121 48 C’eft

501 1381 32 49 à
556 1384 94 46 dire
671 1380 636 67 derentrerenfoy-mefme,
1329 1401 119 49 pour
1468 1390 206 44 connoi-

497 1448 96 51 ftre
605 1448 229 67 quelle-eft
847 1450 40 47 la
900 1459 160 40 nature
1074 1447 154 51 defon
1238 1454 143 53 Ame,
1410 1460 44 39 &
1465 1454 96 45 s’en
1574 1450 103 51 for-

499 1534 108 31 mer
619 1534 90 36 vne
730 1514 103 55 Idée
847 1521 79 61 qui
941 1534 57 30 ne
1022 1522 262 42 conuienne
1307 1516 105 68 qu'à
1434 1517 85 47 elle
1539 1516 135 61 feule,

500 1593 55 49 &
583 1587 82 64 qui
692 1580 252 70 reprefente
971 1582 109 68 aufli
1116 1599 152 32 toutes
1299 1583 60 50 les
1390 1583 158 50 chofes
1584 1605 92 48 que

498 1669 126 30 nous
656 1649 197 64 fçauons
882 1654 82 65 qui
995 1650 464 70 luy.apartiennent
1422 1645 40 79 ?
1494 1656 48 43 Ie
1568 1655 104 46 dois

503 1736 116 32 vous
634 1718 253 67 l’aprendre
899 1718 99 50 fans
1011 1720 143 52 doute
1179 1720 90 50 fiie
1285 1719 141 50 defire
1439 1735 97 50 que
1558 1736 115 35 vous

499 1792 185 62 pteniez
708 1788 203 65 quelque
932 1785 149 66 plaifir
1104 1787 112 44 dans
1238 1800 70 30 cet
1332 1789 255 61 Ouurage,
1619 1797 49 39 &

499 1872 94 52 que
612 1870 184 33 vousen
809 1857 128 41 tiriez
959 1851 205 65 quelque
1181 1849 159 53 vtilité
1356 1874 10 27 :
1390 1857 123 45 Mais
1534 1870 135 33 outre

502 1940 94 48 que
616 1918 35 51 fi
674 1937 117 32 vous
809 1937 28 48 y
859 1937 165 50 prenez
1047 1917 109 50 bien
1178 1921 166 66 gatde,
1363 1924 47 43 ie
1429 1922 124 44 m'en
1578 1919 88 51 fuis

502 1990 193 64 desjaen
709 1985 367 69 partieacquité,
1102 2006 56 30 en
1172 1992 237 60 raportant
1431 1985 61 47 les
1515 1986 151 51 diuers

504 2055 326 68 témoignages
851 2057 57 46 de
932 2061 42 41 S.
1006 2055 253 64 Auguftin,
1282 2050 183 69 j'efpere
1492 2072 92 50 que
1620 2057 46 48 la

503 2120 170 52 lecture
683 2125 75 49 des
770 2126 217 66 premiers
1000 2120 241 67 Chapitres
1253 2120 218 55 acheuera
1483 2124 40 48 le
1533 2124 132 65 refte,
