1776 2528
289 129 80 47 De
415 119 304 54 L'EsPRIT
752 121 80 49 DE
872 121 331 52 L'HOMME:
1332 130 32 50 9

117 194 125 52 feure
271 196 59 47 de
356 193 249 50 Pexiftence
640 191 78 47 des
759 188 159 51 chofes
951 189 216 50 fenfibles
1197 229 14 21 ,
1245 197 121 62 puis-

118 261 338 71 qu'ilneferoit
480 280 78 49 pas
581 257 269 70 impoflible
872 260 116 68 qu'il
1012 260 92 48 euft
1130 275 152 33 routes
1303 261 64 49 les

117 330 196 50 mefmes
326 328 185 71 penfées
563 328 146 58 qu'ila,
734 337 45 39 &
804 345 93 50 que
918 329 62 47 les
1007 326 159 68 chofes
1195 329 78 65 Iuy
1293 349 81 48 pa-

117 400 172 49 ruffent
310 402 59 46 de
389 399 45 47 la
456 416 176 31 melme
651 394 147 65 façon
820 396 187 67 qu'elles
1038 393 135 61 font,
1205 398 166 65 quand

118 467 111 49 bien
250 465 178 52 mcfme
464 483 153 31 aucun
650 463 128 63 objet
809 469 222 43 exterieur
1059 483 59 29 ne
1150 461 223 70 fraperoit

117 535 67 48 fes
196 534 101 49 fens
312 558 9 26 :
336 539 115 44 mais
469 534 65 47 du
554 536 161 44 moins
736 532 125 47 direz
885 550 146 39 vous,
1053 532 102 48 l’on
1178 550 59 30 ne
1260 549 112 51 peut

118 622 80 48 pas
212 605 166 45 douter
390 601 78 46 des
479 603 173 45 veritez
670 598 427 68 Mathematiques,
1119 617 81 48 par
1221 609 154 39 exem-

117 670 78 67 ple
216 686 93 49 que
328 669 121 47 deux
474 675 45 39 &
544 669 113 43 trois
679 683 62 30 ne
761 662 153 53 foient
949 670 113 63 cinq
1087 702 14 22 ,
1138 674 46 39 &
1222 679 151 55 qu’vn

122 737 200 67 triangle
342 737 78 48 n'a
442 750 94 52 que
558 736 114 45 trois
696 733 177 55 coftez;
899 735 226 47 l'aduoüe
1140 750 93 49 que
1252 754 120 47 pen-

123 805 114 49 dant
250 821 92 50 que
359 801 193 65 j’arrefte
567 819 118 31 mon
708 799 138 70 efprit
868 800 71 51 fur
961 801 43 49 la
1026 800 348 52 confideration

124 872 58 47 de
200 872 292 68 quelqu'vne
515 870 57 48 de
593 888 70 28 ces
693 876 204 53 veritez,
925 875 41 43 ie
987 889 59 31 ne
1064 874 104 63 puis
1199 873 175 46 m'em-

126 938 261 67 pefcher
314 932 59 77 de
407 940 44 47 la
473 941 173 49 croire;
674 943 118 43 mais
812 938 36 49 f1
869 938 89 49 toft
979 955 89 49 que
1089 943 41 43 ie
1162 940 91 47 l'en
1288 936 88 50 dé<

127 1019 167 37 tourne
315 1024 103 32 tant
439 1006 90 49 foit
554 1022 115 49 peu,
706 1014 46 40 &
779 1024 93 51 que
896 1011 42 43 ie
963 1025 135 49 prens
1119 1007 142 66 garde
1285 1023 93 51 que

127 1074 214 65 plufieurs
366 1074 44 50 fe
430 1073 108 50 font
567 1089 216 52 trompez
810 1076 115 48 dans
949 1077 77 46 des
1049 1073 158 50 chofes
1239 1075 139 67 qu'ils

128 1158 59 30 he
208 1148 242 62 croyoient
474 1160 80 50 pas
578 1145 160 44 moins
769 1144 270 56 euidentes,
1074 1153 46 38 &
1153 1161 93 46 que
1285 1142 96 47 cela

129 1211 125 47 m'eft
271 1211 109 49 aufli
395 1206 301 72 quelquefois
710 1207 168 55 arriué;
893 1228 63 29 ou
971 1208 212 69 qu'enfin
1204 1208 44 48 la
1301 1226 78 32 pen-

129 1273 69 51 fée
209 1280 112 48 d’vn
337 1285 124 44 Dieu
473 1276 367 66 Tout-puiffant
854 1296 72 29 me
925 1269 146 80 vient
1096 1295 58 30 en
1177 1276 203 69 l'Efprit,

132 1350 81 59 qui
229 1365 115 49 pout
367 1346 87 50 fon
476 1341 152 72 plaifir
651 1363 65 29 ou
736 1363 118 49 pour
874 1346 194 50 d’autres
1089 1342 175 51 raifons
1288 1362 93 49 que

131 1414 41 44 ic
208 1432 58 29 ne
288 1412 104 67 fçay
419 1434 79 48 pas
521 1453 13 20 ,
559 1435 25 28 a
608 1418 64 66 pû
703 1432 78 29 me
814 1414 221 66 produire
1075 1413 59 49 de
1160 1413 107 48 telle
1295 1432 89 30 na-

131 1493 101 33 ture
261 1498 92 48 que
388 1486 43 43 ie
462 1483 210 49 m'abufe
695 1482 114 48 dans
832 1501 48 28 ce
910 1485 84 64 qui
1025 1500 78 29 me
1139 1481 170 67 paroift
1341 1480 41 48 le

132 1543 104 66 plus
250 1549 216 56 euident,
461 1539 53 74 il
527 1570 79 29 me
618 1549 179 51 femble
813 1567 92 56 que
928 1554 41 43 ie
990 1553 100 63 puis
1111 1550 167 51 douter
1303 1550 76 45 des

133 1615 173 45 veritez
321 1615 405 70 Mathematiques
740 1619 109 47 aufli
863 1617 111 48 bien
999 1634 92 49 que
1113 1618 77 47 des
1214 1632 164 47 autres.

108 1672 117 82 Que
224 1672 90 82 s’il
333 1676 222 52 fetrouue
577 1685 209 62 quelque
806 1685 300 45 malheureux
1130 1679 152 51 Athée
1301 1684 84 62 qui

136 1750 121 44 aime
269 1752 159 45 mieux
443 1748 166 49 douter
623 1750 111 48 d’vn
746 1752 123 44 Dieu
891 1747 36 46 f1
949 1747 201 65 puiffant
1175 1761 92 52 que
1287 1747 99 47 d'a-

137 1819 146 44 uoïüer
306 1834 92 50 que
418 1834 156 33 toutes
599 1814 160 53 chofes
781 1812 107 51 font
908 1816 303 57 incertaines,
1247 1814 138 67 quel-

139 1883 210 63 qu'autre
370 1884 129 51 caufe
523 1886 129 50 enfin
678 1884 113 70 qu'il
809 1884 195 69 apporte
1023 1883 58 49 de
1103 1901 120 30 mon
1258 1880 127 63 eitre,

141 1948 200 64 pluselle
367 1952 94 51 fera
492 1952 299 70 imparfaite,
818 1963 44 37 &
885 1953 102 65 plus
1013 1953 200 63 auray-ie
1234 1949 155 60 raifon

141 2014 60 47 de
213 2023 144 45 croire
377 2039 92 48 que
489 2028 42 44 ie
549 2024 43 48 le
612 2020 87 52 fuis
723 2018 115 51 affez
856 2036 122 48 pour
999 2036 78 29 me
1101 2034 208 51 tromper
1329 2039 57 31 en

140 2096 156 35 toutes
320 2087 173 54 chofes.
551 2097 125 46 Mais
700 2089 209 71 pendant
933 2104 91 51 que
1046 2091 41 44 ie
1108 2086 145 49 doute
1272 2089 115 49 ainfi

140 2148 179 52 detout
333 2162 44 41 &
392 2165 145 58 queie
550 2159 140 72 penfe
710 2159 117 69 qu’il
849 2170 78 54 n°y
950 2174 25 30 a
996 2159 99 48 rien
1118 2155 58 49 de
1196 2161 191 55 certain,
