<?xml version="1.0" encoding="UTF-8"?>
<alto xmlns="http://www.loc.gov/standards/alto/ns-v3#" xmlns:xlink="http://www.w3.org/1999/xlink" xmlns:xsi="http://www.w3.org/2001/XMLSchema-instance" xsi:schemaLocation="http://www.loc.gov/standards/alto/ns-v3# http://www.loc.gov/alto/v3/alto-3-0.xsd">
	<Description>
		<MeasurementUnit>pixel</MeasurementUnit>
		<sourceImageInformation>
			<fileName>			</fileName>
		</sourceImageInformation>
		<OCRProcessing ID="OCR_0">
			<ocrProcessingStep>
				<processingSoftware>
					<softwareName>tesseract v4.1.0-elag2019</softwareName>
				</processingSoftware>
			</ocrProcessingStep>
		</OCRProcessing>
	</Description>
	<Layout>
		<Page WIDTH="1776" HEIGHT="2528" PHYSICAL_IMG_NR="0" ID="page_0">
			<PrintSpace HPOS="0" VPOS="0" WIDTH="1776" HEIGHT="2528">
				<TextBlock ID="block_0" HPOS="131" VPOS="103" WIDTH="1369" HEIGHT="2149">
					<TextLine ID="line_0" HPOS="665" VPOS="103" WIDTH="387" HEIGHT="49">
						<String ID="string_0" HPOS="665" VPOS="103" WIDTH="387" HEIGHT="49" WC="0.15" CONTENT="PREFACE:"/>
					</TextLine>
					<TextLine ID="line_1" HPOS="170" VPOS="166" WIDTH="1330" HEIGHT="72">
						<String ID="string_1" HPOS="170" VPOS="166" WIDTH="36" HEIGHT="53" WC="0.90" CONTENT="à"/><SP WIDTH="15" VPOS="166" HPOS="206"/>
						<String ID="string_2" HPOS="221" VPOS="167" WIDTH="55" HEIGHT="53" WC="0.81" CONTENT="la"/><SP WIDTH="19" VPOS="167" HPOS="276"/>
						<String ID="string_3" HPOS="295" VPOS="170" WIDTH="171" HEIGHT="50" WC="0.90" CONTENT="noftre."/><SP WIDTH="13" VPOS="170" HPOS="466"/>
						<String ID="string_4" HPOS="479" VPOS="162" WIDTH="61" HEIGHT="80" WC="0.81" CONTENT="Il"/><SP WIDTH="6" VPOS="162" HPOS="540"/>
						<String ID="string_5" HPOS="546" VPOS="168" WIDTH="147" HEIGHT="51" WC="0.81" CONTENT="feroit"/><SP WIDTH="12" VPOS="168" HPOS="693"/>
						<String ID="string_6" HPOS="705" VPOS="187" WIDTH="226" HEIGHT="51" WC="0.93" CONTENT="pourtant"/><SP WIDTH="20" VPOS="187" HPOS="931"/>
						<String ID="string_7" HPOS="951" VPOS="168" WIDTH="89" HEIGHT="51" WC="0.91" CONTENT="aifé"/><SP WIDTH="20" VPOS="168" HPOS="1040"/>
						<String ID="string_8" HPOS="1060" VPOS="169" WIDTH="58" HEIGHT="49" WC="0.95" CONTENT="de"/><SP WIDTH="23" VPOS="169" HPOS="1118"/>
						<String ID="string_9" HPOS="1141" VPOS="169" WIDTH="62" HEIGHT="49" WC="0.83" CONTENT="les"/><SP WIDTH="20" VPOS="169" HPOS="1203"/>
						<String ID="string_10" HPOS="1223" VPOS="172" WIDTH="202" HEIGHT="58" WC="0.93" CONTENT="reduire,"/><SP WIDTH="26" VPOS="172" HPOS="1425"/>
						<String ID="string_11" HPOS="1451" VPOS="175" WIDTH="49" HEIGHT="47" WC="0.92" CONTENT="&amp;"/>
					</TextLine>
					<TextLine ID="line_2" HPOS="179" VPOS="236" WIDTH="1320" HEIGHT="60">
						<String ID="string_12" HPOS="179" VPOS="238" WIDTH="133" HEIGHT="49" WC="0.88" CONTENT="deles"/><SP WIDTH="15" VPOS="238" HPOS="312"/>
						<String ID="string_13" HPOS="327" VPOS="236" WIDTH="246" HEIGHT="51" WC="0.95" CONTENT="ramener"/><SP WIDTH="-43" VPOS="236" HPOS="573"/>
						<String ID="string_14" HPOS="530" VPOS="232" WIDTH="36" HEIGHT="70" WC="0.95" CONTENT="à"/><SP WIDTH="25" VPOS="232" HPOS="566"/>
						<String ID="string_15" HPOS="591" VPOS="238" WIDTH="43" HEIGHT="49" WC="0.89" CONTENT="la"/><SP WIDTH="23" VPOS="238" HPOS="634"/>
						<String ID="string_16" HPOS="657" VPOS="236" WIDTH="153" HEIGHT="51" WC="0.48" CONTENT="raifon"/><SP WIDTH="16" VPOS="236" HPOS="810"/>
						<String ID="string_17" HPOS="826" VPOS="275" WIDTH="15" HEIGHT="21" WC="0.61" CONTENT=","/><SP WIDTH="23" VPOS="275" HPOS="841"/>
						<String ID="string_18" HPOS="864" VPOS="239" WIDTH="88" HEIGHT="47" WC="0.85" CONTENT="s’ils"/><SP WIDTH="13" VPOS="239" HPOS="952"/>
						<String ID="string_19" HPOS="965" VPOS="237" WIDTH="255" HEIGHT="50" WC="0.92" CONTENT="vouloient"/><SP WIDTH="21" VPOS="237" HPOS="1220"/>
						<String ID="string_20" HPOS="1241" VPOS="245" WIDTH="258" HEIGHT="43" WC="0.90" CONTENT="reconnoi-"/>
					</TextLine>
					<TextLine ID="line_3" HPOS="167" VPOS="302" WIDTH="1330" HEIGHT="70">
						<String ID="string_21" HPOS="167" VPOS="305" WIDTH="98" HEIGHT="49" WC="0.90" CONTENT="ftre"/><SP WIDTH="21" VPOS="305" HPOS="265"/>
						<String ID="string_22" HPOS="286" VPOS="307" WIDTH="59" HEIGHT="47" WC="0.96" CONTENT="de"/><SP WIDTH="19" VPOS="307" HPOS="345"/>
						<String ID="string_23" HPOS="364" VPOS="305" WIDTH="162" HEIGHT="49" WC="0.93" CONTENT="bonne"/><SP WIDTH="24" VPOS="305" HPOS="526"/>
						<String ID="string_24" HPOS="550" VPOS="303" WIDTH="82" HEIGHT="69" WC="0.93" CONTENT="foy"/><SP WIDTH="23" VPOS="303" HPOS="632"/>
						<String ID="string_25" HPOS="655" VPOS="305" WIDTH="232" HEIGHT="49" WC="0.46" CONTENT="l&#39;inutilité"/><SP WIDTH="31" VPOS="305" HPOS="887"/>
						<String ID="string_26" HPOS="918" VPOS="314" WIDTH="45" HEIGHT="40" WC="0.93" CONTENT="&amp;"/><SP WIDTH="31" VPOS="314" HPOS="963"/>
						<String ID="string_27" HPOS="994" VPOS="303" WIDTH="265" HEIGHT="51" WC="0.63" CONTENT="l’obfcurité"/><SP WIDTH="31" VPOS="303" HPOS="1259"/>
						<String ID="string_28" HPOS="1290" VPOS="302" WIDTH="58" HEIGHT="52" WC="0.96" CONTENT="de"/><SP WIDTH="32" VPOS="302" HPOS="1348"/>
						<String ID="string_29" HPOS="1380" VPOS="306" WIDTH="117" HEIGHT="49" WC="0.93" CONTENT="leurs"/>
					</TextLine>
					<TextLine ID="line_4" HPOS="177" VPOS="371" WIDTH="1317" HEIGHT="70">
						<String ID="string_30" HPOS="177" VPOS="376" WIDTH="234" HEIGHT="65" WC="0.89" CONTENT="Principes"/><SP WIDTH="16" VPOS="376" HPOS="411"/>
						<String ID="string_31" HPOS="427" VPOS="393" WIDTH="12" HEIGHT="34" WC="0.89" CONTENT=";"/><SP WIDTH="17" VPOS="393" HPOS="439"/>
						<String ID="string_32" HPOS="456" VPOS="372" WIDTH="273" HEIGHT="60" WC="0.63" CONTENT="L&#39;inutilité,"/><SP WIDTH="14" VPOS="372" HPOS="729"/>
						<String ID="string_33" HPOS="743" VPOS="392" WIDTH="59" HEIGHT="29" WC="0.94" CONTENT="en"/><SP WIDTH="13" VPOS="392" HPOS="802"/>
						<String ID="string_34" HPOS="815" VPOS="392" WIDTH="50" HEIGHT="29" WC="0.91" CONTENT="ce"/><SP WIDTH="10" VPOS="392" HPOS="865"/>
						<String ID="string_35" HPOS="875" VPOS="372" WIDTH="114" HEIGHT="67" WC="0.87" CONTENT="qu&#39;il"/><SP WIDTH="13" VPOS="372" HPOS="989"/>
						<String ID="string_36" HPOS="1002" VPOS="372" WIDTH="60" HEIGHT="48" WC="0.56" CONTENT="eft"/><SP WIDTH="12" VPOS="372" HPOS="1062"/>
						<String ID="string_37" HPOS="1074" VPOS="371" WIDTH="265" HEIGHT="68" WC="0.55" CONTENT="impofkble"/><SP WIDTH="11" VPOS="371" HPOS="1339"/>
						<String ID="string_38" HPOS="1350" VPOS="374" WIDTH="144" HEIGHT="48" WC="0.83" CONTENT="dere-"/>
					</TextLine>
					<TextLine ID="line_5" HPOS="175" VPOS="438" WIDTH="1318" HEIGHT="70">
						<String ID="string_39" HPOS="175" VPOS="438" WIDTH="168" HEIGHT="52" WC="0.88" CONTENT="foudre"/><SP WIDTH="8" VPOS="438" HPOS="343"/>
						<String ID="string_40" HPOS="351" VPOS="460" WIDTH="81" HEIGHT="48" WC="0.88" CONTENT="par"/><SP WIDTH="17" VPOS="460" HPOS="432"/>
						<String ID="string_41" HPOS="449" VPOS="441" WIDTH="95" HEIGHT="48" WC="0.90" CONTENT="leur"/><SP WIDTH="19" VPOS="441" HPOS="544"/>
						<String ID="string_42" HPOS="563" VPOS="458" WIDTH="175" HEIGHT="47" WC="0.96" CONTENT="moyen"/><SP WIDTH="21" VPOS="458" HPOS="738"/>
						<String ID="string_43" HPOS="759" VPOS="440" WIDTH="44" HEIGHT="49" WC="0.94" CONTENT="la"/><SP WIDTH="20" VPOS="440" HPOS="803"/>
						<String ID="string_44" HPOS="823" VPOS="440" WIDTH="219" HEIGHT="49" WC="0.93" CONTENT="moindre"/><SP WIDTH="19" VPOS="440" HPOS="1042"/>
						<String ID="string_45" HPOS="1061" VPOS="438" WIDTH="280" HEIGHT="51" WC="0.31" CONTENT="diffcultéde"/><SP WIDTH="21" VPOS="438" HPOS="1341"/>
						<String ID="string_46" HPOS="1362" VPOS="440" WIDTH="131" HEIGHT="67" WC="0.86" CONTENT="Phy-"/>
					</TextLine>
					<TextLine ID="line_6" HPOS="169" VPOS="505" WIDTH="1323" HEIGHT="71">
						<String ID="string_47" HPOS="169" VPOS="505" WIDTH="169" HEIGHT="71" WC="0.85" CONTENT="fique"/><SP WIDTH="-33" VPOS="505" HPOS="338"/>
						<String ID="string_48" HPOS="305" VPOS="500" WIDTH="41" HEIGHT="80" WC="0.85" CONTENT=";"/><SP WIDTH="26" VPOS="500" HPOS="346"/>
						<String ID="string_49" HPOS="372" VPOS="513" WIDTH="61" HEIGHT="44" WC="0.93" CONTENT="Et"/><SP WIDTH="31" VPOS="513" HPOS="433"/>
						<String ID="string_50" HPOS="464" VPOS="506" WIDTH="292" HEIGHT="59" WC="0.54" CONTENT="l’obfcurité,"/><SP WIDTH="31" VPOS="506" HPOS="756"/>
						<String ID="string_51" HPOS="787" VPOS="506" WIDTH="190" HEIGHT="68" WC="0.92" CONTENT="puifque"/><SP WIDTH="20" VPOS="506" HPOS="977"/>
						<String ID="string_52" HPOS="997" VPOS="505" WIDTH="98" HEIGHT="50" WC="0.95" CONTENT="fans"/><SP WIDTH="24" VPOS="505" HPOS="1095"/>
						<String ID="string_53" HPOS="1119" VPOS="508" WIDTH="140" HEIGHT="47" WC="0.96" CONTENT="doute"/><SP WIDTH="27" VPOS="508" HPOS="1259"/>
						<String ID="string_54" HPOS="1286" VPOS="508" WIDTH="76" HEIGHT="48" WC="0.93" CONTENT="des"/><SP WIDTH="36" VPOS="508" HPOS="1362"/>
						<String ID="string_55" HPOS="1398" VPOS="525" WIDTH="94" HEIGHT="32" WC="0.89" CONTENT="ter-"/>
					</TextLine>
					<TextLine ID="line_7" HPOS="176" VPOS="572" WIDTH="1313" HEIGHT="68">
						<String ID="string_56" HPOS="176" VPOS="592" WIDTH="101" HEIGHT="31" WC="0.93" CONTENT="mes"/><SP WIDTH="33" VPOS="592" HPOS="277"/>
						<String ID="string_57" HPOS="310" VPOS="577" WIDTH="196" HEIGHT="48" WC="0.91" CONTENT="doiuent"/><SP WIDTH="32" VPOS="577" HPOS="506"/>
						<String ID="string_58" HPOS="538" VPOS="573" WIDTH="140" HEIGHT="67" WC="0.66" CONTENT="pañler"/><SP WIDTH="32" VPOS="573" HPOS="678"/>
						<String ID="string_59" HPOS="710" VPOS="591" WIDTH="119" HEIGHT="48" WC="0.93" CONTENT="pour"/><SP WIDTH="30" VPOS="591" HPOS="829"/>
						<String ID="string_60" HPOS="859" VPOS="572" WIDTH="183" HEIGHT="49" WC="0.91" CONTENT="obfcurs"/><SP WIDTH="22" VPOS="572" HPOS="1042"/>
						<String ID="string_61" HPOS="1064" VPOS="609" WIDTH="15" HEIGHT="22" WC="0.67" CONTENT=","/><SP WIDTH="25" VPOS="609" HPOS="1079"/>
						<String ID="string_62" HPOS="1104" VPOS="574" WIDTH="99" HEIGHT="47" WC="0.96" CONTENT="lors"/><SP WIDTH="28" VPOS="574" HPOS="1203"/>
						<String ID="string_63" HPOS="1231" VPOS="575" WIDTH="258" HEIGHT="65" WC="0.95" CONTENT="qu&#39;aucune"/>
					</TextLine>
					<TextLine ID="line_8" HPOS="175" VPOS="636" WIDTH="1313" HEIGHT="73">
						<String ID="string_64" HPOS="175" VPOS="643" WIDTH="111" HEIGHT="47" WC="0.93" CONTENT="Idée"/><SP WIDTH="21" VPOS="643" HPOS="286"/>
						<String ID="string_65" HPOS="307" VPOS="640" WIDTH="251" HEIGHT="68" WC="0.91" CONTENT="nerépond"/><SP WIDTH="12" VPOS="640" HPOS="558"/>
						<String ID="string_66" HPOS="570" VPOS="632" WIDTH="108" HEIGHT="81" WC="0.86" CONTENT="dans"/><SP WIDTH="12" VPOS="632" HPOS="678"/>
						<String ID="string_67" HPOS="690" VPOS="632" WIDTH="217" HEIGHT="81" WC="0.47" CONTENT="l&#39;Efprità"/><SP WIDTH="29" VPOS="632" HPOS="907"/>
						<String ID="string_68" HPOS="936" VPOS="639" WIDTH="43" HEIGHT="48" WC="0.93" CONTENT="la"/><SP WIDTH="18" VPOS="639" HPOS="979"/>
						<String ID="string_69" HPOS="997" VPOS="636" WIDTH="318" HEIGHT="69" WC="0.69" CONTENT="fignification"/><SP WIDTH="25" VPOS="636" HPOS="1315"/>
						<String ID="string_70" HPOS="1340" VPOS="645" WIDTH="148" HEIGHT="64" WC="0.75" CONTENT="qu’on"/>
					</TextLine>
					<TextLine ID="line_9" HPOS="177" VPOS="704" WIDTH="1308" HEIGHT="54">
						<String ID="string_71" HPOS="177" VPOS="708" WIDTH="97" HEIGHT="49" WC="0.95" CONTENT="leur"/><SP WIDTH="11" VPOS="708" HPOS="274"/>
						<String ID="string_72" HPOS="285" VPOS="704" WIDTH="173" HEIGHT="54" WC="0.96" CONTENT="donne."/><SP WIDTH="20" VPOS="704" HPOS="458"/>
						<String ID="string_73" HPOS="478" VPOS="714" WIDTH="74" HEIGHT="43" WC="0.95" CONTENT="Or"/><SP WIDTH="13" VPOS="714" HPOS="552"/>
						<String ID="string_74" HPOS="565" VPOS="725" WIDTH="119" HEIGHT="31" WC="0.89" CONTENT="nous"/><SP WIDTH="14" VPOS="725" HPOS="684"/>
						<String ID="string_75" HPOS="698" VPOS="710" WIDTH="191" HEIGHT="46" WC="0.72" CONTENT="n’auons"/><SP WIDTH="17" VPOS="710" HPOS="889"/>
						<String ID="string_76" HPOS="906" VPOS="706" WIDTH="140" HEIGHT="49" WC="0.48" CONTENT="l’Idée"/><SP WIDTH="46" VPOS="706" HPOS="1046"/>
						<String ID="string_77" HPOS="1092" VPOS="725" WIDTH="56" HEIGHT="30" WC="0.96" CONTENT="que"/><SP WIDTH="20" VPOS="725" HPOS="1148"/>
						<String ID="string_78" HPOS="1168" VPOS="708" WIDTH="56" HEIGHT="47" WC="0.96" CONTENT="de"/><SP WIDTH="19" VPOS="708" HPOS="1224"/>
						<String ID="string_79" HPOS="1243" VPOS="708" WIDTH="119" HEIGHT="48" WC="0.92" CONTENT="deux"/><SP WIDTH="22" VPOS="708" HPOS="1362"/>
						<String ID="string_80" HPOS="1384" VPOS="707" WIDTH="101" HEIGHT="50" WC="0.91" CONTENT="for-"/>
					</TextLine>
					<TextLine ID="line_10" HPOS="176" VPOS="724" WIDTH="1308" HEIGHT="119">
						<String ID="string_81" HPOS="176" VPOS="791" WIDTH="65" HEIGHT="33" WC="0.80" CONTENT="tes"/><SP WIDTH="25" VPOS="791" HPOS="241"/>
						<String ID="string_82" HPOS="266" VPOS="776" WIDTH="193" HEIGHT="48" WC="0.21" CONTENT="d&#39;Eftres"/><SP WIDTH="24" VPOS="776" HPOS="459"/>
						<String ID="string_83" HPOS="483" VPOS="813" WIDTH="13" HEIGHT="20" WC="0.81" CONTENT=","/><SP WIDTH="32" VPOS="813" HPOS="496"/>
						<String ID="string_84" HPOS="528" VPOS="775" WIDTH="181" HEIGHT="68" WC="0.96" CONTENT="parlant"/><SP WIDTH="16" VPOS="775" HPOS="709"/>
						<String ID="string_85" HPOS="725" VPOS="792" WIDTH="70" HEIGHT="38" WC="0.93" CONTENT="en"/><SP WIDTH="12" VPOS="792" HPOS="795"/>
						<String ID="string_86" HPOS="807" VPOS="774" WIDTH="188" HEIGHT="67" WC="0.80" CONTENT="gencral"/><SP WIDTH="22" VPOS="774" HPOS="995"/>
						<String ID="string_87" HPOS="1017" VPOS="811" WIDTH="14" HEIGHT="22" WC="0.80" CONTENT=","/><SP WIDTH="26" VPOS="811" HPOS="1031"/>
						<String ID="string_88" HPOS="1057" VPOS="724" WIDTH="178" HEIGHT="113" WC="0.0" CONTENT="Lauoir"/><SP WIDTH="33" VPOS="724" HPOS="1235"/>
						<String ID="string_89" HPOS="1268" VPOS="776" WIDTH="57" HEIGHT="47" WC="0.93" CONTENT="de"/><SP WIDTH="29" VPOS="776" HPOS="1325"/>
						<String ID="string_90" HPOS="1354" VPOS="777" WIDTH="130" HEIGHT="66" WC="0.91" CONTENT="celuy"/>
					</TextLine>
					<TextLine ID="line_11" HPOS="176" VPOS="841" WIDTH="1306" HEIGHT="70">
						<String ID="string_91" HPOS="176" VPOS="848" WIDTH="80" HEIGHT="61" WC="0.73" CONTENT="qui"/><SP WIDTH="14" VPOS="848" HPOS="256"/>
						<String ID="string_92" HPOS="270" VPOS="843" WIDTH="59" HEIGHT="48" WC="0.73" CONTENT="eft"/><SP WIDTH="13" VPOS="843" HPOS="329"/>
						<String ID="string_93" HPOS="342" VPOS="844" WIDTH="187" HEIGHT="48" WC="0.76" CONTENT="eftendu"/><SP WIDTH="16" VPOS="844" HPOS="529"/>
						<String ID="string_94" HPOS="545" VPOS="876" WIDTH="11" HEIGHT="20" WC="0.76" CONTENT=","/><SP WIDTH="25" VPOS="876" HPOS="556"/>
						<String ID="string_95" HPOS="581" VPOS="845" WIDTH="333" HEIGHT="64" WC="0.79" CONTENT="qu&#39;onappelle"/><SP WIDTH="5" VPOS="845" HPOS="914"/>
						<String ID="string_96" HPOS="919" VPOS="837" WIDTH="163" HEIGHT="78" WC="0.79" CONTENT="Corps,"/><SP WIDTH="30" VPOS="837" HPOS="1082"/>
						<String ID="string_97" HPOS="1112" VPOS="851" WIDTH="45" HEIGHT="40" WC="0.93" CONTENT="&amp;"/><SP WIDTH="16" VPOS="851" HPOS="1157"/>
						<String ID="string_98" HPOS="1173" VPOS="844" WIDTH="56" HEIGHT="46" WC="0.93" CONTENT="de"/><SP WIDTH="22" VPOS="844" HPOS="1229"/>
						<String ID="string_99" HPOS="1251" VPOS="842" WIDTH="128" HEIGHT="67" WC="0.93" CONTENT="celuy"/><SP WIDTH="22" VPOS="842" HPOS="1379"/>
						<String ID="string_100" HPOS="1401" VPOS="848" WIDTH="81" HEIGHT="63" WC="0.96" CONTENT="qui"/>
					</TextLine>
					<TextLine ID="line_12" HPOS="174" VPOS="906" WIDTH="1307" HEIGHT="71">
						<String ID="string_101" HPOS="174" VPOS="909" WIDTH="167" HEIGHT="66" WC="0.63" CONTENT="penfe,"/><SP WIDTH="35" VPOS="909" HPOS="341"/>
						<String ID="string_102" HPOS="376" VPOS="928" WIDTH="91" HEIGHT="49" WC="0.96" CONTENT="que"/><SP WIDTH="22" VPOS="928" HPOS="467"/>
						<String ID="string_103" HPOS="489" VPOS="911" WIDTH="96" HEIGHT="47" WC="0.74" CONTENT="l&#39;on"/><SP WIDTH="22" VPOS="911" HPOS="585"/>
						<String ID="string_104" HPOS="607" VPOS="929" WIDTH="197" HEIGHT="30" WC="0.93" CONTENT="nomme"/><SP WIDTH="32" VPOS="929" HPOS="804"/>
						<String ID="string_105" HPOS="836" VPOS="906" WIDTH="134" HEIGHT="69" WC="0.55" CONTENT="Efprit"/><SP WIDTH="19" VPOS="906" HPOS="970"/>
						<String ID="string_106" HPOS="989" VPOS="928" WIDTH="12" HEIGHT="34" WC="0.74" CONTENT=";"/><SP WIDTH="34" VPOS="928" HPOS="1001"/>
						<String ID="string_107" HPOS="1035" VPOS="913" WIDTH="59" HEIGHT="44" WC="0.71" CONTENT="Et"/><SP WIDTH="17" VPOS="913" HPOS="1094"/>
						<String ID="string_108" HPOS="1111" VPOS="926" WIDTH="185" HEIGHT="50" WC="0.96" CONTENT="partant"/><SP WIDTH="19" VPOS="926" HPOS="1296"/>
						<String ID="string_109" HPOS="1315" VPOS="912" WIDTH="166" HEIGHT="65" WC="0.96" CONTENT="quand"/>
					</TextLine>
					<TextLine ID="line_13" HPOS="165" VPOS="975" WIDTH="1314" HEIGHT="71">
						<String ID="string_110" HPOS="165" VPOS="995" WIDTH="74" HEIGHT="30" WC="0.0" CONTENT="on"/><SP WIDTH="11" VPOS="995" HPOS="239"/>
						<String ID="string_111" HPOS="250" VPOS="978" WIDTH="123" HEIGHT="68" WC="0.0" CONTENT="parle"/><SP WIDTH="10" VPOS="978" HPOS="373"/>
						<String ID="string_112" HPOS="383" VPOS="978" WIDTH="455" HEIGHT="67" WC="0.68" CONTENT="dequelquesautres"/><SP WIDTH="22" VPOS="978" HPOS="838"/>
						<String ID="string_113" HPOS="860" VPOS="975" WIDTH="171" HEIGHT="60" WC="0.72" CONTENT="Eftres,"/><SP WIDTH="22" VPOS="975" HPOS="1031"/>
						<String ID="string_114" HPOS="1053" VPOS="975" WIDTH="203" HEIGHT="69" WC="0.84" CONTENT="quinefe"/><SP WIDTH="22" VPOS="975" HPOS="1256"/>
						<String ID="string_115" HPOS="1278" VPOS="996" WIDTH="201" HEIGHT="48" WC="0.72" CONTENT="peuuent"/>
					</TextLine>
					<TextLine ID="line_14" HPOS="173" VPOS="1042" WIDTH="1306" HEIGHT="72">
						<String ID="string_116" HPOS="173" VPOS="1045" WIDTH="420" HEIGHT="67" WC="0.6" CONTENT="raporternyàl&#39;vn"/><SP WIDTH="20" VPOS="1045" HPOS="593"/>
						<String ID="string_117" HPOS="613" VPOS="1063" WIDTH="62" HEIGHT="47" WC="0.96" CONTENT="ny"/><SP WIDTH="23" VPOS="1063" HPOS="675"/>
						<String ID="string_118" HPOS="698" VPOS="1043" WIDTH="26" HEIGHT="49" WC="0.95" CONTENT="à"/><SP WIDTH="21" VPOS="1043" HPOS="724"/>
						<String ID="string_119" HPOS="745" VPOS="1044" WIDTH="159" HEIGHT="49" WC="0.85" CONTENT="l&#39;autre"/><SP WIDTH="22" VPOS="1044" HPOS="904"/>
						<String ID="string_120" HPOS="926" VPOS="1080" WIDTH="14" HEIGHT="22" WC="0.85" CONTENT=","/><SP WIDTH="24" VPOS="1080" HPOS="940"/>
						<String ID="string_121" HPOS="964" VPOS="1063" WIDTH="63" HEIGHT="47" WC="0.96" CONTENT="ny"/><SP WIDTH="22" VPOS="1063" HPOS="1027"/>
						<String ID="string_122" HPOS="1049" VPOS="1042" WIDTH="26" HEIGHT="50" WC="0.96" CONTENT="à"/><SP WIDTH="20" VPOS="1042" HPOS="1075"/>
						<String ID="string_123" HPOS="1095" VPOS="1044" WIDTH="174" HEIGHT="70" WC="0.43" CONTENT="quelqu"/><SP WIDTH="6" VPOS="1044" HPOS="1269"/>
						<String ID="string_124" HPOS="1275" VPOS="1038" WIDTH="101" HEIGHT="80" WC="0.43" CONTENT="vne"/><SP WIDTH="23" VPOS="1038" HPOS="1376"/>
						<String ID="string_125" HPOS="1399" VPOS="1047" WIDTH="80" HEIGHT="49" WC="0.96" CONTENT="des"/>
					</TextLine>
					<TextLine ID="line_15" HPOS="174" VPOS="1109" WIDTH="1304" HEIGHT="70">
						<String ID="string_126" HPOS="174" VPOS="1117" WIDTH="256" HEIGHT="62" WC="0.92" CONTENT="proprietez"/><SP WIDTH="16" VPOS="1117" HPOS="430"/>
						<String ID="string_127" HPOS="446" VPOS="1114" WIDTH="281" HEIGHT="48" WC="0.79" CONTENT="ouaccidens"/><SP WIDTH="13" VPOS="1114" HPOS="727"/>
						<String ID="string_128" HPOS="740" VPOS="1109" WIDTH="353" HEIGHT="69" WC="0.90" CONTENT="quienferment"/><SP WIDTH="18" VPOS="1109" HPOS="1093"/>
						<String ID="string_129" HPOS="1111" VPOS="1112" WIDTH="113" HEIGHT="48" WC="0.95" CONTENT="dans"/><SP WIDTH="19" VPOS="1112" HPOS="1224"/>
						<String ID="string_130" HPOS="1243" VPOS="1112" WIDTH="94" HEIGHT="47" WC="0.93" CONTENT="leur"/><SP WIDTH="22" VPOS="1112" HPOS="1337"/>
						<String ID="string_131" HPOS="1359" VPOS="1131" WIDTH="119" HEIGHT="29" WC="0.93" CONTENT="con-"/>
					</TextLine>
					<TextLine ID="line_16" HPOS="174" VPOS="1178" WIDTH="1304" HEIGHT="68">
						<String ID="string_132" HPOS="174" VPOS="1196" WIDTH="100" HEIGHT="50" WC="0.92" CONTENT="cept"/><SP WIDTH="16" VPOS="1196" HPOS="274"/>
						<String ID="string_133" HPOS="290" VPOS="1180" WIDTH="146" HEIGHT="50" WC="0.42" CONTENT="l&#39;Idée"/><SP WIDTH="18" VPOS="1180" HPOS="436"/>
						<String ID="string_134" HPOS="454" VPOS="1182" WIDTH="56" HEIGHT="47" WC="0.92" CONTENT="de"/><SP WIDTH="18" VPOS="1182" HPOS="510"/>
						<String ID="string_135" HPOS="528" VPOS="1180" WIDTH="97" HEIGHT="50" WC="0.67" CONTENT="l&#39;vn"/><SP WIDTH="26" VPOS="1180" HPOS="625"/>
						<String ID="string_136" HPOS="651" VPOS="1197" WIDTH="64" HEIGHT="30" WC="0.96" CONTENT="ou"/><SP WIDTH="22" VPOS="1197" HPOS="715"/>
						<String ID="string_137" HPOS="737" VPOS="1180" WIDTH="57" HEIGHT="52" WC="0.96" CONTENT="de"/><SP WIDTH="19" VPOS="1180" HPOS="794"/>
						<String ID="string_138" HPOS="813" VPOS="1179" WIDTH="159" HEIGHT="49" WC="0.85" CONTENT="l’autre"/><SP WIDTH="21" VPOS="1179" HPOS="972"/>
						<String ID="string_139" HPOS="993" VPOS="1216" WIDTH="14" HEIGHT="20" WC="0.85" CONTENT=","/><SP WIDTH="33" VPOS="1216" HPOS="1007"/>
						<String ID="string_140" HPOS="1040" VPOS="1180" WIDTH="83" HEIGHT="46" WC="0.65" CONTENT="tels"/><SP WIDTH="9" VPOS="1180" HPOS="1123"/>
						<String ID="string_141" HPOS="1132" VPOS="1197" WIDTH="106" HEIGHT="48" WC="0.96" CONTENT="que"/><SP WIDTH="28" VPOS="1197" HPOS="1238"/>
						<String ID="string_142" HPOS="1266" VPOS="1178" WIDTH="108" HEIGHT="48" WC="0.95" CONTENT="font"/><SP WIDTH="33" VPOS="1178" HPOS="1374"/>
						<String ID="string_143" HPOS="1407" VPOS="1199" WIDTH="71" HEIGHT="30" WC="0.96" CONTENT="ces"/>
					</TextLine>
					<TextLine ID="line_17" HPOS="170" VPOS="1244" WIDTH="1304" HEIGHT="74">
						<String ID="string_144" HPOS="170" VPOS="1248" WIDTH="143" HEIGHT="49" WC="0.89" CONTENT="Eftres"/><SP WIDTH="15" VPOS="1248" HPOS="313"/>
						<String ID="string_145" HPOS="328" VPOS="1252" WIDTH="145" HEIGHT="66" WC="0.69" CONTENT="qu&#39;on"/><SP WIDTH="12" VPOS="1252" HPOS="473"/>
						<String ID="string_146" HPOS="485" VPOS="1246" WIDTH="175" HEIGHT="70" WC="0.70" CONTENT="appelle"/><SP WIDTH="12" VPOS="1246" HPOS="660"/>
						<String ID="string_147" HPOS="672" VPOS="1245" WIDTH="170" HEIGHT="51" WC="0.90" CONTENT="formes"/><SP WIDTH="17" VPOS="1245" HPOS="842"/>
						<String ID="string_148" HPOS="859" VPOS="1244" WIDTH="340" HEIGHT="51" WC="0.78" CONTENT="Subftantielles"/><SP WIDTH="20" VPOS="1244" HPOS="1199"/>
						<String ID="string_149" HPOS="1219" VPOS="1247" WIDTH="76" HEIGHT="47" WC="0.96" CONTENT="des"/><SP WIDTH="15" VPOS="1247" HPOS="1295"/>
						<String ID="string_150" HPOS="1310" VPOS="1252" WIDTH="164" HEIGHT="61" WC="0.96" CONTENT="Corps,"/>
					</TextLine>
					<TextLine ID="line_18" HPOS="171" VPOS="1314" WIDTH="1303" HEIGHT="69">
						<String ID="string_151" HPOS="171" VPOS="1316" WIDTH="390" HEIGHT="66" WC="0.92" CONTENT="qualitezréelles,"/><SP WIDTH="26" VPOS="1316" HPOS="561"/>
						<String ID="string_152" HPOS="587" VPOS="1315" WIDTH="257" HEIGHT="68" WC="0.91" CONTENT="imprefles,"/><SP WIDTH="28" VPOS="1315" HPOS="844"/>
						<String ID="string_153" HPOS="872" VPOS="1314" WIDTH="412" HEIGHT="57" WC="0.33" CONTENT="intentionnelles,"/><SP WIDTH="23" VPOS="1314" HPOS="1284"/>
						<String ID="string_154" HPOS="1307" VPOS="1314" WIDTH="167" HEIGHT="49" WC="0.89" CONTENT="occul-"/>
					</TextLine>
					<TextLine ID="line_19" HPOS="171" VPOS="1379" WIDTH="1304" HEIGHT="71">
						<String ID="string_155" HPOS="171" VPOS="1396" WIDTH="91" HEIGHT="45" WC="0.93" CONTENT="tes,"/><SP WIDTH="23" VPOS="1396" HPOS="262"/>
						<String ID="string_156" HPOS="285" VPOS="1382" WIDTH="349" HEIGHT="68" WC="0.87" CONTENT="fympathiques"/><SP WIDTH="23" VPOS="1382" HPOS="634"/>
						<String ID="string_157" HPOS="657" VPOS="1420" WIDTH="14" HEIGHT="22" WC="0.89" CONTENT=","/><SP WIDTH="23" VPOS="1420" HPOS="671"/>
						<String ID="string_158" HPOS="694" VPOS="1380" WIDTH="292" HEIGHT="70" WC="0.91" CONTENT="fpecifiques,"/><SP WIDTH="26" VPOS="1380" HPOS="986"/>
						<String ID="string_159" HPOS="1012" VPOS="1379" WIDTH="174" HEIGHT="51" WC="0.82" CONTENT="faculté"/><SP WIDTH="20" VPOS="1379" HPOS="1186"/>
						<String ID="string_160" HPOS="1206" VPOS="1385" WIDTH="269" HEIGHT="45" WC="0.75" CONTENT="concoctri-"/>
					</TextLine>
					<TextLine ID="line_20" HPOS="131" VPOS="1447" WIDTH="1346" HEIGHT="70">
						<String ID="string_161" HPOS="131" VPOS="1452" WIDTH="121" HEIGHT="55" WC="0.41" CONTENT="‘ce,"/><SP WIDTH="30" VPOS="1452" HPOS="252"/>
						<String ID="string_162" HPOS="282" VPOS="1455" WIDTH="248" HEIGHT="44" WC="0.69" CONTENT="retentrice"/><SP WIDTH="21" VPOS="1455" HPOS="530"/>
						<String ID="string_163" HPOS="551" VPOS="1489" WIDTH="14" HEIGHT="19" WC="0.69" CONTENT=","/><SP WIDTH="42" VPOS="1489" HPOS="565"/>
						<String ID="string_164" HPOS="607" VPOS="1450" WIDTH="274" HEIGHT="67" WC="0.90" CONTENT="expultrice,"/><SP WIDTH="26" VPOS="1450" HPOS="881"/>
						<String ID="string_165" HPOS="907" VPOS="1458" WIDTH="89" HEIGHT="41" WC="0.92" CONTENT="&amp;c."/><SP WIDTH="47" VPOS="1458" HPOS="996"/>
						<String ID="string_166" HPOS="1043" VPOS="1448" WIDTH="32" HEIGHT="48" WC="0.93" CONTENT="il"/><SP WIDTH="38" VPOS="1448" HPOS="1075"/>
						<String ID="string_167" HPOS="1113" VPOS="1450" WIDTH="60" HEIGHT="47" WC="0.91" CONTENT="eft"/><SP WIDTH="38" VPOS="1450" HPOS="1173"/>
						<String ID="string_168" HPOS="1211" VPOS="1447" WIDTH="266" HEIGHT="68" WC="0.77" CONTENT="impofhble"/>
					</TextLine>
					<TextLine ID="line_21" HPOS="167" VPOS="1514" WIDTH="1305" HEIGHT="70">
						<String ID="string_169" HPOS="167" VPOS="1520" WIDTH="260" HEIGHT="60" WC="0.94" CONTENT="qu&#39;aucune"/><SP WIDTH="22" VPOS="1520" HPOS="427"/>
						<String ID="string_170" HPOS="449" VPOS="1516" WIDTH="108" HEIGHT="49" WC="0.91" CONTENT="Idée"/><SP WIDTH="15" VPOS="1516" HPOS="557"/>
						<String ID="string_171" HPOS="572" VPOS="1516" WIDTH="100" HEIGHT="50" WC="0.93" CONTENT="leur"/><SP WIDTH="23" VPOS="1516" HPOS="672"/>
						<String ID="string_172" HPOS="695" VPOS="1516" WIDTH="141" HEIGHT="68" WC="0.85" CONTENT="puiffe"/><SP WIDTH="16" VPOS="1516" HPOS="836"/>
						<String ID="string_173" HPOS="852" VPOS="1516" WIDTH="233" HEIGHT="68" WC="0.96" CONTENT="répondre"/><SP WIDTH="30" VPOS="1516" HPOS="1085"/>
						<String ID="string_174" HPOS="1115" VPOS="1518" WIDTH="114" HEIGHT="47" WC="0.92" CONTENT="dans"/><SP WIDTH="34" VPOS="1518" HPOS="1229"/>
						<String ID="string_175" HPOS="1263" VPOS="1514" WIDTH="209" HEIGHT="68" WC="0.70" CONTENT="l&#39;Efprit,"/>
					</TextLine>
					<TextLine ID="line_22" HPOS="165" VPOS="1580" WIDTH="1309" HEIGHT="70">
						<String ID="string_176" HPOS="165" VPOS="1597" WIDTH="64" HEIGHT="47" WC="0.94" CONTENT="ny"/><SP WIDTH="28" VPOS="1597" HPOS="229"/>
						<String ID="string_177" HPOS="257" VPOS="1598" WIDTH="92" HEIGHT="46" WC="0.95" CONTENT="que"/><SP WIDTH="20" VPOS="1598" HPOS="349"/>
						<String ID="string_178" HPOS="369" VPOS="1602" WIDTH="49" HEIGHT="28" WC="0.95" CONTENT="ce"/><SP WIDTH="21" VPOS="1602" HPOS="418"/>
						<String ID="string_179" HPOS="439" VPOS="1587" WIDTH="146" HEIGHT="62" WC="0.22" CONTENT="qu&#39;on"/><SP WIDTH="13" VPOS="1587" HPOS="585"/>
						<String ID="string_180" HPOS="598" VPOS="1585" WIDTH="68" HEIGHT="47" WC="0.22" CONTENT="dit"/><SP WIDTH="13" VPOS="1585" HPOS="666"/>
						<String ID="string_181" HPOS="679" VPOS="1585" WIDTH="347" HEIGHT="48" WC="0.35" CONTENT="alorsaitaucun"/><SP WIDTH="6" VPOS="1585" HPOS="1026"/>
						<String ID="string_182" HPOS="1032" VPOS="1576" WIDTH="111" HEIGHT="78" WC="0.92" CONTENT="fens"/><SP WIDTH="23" VPOS="1576" HPOS="1143"/>
						<String ID="string_183" HPOS="1166" VPOS="1587" WIDTH="81" HEIGHT="63" WC="0.96" CONTENT="qui"/><SP WIDTH="18" VPOS="1587" HPOS="1247"/>
						<String ID="string_184" HPOS="1265" VPOS="1582" WIDTH="44" HEIGHT="49" WC="0.93" CONTENT="fe"/><SP WIDTH="19" VPOS="1582" HPOS="1309"/>
						<String ID="string_185" HPOS="1328" VPOS="1580" WIDTH="146" HEIGHT="68" WC="0.9" CONTENT="puifle"/>
					</TextLine>
					<TextLine ID="line_23" HPOS="166" VPOS="1649" WIDTH="1305" HEIGHT="67">
						<String ID="string_186" HPOS="166" VPOS="1651" WIDTH="267" HEIGHT="45" WC="0.90" CONTENT="conceuoir."/><SP WIDTH="43" VPOS="1651" HPOS="433"/>
						<String ID="string_187" HPOS="476" VPOS="1653" WIDTH="123" HEIGHT="43" WC="0.96" CONTENT="Mais"/><SP WIDTH="30" VPOS="1653" HPOS="599"/>
						<String ID="string_188" HPOS="629" VPOS="1670" WIDTH="50" HEIGHT="26" WC="0.92" CONTENT="ce"/><SP WIDTH="27" VPOS="1670" HPOS="679"/>
						<String ID="string_189" HPOS="706" VPOS="1651" WIDTH="109" HEIGHT="47" WC="0.80" CONTENT="n&#39;eft"/><SP WIDTH="32" VPOS="1651" HPOS="815"/>
						<String ID="string_190" HPOS="847" VPOS="1670" WIDTH="79" HEIGHT="46" WC="0.96" CONTENT="pas"/><SP WIDTH="30" VPOS="1670" HPOS="926"/>
						<String ID="string_191" HPOS="956" VPOS="1669" WIDTH="120" HEIGHT="30" WC="0.92" CONTENT="mon"/><SP WIDTH="33" VPOS="1669" HPOS="1076"/>
						<String ID="string_192" HPOS="1109" VPOS="1651" WIDTH="170" HEIGHT="48" WC="0.57" CONTENT="deflein"/><SP WIDTH="41" VPOS="1651" HPOS="1279"/>
						<String ID="string_193" HPOS="1320" VPOS="1649" WIDTH="57" HEIGHT="47" WC="0.96" CONTENT="de"/><SP WIDTH="29" VPOS="1649" HPOS="1377"/>
						<String ID="string_194" HPOS="1406" VPOS="1649" WIDTH="65" HEIGHT="47" WC="0.88" CONTENT="les"/>
					</TextLine>
					<TextLine ID="line_24" HPOS="152" VPOS="1713" WIDTH="1321" HEIGHT="66">
						<String ID="string_195" HPOS="152" VPOS="1714" WIDTH="384" HEIGHT="64" WC="0.70" CONTENT="combattreicy;"/><SP WIDTH="32" VPOS="1714" HPOS="536"/>
						<String ID="string_196" HPOS="568" VPOS="1716" WIDTH="49" HEIGHT="42" WC="0.39" CONTENT="Ie"/><SP WIDTH="21" VPOS="1716" HPOS="617"/>
						<String ID="string_197" HPOS="638" VPOS="1713" WIDTH="105" HEIGHT="62" WC="0.91" CONTENT="fçay"/><SP WIDTH="22" VPOS="1713" HPOS="743"/>
						<String ID="string_198" HPOS="765" VPOS="1732" WIDTH="91" HEIGHT="45" WC="0.96" CONTENT="que"/><SP WIDTH="20" VPOS="1732" HPOS="856"/>
						<String ID="string_199" HPOS="876" VPOS="1717" WIDTH="62" HEIGHT="46" WC="0.87" CONTENT="les"/><SP WIDTH="20" VPOS="1717" HPOS="938"/>
						<String ID="string_200" HPOS="958" VPOS="1716" WIDTH="251" HEIGHT="47" WC="0.91" CONTENT="fentimens"/><SP WIDTH="24" VPOS="1716" HPOS="1209"/>
						<String ID="string_201" HPOS="1233" VPOS="1718" WIDTH="144" HEIGHT="61" WC="0.93" CONTENT="qu’on"/><SP WIDTH="21" VPOS="1718" HPOS="1377"/>
						<String ID="string_202" HPOS="1398" VPOS="1730" WIDTH="75" HEIGHT="31" WC="0.93" CONTENT="at-"/>
					</TextLine>
					<TextLine ID="line_25" HPOS="167" VPOS="1776" WIDTH="1303" HEIGHT="75">
						<String ID="string_203" HPOS="167" VPOS="1781" WIDTH="150" HEIGHT="49" WC="0.72" CONTENT="tribuë"/><SP WIDTH="23" VPOS="1781" HPOS="317"/>
						<String ID="string_204" HPOS="340" VPOS="1776" WIDTH="294" HEIGHT="75" WC="0.68" CONTENT="quelquefois"/><SP WIDTH="29" VPOS="1776" HPOS="634"/>
						<String ID="string_205" HPOS="663" VPOS="1777" WIDTH="27" HEIGHT="51" WC="0.95" CONTENT="à"/><SP WIDTH="24" VPOS="1777" HPOS="690"/>
						<String ID="string_206" HPOS="714" VPOS="1778" WIDTH="213" HEIGHT="60" WC="0.0" CONTENT="l&#39;Ecole,"/><SP WIDTH="34" VPOS="1778" HPOS="927"/>
						<String ID="string_207" HPOS="961" VPOS="1782" WIDTH="405" HEIGHT="64" WC="0.85" CONTENT="n&#39;appartiennent"/><SP WIDTH="27" VPOS="1782" HPOS="1366"/>
						<String ID="string_208" HPOS="1393" VPOS="1800" WIDTH="77" HEIGHT="48" WC="0.96" CONTENT="pas"/>
					</TextLine>
					<TextLine ID="line_26" HPOS="158" VPOS="1844" WIDTH="1314" HEIGHT="72">
						<String ID="string_209" HPOS="158" VPOS="1848" WIDTH="274" HEIGHT="50" WC="0.83" CONTENT="toufioursà"/><SP WIDTH="14" VPOS="1848" HPOS="432"/>
						<String ID="string_210" HPOS="446" VPOS="1840" WIDTH="122" HEIGHT="80" WC="0.65" CONTENT="toute"/><SP WIDTH="16" VPOS="1840" HPOS="568"/>
						<String ID="string_211" HPOS="584" VPOS="1868" WIDTH="195" HEIGHT="33" WC="0.53" CONTENT="l&#39;Ecole;"/><SP WIDTH="16" VPOS="1868" HPOS="779"/>
						<String ID="string_212" HPOS="795" VPOS="1850" WIDTH="57" HEIGHT="45" WC="0.77" CONTENT="Et"/><SP WIDTH="12" VPOS="1850" HPOS="852"/>
						<String ID="string_213" HPOS="864" VPOS="1847" WIDTH="113" HEIGHT="69" WC="0.82" CONTENT="qu&#39;il"/><SP WIDTH="19" VPOS="1847" HPOS="977"/>
						<String ID="string_214" HPOS="996" VPOS="1864" WIDTH="28" HEIGHT="50" WC="0.87" CONTENT="y"/><SP WIDTH="22" VPOS="1864" HPOS="1024"/>
						<String ID="string_215" HPOS="1046" VPOS="1864" WIDTH="57" HEIGHT="31" WC="0.91" CONTENT="en"/><SP WIDTH="14" VPOS="1864" HPOS="1103"/>
						<String ID="string_216" HPOS="1117" VPOS="1865" WIDTH="25" HEIGHT="30" WC="0.91" CONTENT="a"/><SP WIDTH="12" VPOS="1865" HPOS="1142"/>
						<String ID="string_217" HPOS="1154" VPOS="1844" WIDTH="170" HEIGHT="50" WC="0.91" CONTENT="mefme"/><SP WIDTH="13" VPOS="1844" HPOS="1324"/>
						<String ID="string_218" HPOS="1337" VPOS="1850" WIDTH="135" HEIGHT="65" WC="0.90" CONTENT="quel-"/>
					</TextLine>
					<TextLine ID="line_27" HPOS="165" VPOS="1911" WIDTH="1306" HEIGHT="73">
						<String ID="string_219" HPOS="165" VPOS="1934" WIDTH="227" HEIGHT="50" WC="0.38" CONTENT="ques-vns"/><SP WIDTH="11" VPOS="1934" HPOS="392"/>
						<String ID="string_220" HPOS="403" VPOS="1934" WIDTH="168" HEIGHT="50" WC="0.38" CONTENT="parmy"/><SP WIDTH="15" VPOS="1934" HPOS="571"/>
						<String ID="string_221" HPOS="586" VPOS="1933" WIDTH="109" HEIGHT="41" WC="0.93" CONTENT="eux,"/><SP WIDTH="14" VPOS="1933" HPOS="695"/>
						<String ID="string_222" HPOS="709" VPOS="1919" WIDTH="80" HEIGHT="64" WC="0.81" CONTENT="qui"/><SP WIDTH="13" VPOS="1919" HPOS="789"/>
						<String ID="string_223" HPOS="802" VPOS="1911" WIDTH="107" HEIGHT="54" WC="0.81" CONTENT="font"/><SP WIDTH="21" VPOS="1911" HPOS="909"/>
						<String ID="string_224" HPOS="930" VPOS="1916" WIDTH="150" HEIGHT="66" WC="0.96" CONTENT="gloire"/><SP WIDTH="19" VPOS="1916" HPOS="1080"/>
						<String ID="string_225" HPOS="1099" VPOS="1916" WIDTH="57" HEIGHT="47" WC="0.93" CONTENT="de"/><SP WIDTH="23" VPOS="1916" HPOS="1156"/>
						<String ID="string_226" HPOS="1179" VPOS="1930" WIDTH="183" HEIGHT="34" WC="0.92" CONTENT="trouuer"/><SP WIDTH="23" VPOS="1930" HPOS="1362"/>
						<String ID="string_227" HPOS="1385" VPOS="1936" WIDTH="86" HEIGHT="30" WC="0.86" CONTENT="au-"/>
					</TextLine>
					<TextLine ID="line_28" HPOS="163" VPOS="1980" WIDTH="1307" HEIGHT="70">
						<String ID="string_228" HPOS="163" VPOS="1985" WIDTH="244" HEIGHT="65" WC="0.78" CONTENT="jourd’huy"/><SP WIDTH="15" VPOS="1985" HPOS="407"/>
						<String ID="string_229" HPOS="422" VPOS="1985" WIDTH="113" HEIGHT="48" WC="0.93" CONTENT="dans"/><SP WIDTH="13" VPOS="1985" HPOS="535"/>
						<String ID="string_230" HPOS="548" VPOS="1983" WIDTH="197" HEIGHT="49" WC="0.55" CONTENT="Ariftote"/><SP WIDTH="-8" VPOS="1983" HPOS="745"/>
						<String ID="string_231" HPOS="737" VPOS="1976" WIDTH="27" HEIGHT="78" WC="0.55" CONTENT=","/><SP WIDTH="22" VPOS="1976" HPOS="764"/>
						<String ID="string_232" HPOS="786" VPOS="2000" WIDTH="105" HEIGHT="31" WC="0.76" CONTENT="tout"/><SP WIDTH="13" VPOS="2000" HPOS="891"/>
						<String ID="string_233" HPOS="904" VPOS="2003" WIDTH="48" HEIGHT="27" WC="0.14" CONTENT="ce"/><SP WIDTH="11" VPOS="2003" HPOS="952"/>
						<String ID="string_234" HPOS="963" VPOS="2002" WIDTH="90" HEIGHT="48" WC="0.14" CONTENT="que"/><SP WIDTH="21" VPOS="2002" HPOS="1053"/>
						<String ID="string_235" HPOS="1074" VPOS="1983" WIDTH="95" HEIGHT="47" WC="0.79" CONTENT="l&#39;on"/><SP WIDTH="14" VPOS="1983" HPOS="1169"/>
						<String ID="string_236" HPOS="1183" VPOS="1999" WIDTH="24" HEIGHT="30" WC="0.91" CONTENT="a"/><SP WIDTH="16" VPOS="1999" HPOS="1207"/>
						<String ID="string_237" HPOS="1223" VPOS="1980" WIDTH="247" HEIGHT="54" WC="0.91" CONTENT="découuert"/>
					</TextLine>
					<TextLine ID="line_29" HPOS="159" VPOS="2048" WIDTH="1311" HEIGHT="67">
						<String ID="string_238" HPOS="159" VPOS="2048" WIDTH="65" HEIGHT="48" WC="0.96" CONTENT="de"/><SP WIDTH="20" VPOS="2048" HPOS="224"/>
						<String ID="string_239" HPOS="244" VPOS="2050" WIDTH="99" HEIGHT="61" WC="0.93" CONTENT="plus"/><SP WIDTH="24" VPOS="2050" HPOS="343"/>
						<String ID="string_240" HPOS="367" VPOS="2069" WIDTH="215" HEIGHT="32" WC="0.89" CONTENT="nouueau"/><SP WIDTH="38" VPOS="2069" HPOS="582"/>
						<String ID="string_241" HPOS="620" VPOS="2050" WIDTH="174" HEIGHT="49" WC="0.92" CONTENT="dansce"/><SP WIDTH="20" VPOS="2050" HPOS="794"/>
						<String ID="string_242" HPOS="814" VPOS="2049" WIDTH="144" HEIGHT="50" WC="0.85" CONTENT="fiecle."/><SP WIDTH="35" VPOS="2049" HPOS="958"/>
						<String ID="string_243" HPOS="993" VPOS="2054" WIDTH="51" HEIGHT="45" WC="0.68" CONTENT="Ie"/><SP WIDTH="19" VPOS="2054" HPOS="1044"/>
						<String ID="string_244" HPOS="1063" VPOS="2069" WIDTH="59" HEIGHT="28" WC="0.93" CONTENT="ne"/><SP WIDTH="23" VPOS="2069" HPOS="1122"/>
						<String ID="string_245" HPOS="1145" VPOS="2066" WIDTH="180" HEIGHT="49" WC="0.92" CONTENT="pretens"/><SP WIDTH="19" VPOS="2066" HPOS="1325"/>
						<String ID="string_246" HPOS="1344" VPOS="2054" WIDTH="126" HEIGHT="49" WC="0.96" CONTENT="donc"/>
					</TextLine>
					<TextLine ID="line_30" HPOS="160" VPOS="2117" WIDTH="1313" HEIGHT="68">
						<String ID="string_247" HPOS="160" VPOS="2132" WIDTH="87" HEIGHT="51" WC="0.96" CONTENT="pas"/><SP WIDTH="21" VPOS="2132" HPOS="247"/>
						<String ID="string_248" HPOS="268" VPOS="2130" WIDTH="213" HEIGHT="55" WC="0.95" CONTENT="attaquer"/><SP WIDTH="32" VPOS="2130" HPOS="481"/>
						<String ID="string_249" HPOS="513" VPOS="2135" WIDTH="104" HEIGHT="35" WC="0.96" CONTENT="tous"/><SP WIDTH="32" VPOS="2135" HPOS="617"/>
						<String ID="string_250" HPOS="649" VPOS="2119" WIDTH="63" HEIGHT="50" WC="0.86" CONTENT="les"/><SP WIDTH="34" VPOS="2119" HPOS="712"/>
						<String ID="string_251" HPOS="746" VPOS="2122" WIDTH="253" HEIGHT="61" WC="0.63" CONTENT="Sectateurs"/><SP WIDTH="36" VPOS="2122" HPOS="999"/>
						<String ID="string_252" HPOS="1035" VPOS="2117" WIDTH="245" HEIGHT="51" WC="0.63" CONTENT="d&#39;Ariftote"/><SP WIDTH="26" VPOS="2117" HPOS="1280"/>
						<String ID="string_253" HPOS="1306" VPOS="2141" WIDTH="12" HEIGHT="34" WC="0.90" CONTENT=";"/><SP WIDTH="32" VPOS="2141" HPOS="1318"/>
						<String ID="string_254" HPOS="1350" VPOS="2126" WIDTH="123" HEIGHT="47" WC="0.96" CONTENT="Mais"/>
					</TextLine>
					<TextLine ID="line_31" HPOS="1120" VPOS="2204" WIDTH="125" HEIGHT="48">
						<String ID="string_255" HPOS="1120" VPOS="2205" WIDTH="27" HEIGHT="44" WC="0.56" CONTENT="€"/><SP WIDTH="52" VPOS="2205" HPOS="1147"/>
						<String ID="string_256" HPOS="1199" VPOS="2204" WIDTH="46" HEIGHT="48" WC="0.0" CONTENT="ll)"/>
					</TextLine>
				</TextBlock>
			</PrintSpace>
		</Page>
	</Layout>
</alto>
