1776 2528
251 145 2 2 |
468 154 10 6 |
651 92 377 56 PREFACE.

173 181 90 37 ont
294 165 43 50 Îe
366 163 349 52 raifonnement
749 163 43 50 Île
797 159 124 82 plus
927 159 137 82 forr,
1084 175 56 40 &
1157 168 92 69 qui
1268 166 230 68 digérent”

177 235 42 51 le
233 240 156 43 mieux
401 234 117 47 leurs
532 230 201 70 penfées,
746 232 93 49 afin
859 231 306 52 delesrendre
1180 235 151 49 claires
1347 246 43 39 &
1405 241 76 44 in-

174 303 250 67 relligibles
449 339 13 21 ,
490 306 202 62 peuuent
725 298 232 51 toufiours
985 302 43 48 le
1058 294 156 83 mieux
1228 294 252 83 perfuader

173 381 55 40 ce
251 366 135 79 qu'ils
404 364 285 78 ptopofent,
700 364 178 78 encore
897 370 131 66 qu’ils
1051 388 59 30 ne
1130 371 244 66 parlaffent
1390 385 110 53 que:

175 439 314 56 bas-Breton,
512 438 134 66 qu’ils
657 436 221 50 n'euffent
898 441 161 45 jamais
1082 440 194 66 apris
1211 430 74 80 de
1291 440 191 49 Rheto-

177 511 149 65 rique.
352 505 118 50 C’eft
484 522 251 50 pourquoy
758 507 87 61 i'ay
863 509 88 60 pris
973 503 103 51 foin
1100 507 382 66 principalement

175 576 60 48 de
249 578 107 46 bien
374 563 250 73 conceuoir
633 563 110 73 mon
775 570 138 62 fujet,
929 573 101 56 (car
1052 572 33 49 il
1107 591 76 29 me
1202 572 173 51 femble
1396 574 87 51 ab:

176 637 546 69 folumentimpoffible,
736 654 92 50 que
849 656 111 30 ceux
972 633 94 80 qui
1072 640 312 66 n'entendent
1405 661 88 48 pas

177 710 112 49 bien
298 726 90 33 vne
402 711 215 53 matiere,
637 705 43 49 la
691 701 197 78 puiffent
899 701 169 78 iamais
1093 705 107 51 bien
1220 709 275 66 expliquer}

182 788 47 39 &
245 772 321 70 deledifpofer
579 770 173 53 detelle
773 772 121 50 forte,
908 792 126 51 que
1052 774 62 49 les
1132 773 198 51 derniers
1353 778 133 49 Cha-

179 850 140 64 pitres
320 835 187 83 fuffent
522 844 82 47 des
627 840 134 50 fuites
787 841 261 66 neceflaires
1067 843 76 47 des
1156 848 215 63 premiers
1402 866 11 34 ;
1439 852 45 43 &

181 932 95 49 que
304 928 195 49 ceux-cy
519 913 106 45 n'en
655 907 357 69 prefupofaffent
1040 928 171 31 aucuns
1240 922 162 49 auttes.
1439 918 62 44 Le

181 996 80 34 me
278 979 87 49 fuis
385 973 102 79 aufhi
500 977 145 66 feruy
669 979 76 47 des
771 993 164 32 termes
968 996 91 48 que
1085 980 103 63 j'ay
1200 979 78 48 crû
1301 980 62 49 les
1388 981 98 67 plus
1517 1005 5 4 -

184 1046 293 69 fignificatifs
501 1056 44 39 &
576 1046 61 47 les
665 1045 99 67 plus
800 1044 302 67 intelligibles
1126 1070 14 34 ;
1175 1045 314 53 déterminant

184 1115 177 49 méfme
375 1115 41 48 la
427 1112 385 70 fignification
740 1107 68 81 de
824 1131 121 29 ceux
992 1116 47 44 qui
1057 1117 215 45 auroient
1293 1116 65 68 pù
1380 1117 110 48 eftre

184 1183 318 69 équiuoques,
526 1198 189 31 comme
737 1197 112 31 ceux
863 1180 180 65 d'Efprir
1064 1189 52 38 &
1138 1180 146 50 d'Idée.
1320 1187 104 56 Que
1454 1182 52 49 fi

188 1251 206 69 quelque
417 1246 236 68 Cartefien
676 1264 104 50 trop
799 1245 266 70 fcrupuleux
1081 1244 44 51 fe
1141 1245 261 54 fcandalife
1434 1251 58 48 de

188 1324 105 45 voir
318 1337 89 49 que
406 1309 89 81 j'ay
512 1316 222 67 reftraint
755 1316 251 48 ce‘dernier
1031 1332 85 32 aux
1127 1309 157 81 feules
1304 1315 187 69 formes

186 1387 78 49 des
284 1384 185 70 penfées
487 1386 64 48 de
570 1382 230 68 l'Efprit
755 1377 62 81 ,.
824 1397 131 52 quoy
979 1397 91 53 que
1099 1382 240 51 Monfieur
1372 1385 120 52 Def-

185 1472 144 31 cartes
364 1455 103 48 s’en
479 1450 123 50 ferue
625 1445 83 77 auf
739 1445 129 77 pour
899 1449 206 69 fignifier
1125 1453 65 47 les
1215 1449 172 53 formes
1415 1456 77 47 des

184 1520 155 67 efprits
354 1525 244 52 animaux,
622 1518 252 69 aufquelles
898 1537 68 29 ces
979 1535 151 33 autres
1144 1516 172 53 formes
1330 1522 57 46 de
1408 1539 87 30 nos

184 1586 185 66 penfées
393 1587 107 49 font
519 1586 254 57 attachées,
809 1590 40 43 ie
872 1585 41 48 le
933 1590 95 63 prie
1047 1587 58 48 de
1126 1584 258 52 confiderer
1403 1604 93 52 que

186 1655 117 47 dans
328 1670 93 30 vne
432 1648 200 76 matiere
653 1652 122 50 aufl.
791 1652 192 48 obfcure
1002 1655 154 65 qu'eft
1189 1654 227 63 celle-cy.,
1448 1666 50 38 &

191 1721 66 50 où
278 1722 44 48 la
344 1711 190 80 mébprife
553 1718 137 46 eftoit
709 1734 336 32 extremement
1056 1720 32 46 à
1103 1720 217 46 craindre
1319 1714 22 66 ,
1376 1724 41 42 ie
1439 1739 60 32 ne

190 1793 201 64 pouuois
406 1787 108 48 eftre
536 1802 106 50 trop
662 1779 266 70 fcrupuleux
950 1783 113 48 dans
1081 1785 42 45 Le
1148 1781 138 50 choix
1306 1785 76 49 des
1403 1799 94 39 ter-

194 1874 97 32 mes
314 1895 14 20 ,
364 1875 62 45 ny
451 1855 195 68 prendre
666 1865 105 54 trop
795 1850 58 50 de
872 1847 101 54 foin
994 1850 190 52 d’éuiter
1204 1849 61 50 les
1298 1850 201 71 équiuo-

196 1940 111 53 ques
319 1925 140 48 &:les
484 1919 202 69 difputes
709 1920 76 49 des
806 1937 148 33 mots.
984 1924 46 45 Ie
1054 1919 302 61 demande
1305 1914 43 83 [a
1382 1925 119 50 mef-

196 2011 77 29 me
296 1990 198 69 grace
444 1981 56 82 à
513 2007 116 31 ceux
659 1990 84 67 qui
780 1988 187 49 veulent
997 1992 147 64 qu'on
1178 1986 190 54 obferue
1409 2013 93 30 vne

197 2059 343 67 puretééntiere
571 2058 115 48 dans
693 2051 179 79 noftre
881 2093 226 20 langue,
1144 2064 45 39 &
1187 2051 95 79 les
1299 2066 114 60 prie
1444 2065 76 47 de

200 2127 249 69 m'excufer
469 2165 15 22 ,
502 2125 54 68 fi
591 2126 111 50 dans
724 2125 278 66 vn-Traitté
1036 2124 358 83 Metaphyfique
1413 2167 16 23 ,
1462 2137 67 43 ie

1181 2212 128 51 CRUE
