1776 2528
448 114 73 44 42
881 96 351 53 TRATTT
1261 96 18 49 E

454 167 153 48 ſtance
635 174 46 40 &
717 171 152 58 Corps
891 181 87 31 ont
1001 164 44 48 la
1075 163 176 50 meſme
1270 162 347 68 ſignification,
1650 162 51 50 &

455 234 146 67 que
536 226 73 79 la
618 230 170 50 Pensëe
806 241 44 38 &
865 247 150 32 toutes
1031 230 63 49 ſes
1120 230 133 50 ſuites
1276 230 106 51 ſont
1395 233 77 47 des
1484 236 232 63 proprie-

455 299 64 48 tes
541 301 57 47 de
619 300 43 47 la
674 316 162 33 nature
852 299 300 66 Corporelle,
1186 297 239 69 leſquelles
1444 318 59 30 ne
1514 297 45 49 ſe
1579 307 120 58 peu-

454 383 112 32 uent
590 371 363 60 communiquer
976 366 25 47 à
1022 367 227 57 d'autres,
1282 364 200 70 puiſque
1508 365 190 50 ſuiuant

452 433 95 48 leur
562 438 199 63 opinion
781 434 214 48 l'niuers
1008 433 109 49 neſt
1130 433 224 67 compos
1368 452 90 48 que
1472 434 58 48 de
1544 446 153 55 corps.

455 506 75 44 Or
583 520 84 29 pour
680 500 113 50 faire
804 504 97 44 voir
923 501 44 47 la
977 498 189 50 fauſſetè
1178 501 185 47 decette
1376 499 321 67 propoſition,

452 520 262 97 Zafae
728 573 76 54 ie
824 586 116 32 vous
953 572 120 63 prie,
1097 585 93 47 que
1208 583 107 32 tout
1330 587 49 27 ce
1402 570 150 63 qu'on
1586 585 111 49 peut

449 637 221 47 attribuer
686 655 54 28 au
755 654 129 46 corps
895 634 83 64 luy
992 639 241 51 conulent,
1247 653 63 28 ou
1322 652 188 30 comme
1522 632 87 50 ſon
1622 633 73 49 eſ-

449 704 146 57 ſence,
609 721 62 30 ou
686 720 187 30 comme
886 718 92 31 vne
996 699 113 49 ſuite
1130 702 57 47 de
1199 698 86 52 ſon
1299 701 189 58 eſſence,
1510 719 65 30 ou
1587 700 108 59 ſeu-

428 768 199 53 lement
641 761 57 80 par
702 768 264 53 accident;
988 777 45 39 &
1054 785 184 50 partant
1252 768 195 67 puiſque
1465 766 130 51 ſelon
1607 786 88 34 eux

448 837 44 49 la
509 838 175 48 Pensce
699 836 59 48 eſt
778 855 65 30 vn
866 835 192 48 attribut
1080 836 65 47 du
1156 839 152 64 Corps,
1364 835 31 48 ũ
1408 833 98 51 faut
1520 836 174 67 qu'elle

446 904 78 64 luy
538 909 261 45 conuienne
811 905 56 45 de
885 903 187 50 lnede
1085 923 68 28 ces
1167 907 110 46 trois
1292 902 180 64 fagons.
1504 910 67 43 De
1587 905 106 47 dire

446 988 90 50 que
547 971 43 48 la
604 970 170 50 Pense
787 970 222 49 conſtituẽ
1021 971 205 49 heſſence
1237 972 62 47 du
1313 978 181 59 Corps,
1507 989 63 30 ou
1583 972 110 66 qu-

445 1038 82 48 elle
542 1057 58 30 en
616 1037 88 50 ſoit
716 1058 90 31 vne
819 1037 128 55 ſuite,
963 1057 65 31 on
1042 1057 57 31 ne
1112 1039 39 47 le
1163 1055 109 51 peut
1297 1037 100 49 ſans
1410 1037 220 49 attribuer
1643 1039 47 49 la

444 1107 329 49 connoiſſance
793 1106 26 50 à
845 1123 109 32 tous
973 1107 63 48 les
1069 1125 157 50 corps,
1261 1105 115 51 ainſi
1411 1123 92 49 que
1530 1103 159 52 faiſoit

444 1175 440 67 Campanelle:mais
897 1194 186 29 comme
1093 1173 296 69 perſonne
1313 1166 74 80 de
1401 1174 100 47 bon
1510 1170 103 51 ſens
1626 1192 62 29 ne

442 1238 88 50 ſuit
543 1259 116 31 cette
681 1248 230 60 opinion,
936 1247 40 43 ie
995 1261 58 30 ne
1066 1240 221 49 m'amuſc
1298 1261 77 46 pas
1383 1241 112 48 auſſi
1508 1239 25 48 à
1557 1240 43 48 la
1611 1259 78 34 re-

440 1305 139 51 futer.
595 1309 40 46 Il
649 1308 101 48 faut
764 1311 126 45 donc
905 1327 92 49 que
1008 1309 43 47 la
1068 1307 169 49 Pensce
1247 1306 88 49 ſolt
1347 1306 255 50 ſeulement
1616 1320 72 40 vn

440 1376 213 47 accident
681 1376 62 46 du
751 1382 183 60 Corps;
958 1393 61 30 ou
1034 1375 166 66 qu'elle
1213 1393 58 30 ne
1293 1375 78 66 luy
1382 1380 304 63 appartienne

438 1444 139 63 point
602 1443 57 45 du
673 1464 133 26 tout:
823 1449 92 41 Car
937 1439 127 50 enfin
1070 1444 160 64 quand
1256 1441 111 51 bien
1388 1444 85 46 elſe
1486 1435 136 77 ſeroit
1637 1444 42 47 la

415 1502 264 79 difference
688 1502 256 79 eſſentielle
955 1510 56 46 de
1022 1509 206 68 quelque
1249 1528 130 48 corps
1399 1510 288 67 particulier,

435 1576 97 48 cela
553 1575 384 68 mempeſcheroit
957 1595 78 48 pas
1058 1576 107 69 qu
1146 1571 26 78 ĩ
1186 1576 172 69 VPgard
1380 1579 58 48 de
1459 1578 43 48 la
1516 1594 167 32 nature

438 1644 256 67 corporelle
717 1662 57 30 en
786 1644 187 67 general
986 1663 65 30 on
1061 1663 60 30 ne
1132 1645 45 49 la
1190 1646 99 67 puſt
1302 1645 199 68 appeller
1522 1663 65 31 vn
1600 1663 82 29 ac-

436 1713 186 49 cident:
651 1718 74 43 Or
748 1713 94 48 cela
871 1732 59 30 ne
948 1710 204 66 ſcauroit
1175 1713 145 54 eſtre,
1352 1714 209 44 dautant
1584 1727 96 50 que

434 1780 42 49 la
486 1798 163 30 nature
662 1781 311 47 delaccident
986 1798 61 29 ou
1059 1782 62 43 du
1132 1778 142 48 mode
1287 1776 62 47 eſt
1362 1776 123 59 telle,
1494 1779 112 65 qu'il
1619 1796 62 30 ne

432 1863 110 51 peut
565 1846 109 48 eſtre
697 1864 181 43 congeu
900 1843 100 49 ſans
1020 1843 87 49 ſon
1120 1847 196 64 premier
1338 1843 141 67 ſujet,
1501 1862 58 36 àu
1585 1846 94 49 licu

432 1934 94 48 que
538 1915 41 48 le
591 1913 109 63 ſujet
711 1913 41 47 le
764 1930 108 50 peut
882 1912 110 48 bien
1005 1911 109 49 eſtre
1127 1910 100 51 ſans
1241 1910 70 50 cet
1323 1912 212 48 accident
1548 1931 63 30 ou
1626 1933 53 37 ce

430 1983 158 53 mode.
612 1979 130 52 Ainſi
754 2000 131 49 parce
896 1998 92 51 que
999 1985 41 44 ie
1050 1986 100 61 puis
1164 1983 231 59 imaginer
1407 1978 43 49 la
1462 1977 224 52 ſubſtan-

433 2057 48 37 cẽ
493 2049 213 49 eſtendus
714 2047 103 52 ſans
829 2050 41 47 la
880 2049 146 67 figure
1040 2047 173 49 ronde,
1226 2062 64 30 ou
1305 2041 98 52 ſans
1419 2046 41 48 le
1471 2060 208 36 mouue-

430 2129 162 53 ment,
619 2127 43 39 &
690 2106 69 84 que
776 2122 71 64 ie
869 2117 168 66 népuis
1056 2131 79 49 pas
1155 2112 57 50 de
1222 2110 177 74 meſme
1419 2120 258 60 conceuoir
