1776 2528
268 131 79 33 DE
392 117 297 46 ESDPRIT
737 129 76 34 DE
862 115 328 50 LHOMMXE.
1320 118 51 60 33

135 201 109 47 vray
260 184 154 48 Pilote
428 192 43 40 &
489 183 41 47 le
541 186 201 64 pouuoir
754 183 110 48 bien
887 183 248 52 conduire;
1170 191 41 39 &
1218 180 54 50 ſi
1291 202 79 48 par

132 251 209 47 malheur
363 251 31 47 il
419 254 213 64 ignoroit
655 270 69 27 ces
748 248 183 60 choſes,
954 268 60 30 ne
1037 248 163 49 ſeroit-
1207 268 59 32 on
1291 270 79 48 pas

128 316 166 69 obligé
315 319 56 47 de
397 317 315 49 reconnoiſtre
732 337 91 30 vne
845 334 127 32 autre
994 314 128 50 cauſe
1143 317 61 47 du
1227 336 145 30 mõu-

133 401 188 33 uement
331 386 63 48 du
408 385 242 57 Vaiſſeau,
665 402 91 49 que
768 386 42 46 le
822 384 92 49 ſeul
942 383 172 50 deſſein
1135 384 63 47 du
1221 386 153 48 Pilote

136 461 44 39 &
196 452 43 47 la
252 452 330 49 connoiſſance
594 452 111 66 quiit
718 456 150 45 auroit
889 454 76 46 des
989 451 208 48 chemins
1214 449 39 49 ſi
1273 454 100 49 lon

137 524 168 61 voyoit
328 519 116 68 qu'il
464 518 138 49 ſuiuit
631 517 95 50 fort
748 518 109 47 bien
877 518 44 47 la
942 531 166 39 route?
1148 518 40 47 Il
1209 536 59 30 ne
1288 519 87 50 ſert

130 588 130 47 donc
285 587 57 46 de
361 591 97 42 rien
478 585 58 46 de
555 583 315 50 reconnoiſtre
890 582 118 49 dans
1011 583 75 48 les
1109 584 143 48 beſtes
1283 605 92 31 vne

128 654 129 48 Ame
293 656 82 60 qui
404 650 275 58 connoiſſe,
708 668 131 50 pour
857 650 233 66 expliquer
1134 669 243 36 comment

137 720 115 48 leurs
281 726 153 59 Corps
469 716 108 50 ſont
614 717 211 68 capables
871 718 257 49 dſexecuter
1171 735 103 33 tous
1315 721 62 48 les

138 801 329 54 mouuements
492 802 92 51 que
605 804 123 65 nous
753 802 306 50 remarquons
1079 804 57 32 en
1160 787 133 59 elles,
1328 798 45 40 &

140 857 149 64 qu'on
318 858 118 45 croit
467 869 393 34 communment
898 853 188 66 qu'elles
1120 850 109 53 font
1268 873 111 32 aucc

142 922 189 54 deſſein;
356 940 101 31 non
481 919 257 51 ſeulement
758 939 132 48 parce
910 921 116 66 qu'il
1055 920 58 49 eſt
1146 922 109 54 bien
1275 924 102 66 plus

143 990 179 49 difficile
339 991 56 47 de
417 993 247 44 conceuoir
688 993 245 44 comment
954 987 63 49 les
1040 987 184 69 penfees
1250 1000 44 39 &
1317 992 66 49 les

143 1057 190 49 deſſeins
356 1058 57 48 de
438 1073 116 31 cette
583 1059 121 46 Ame
736 1055 106 49 font
874 1055 208 67 capables
1115 1057 58 47 de
1200 1059 189 64 pouſſer

146 1122 60 48 les
227 1123 171 69 Eſprits
423 1128 220 44 animaux
662 1142 57 30 en
740 1124 43 47 la
805 1128 203 43 mantere
1030 1125 137 64 qu'ils
1199 1125 42 47 le
1271 1127 109 47 doi-

145 1206 110 34 uent
268 1194 110 46 eſtre
392 1210 116 49 pour
519 1207 207 32 executer
746 1209 47 28 ce
816 1207 63 50 qu
885 1189 99 47 elle
996 1189 43 47 ſe
1061 1189 212 71 propofe,
1290 1209 92 48 que

147 1270 109 37 mwon
267 1279 77 48 pas
356 1261 278 66 diimaginer
649 1251 220 80 comment
883 1274 90 30 ces
993 1255 195 51 meſmes
1210 1257 171 69 Eſprits

148 1326 100 48 ſans
273 1345 179 30 aucune
473 1325 164 69 penfee
656 1324 109 51 ſont
793 1326 285 48 determinez
1112 1344 80 48 par
1220 1328 62 46 les
1311 1329 80 47 di-

150 1392 142 50 uerſes
314 1399 183 43 actions
524 1395 84 46 des
627 1394 185 64 objets,
846 1403 44 38 &
921 1410 80 49 par
1033 1393 44 47 la
1106 1392 285 69 diſpoſition

150 1460 206 67 preſente
378 1462 63 50 du
465 1468 210 41 Ceruean
705 1460 26 48 à
766 1460 153 48 couler
950 1461 113 50 dans
1093 1460 61 47 les
1191 1461 199 50 mufcles

153 1534 46 36 &
213 1526 63 54 les
289 1533 219 41 mouuoir
521 1529 57 46 de
589 1529 43 46 la
644 1525 143 65 fagon
800 1546 89 48 que
909 1546 119 29 nous
1047 1546 184 46 voyons
1253 1530 131 62 qu'ils

140 1588 56 50 fe
208 1599 247 65 meuuent;
488 1598 123 43 Mais
634 1612 165 31 encore
821 1597 207 45 autant
1048 1613 93 47 que
1161 1613 119 29 nous
1304 1613 83 31 ex-

142 1662 330 43 perimentons
492 1675 58 29 en
574 1677 119 28 nous
725 1659 232 57 meſmes,
990 1678 91 45 que
1112 1660 154 46 noſtre
1293 1680 92 29 vo-

151 1677 108 96 lenn
309 1742 107 47 ny
444 1723 42 50 la
508 1723 329 48 connoiſſance
864 1740 89 47 que
982 1741 119 29 nous
1132 1740 265 49 acquerons

156 1810 76 46 par
259 1793 285 48 lAnatomie
566 1791 77 48 des
662 1793 166 66 parties
849 1791 56 48 de
928 1789 155 49 noſtre
1107 1794 191 64 Corps,
1332 1811 67 31 ne

158 1876 117 31 nous
295 1861 200 47 rendent
518 1878 79 49 pas
618 1878 63 47 ny
710 1859 102 67 plus
839 1856 180 71 diſpos,
1038 1877 68 48 ny
1126 1858 103 67 plus
1248 1860 148 65 agiles

158 1942 88 95 *
247 1920 139 65 nous
394 1928 54 48 le
468 1925 210 51 ſommes
692 1927 377 48 naturellement.
1126 1929 142 48 Nous
1282 1930 109 50 n'en

177 2011 185 31 ommes
384 2014 117 49 pour
526 1994 94 49 cela
639 2012 63 47 ny
725 1993 101 67 plus
854 1991 213 64 ſcauants
1089 2011 62 45 ny
1181 1992 100 66 plus
1311 2001 83 46 in-

158 2058 150 48 ſtruits
330 2063 56 46 de
420 2063 44 48 la
485 2066 204 46 maniere
718 2062 120 48 dont
871 2060 61 48 les
966 2077 332 37 mouuements
1331 2066 60 48 de

160 2123 154 70 noſtre
326 2133 151 62 Corps
487 2129 54 71 ſe
564 2135 221 66 joignent
808 2147 107 46 auec
933 2146 87 34 nos
1040 2126 212 72 penſces,
1273 2150 125 49 nous

1167 2202 41 50 E

1165 2258 43 8 —
