1776 2528
442 99 67 46 20
732 138 2 2 |
881 90 429 48 TRAITTE

512 161 124 50 Mais
649 151 127 73 cette
801 155 224 53 difficulté
1051 177 27 28 a
1097 155 121 51 defia
1245 155 36 49 fi
1309 156 270 51 clairement
1601 156 90 52 efté

437 227 181 52 refoluë
638 245 80 49 par
731 222 244 52 Monfieur
999 224 261 59 Defcartes,
1280 225 189 49 dansles
1484 232 213 45 Remar-

443 314 111 49 ques
575 294 111 68 qu’il
710 313 26 29 a
757 291 131 51 faices
909 290 75 51 fur
1012 293 42 47 le
1087 293 175 67 placarc
1290 294 58 47 de
1372 292 246 54 Monfieur
1649 297 44 48 le

444 371 140 58 Roy,
605 366 80 62 qui
709 366 214 44 contient
935 359 64 51 fes
1017 362 254 48 Affertions
1284 362 232 51 touchant
1534 363 159 52 l’Ame

442 430 327 58 raifonnable,
793 447 158 48 quece
971 427 138 51 feroit
1123 429 188 50 vouloir
1329 448 217 49 apporter
1567 433 59 48 de
1648 432 46 48 La

440 500 199 49 Jumiere
663 517 58 29 en
741 497 127 68 plein
885 500 134 56 iour,
1032 514 88 49 que
1133 498 375 66 d'entreprendre
1534 502 57 47 de
1611 499 83 49 l'é-

440 567 180 49 claircir
641 569 278 64 dauantage.
944 568 49 44 Ie
1014 581 323 50 remarqueray
1350 566 126 47 donc
1499 564 193 71 fimple+

445 651 135 34 ment
608 639 71 65 icy
709 670 13 21 ,
760 650 96 46 que
887 634 92 45 lors
1008 633 114 59 qu'il
1152 635 136 64 s’agit
1324 632 263 51 d'attribués
1611 641 84 58 qui

447 702 284 50 conftituent
751 699 209 49 l’effence
976 698 59 48 de
1046 699 220 65 quelques
1278 698 283 62 fubftances,
1588 703 32 48 il
1634 722 63 30 ne

445 769 208 65 fçauroit
668 788 28 46 y
717 770 130 45 auoir
872 767 205 47 entr'eux
1098 767 58 47 de
1175 766 101 68 plus
1298 769 178 65 grande
1498 770 197 67 oppofi-

445 843 108 44 tion
574 874 14 16 ,
610 853 92 51 que
724 833 158 50 d'eftre
904 834 149 48 diuers
1075 854 16 37 ;
1115 852 73 30 car
1217 834 146 70 eftant
1394 836 83 48 tels
1499 874 14 21 ,
1534 856 92 47 que
1650 840 45 48 la

447 909 176 46 notion
651 904 59 47 de
738 902 98 54 lvn
862 900 111 50 n'eft
995 920 59 30 en
1080 918 177 33 aucune
1287 900 145 66 façon
1461 906 234 66 comprife

445 974 120 47 dans
585 972 43 47 la
647 975 174 44 notion
845 969 57 48 de
924 969 185 61 l’autre,
1133 969 113 50 ainfi
1266 988 93 48 que
1378 972 44 48 la
1439 977 175 44 notion
1636 977 60 46 de

449 1039 265 49 l'Eftenduë
728 1037 110 49 n’eft
852 1041 139 64 point
1002 1037 229 69 comprife
1255 1040 115 48 dans
1384 1040 43 47 la
1438 1044 175 45 notion
1636 1043 60 47 de

446 1109 48 47 la
507 1105 257 66 Penfée,ny
780 1106 186 66 celle-cy
978 1106 113 48 dans
1103 1107 43 48 la
1157 1110 173 46 notion
1342 1107 350 61 del'Eftenduë,

448 1177 34 48 il
504 1175 61 49 eft
585 1173 266 69 impoflible
870 1174 136 66 qu'ils
1024 1174 197 68 puiffent
1241 1175 342 50 conuenir
1464 1169 39 77 à
1509 1169 58 77 vn
1599 1174 93 51 feul

451 1253 48 38 &
521 1241 176 50 mefme
718 1240 141 64 fujet',
883 1243 196 47 dautant
1097 1260 88 48 que
1204 1262 49 27 ce
1274 1242 140 48 feroit
1437 1244 58 46 de
1517 1242 179 51 mefine

446 1328 96 47 que
555 1308 36 49 fi
610 1307 269 60 l'ondiloit,
892 1312 148 62 qu'vn
1052 1306 92 50 feul
1159 1318 44 40 &
1218 1306 174 51 mefme
1407 1308 112 65 fujet
1538 1310 24 49 à
1566 1312 128 49 deux

451 1375 262 50 differentes
726 1391 181 33 natures
922 1413 14 21 ,
953 1379 138 61 cequi
1103 1367 46 81 ne
1138 1373 78 51 fe
1226 1394 108 50 peut
1348 1377 95 49 dire
1457 1377 103 50 fans
1582 1399 114 30 con-

451 1444 258 48 tradiction
730 1444 111 47 d'vn
866 1441 114 64 fujet
997 1441 164 68 fimple
1182 1452 46 39 &
1251 1463 103 30 non
1373 1445 223 67 compolé
1592 1437 27 79 ,
1646 1457 46 39 &

446 1527 162 33 toutes
620 1510 62 47 les
694 1507 89 51 fois
797 1527 89 48 que
900 1510 119 48 deux
1030 1508 275 50 femblables
1318 1511 217 49 attributs
1550 1551 15 21 ,
1579 1514 116 50 cha-

450 1598 93 30 cun
560 1576 204 69 defquels
777 1594 109 52 peut
898 1576 110 50 eftre
1023 1576 304 51 ainficonceu
1341 1580 353 51 diftinétement

452 1646 103 51 fans
567 1644 222 62 l’autre,fe
801 1663 301 32 rencontrent
1112 1647 116 49 dans
1245 1648 200 67 quelque
1457 1647 65 61 fujet,
1528 1651 167 54 c'eft

452 1734 94 32 vne
567 1714 396 65 marqueaffeurée
981 1734 91 48 que
1093 1736 49 28 ce
1162 1713 114 63 fujet
1297 1716 44 44 là
1363 1716 61 43 eft
1442 1716 249 66 composé:

452 1802 75 30 car
527 1775 93 79 par
636 1783 36 47 là
671 1775 119 79 l’on
798 1775 217 79 connoift
1038 1784 293 53 clairement,
1354 1797 89 49 que
1462 1781 100 50 l'vn
1583 1784 121 49 n’eft

451 1870 80 47 pas
544 1858 65 41 vn
621 1850 144 46 mode
777 1850 57 45 de
846 1849 187 56 l'autre,
1051 1849 114 48 mais
1178 1847 109 66 qu’il
1312 1848 62 49 eft
1396 1849 229 50 l’artribut
1636 1854 59 47 de

452 1918 200 67 quelque
669 1913 138 52 chofe
819 1918 79 64 qui
912 1931 110 53 peut
1035 1912 207 52 fubfifter
1254 1914 102 50 fans
1369 1916 93 64 luy.
1491 1920 69 47 La
1572 1917 123 53 feule

451 1984 225 51 dificulté
696 1988 82 64 qui
790 2001 109 52 peut
918 1985 130 49 donc
1070 1989 69 61 icy
1163 1984 160 57 refter,
1346 1982 61 48 eft
1431 1983 57 49 de
1508 1983 186 67 fçauoir

452 2047 88 51 fila
554 2052 172 52 Pensée
739 2063 43 39 &
797 2051 261 50 l'Eftenduë
1070 2050 110 51 font
1193 2051 119 45 deux
1323 2051 216 51 attributs
1553 2055 141 51 effen-

444 2116 109 49 ticls
568 2126 79 57 qui
662 2121 282 51 conftiruent
958 2117 205 68 l’effence
1174 2116 57 49 de
1242 2118 221 69 quelques
1476 2119 216 56 fubftan-

717 2217 11 7 D
