1776 2528
541 83 374 59 PREFACE:

159 156 174 55 mefme
345 157 137 50 chofe
506 159 271 58 aux.beftes,
802 171 148 52 qu’on
973 156 69 52 n'a
1060 164 159 43 iamais
1242 161 80 47 crû

160 228 206 68 capables
389 228 58 47 de
459 225 229 51 réflexion
707 248 12 33 ;
741 228 41 46 Il
802 225 97 51 faut
913 228 125 48 donc
1064 245 91 51 que
1174 246 47 28 ce
1235 226 95 49 foie

158 297 432 55 immediatément,
613 310 130 52 parce
764 296 387 65 quel'Ameagit,
1174 295 165 67 qu'ila-

161 364 79 48 crû
252 356 162 79 qu’elle
425 356 299 79 s'aperceuoit
752 364 57 46 de
832 360 83 50 fon
932 367 257 63 operation.
1208 367 113 43 Per-

161 430 146 49 fonne
326 449 59 29 ne
408 446 108 48 peut
537 434 190 62 ignorer
749 430 218 49 combien
990 430 94 48 cela
1108 431 60 45 eft
1203 447 118 29 con-

159 496 154 50 forme
338 515 58 29 au
425 495 336 49 fentiment
691 490 84 67 de
793 495 241 51 Monfieur
1067 495 276 57 Defcartes,-

159 569 82 64 qui
272 564 145 67 apelle
451 565 350 63 gëneralement
822 562 163 67 pensée
1007 579 105 31 tout
1133 583 49 27 ce
1201 564 143 55 dong.

161 646 117 34 nous
296 646 408 49 nousaperceuons
724 631 432 56 immediatement,
1192 645 131 51 parce
1464 637 96 27 où

161 715 219 52 quenous
396 695 41 47 le
456 694 170 50 faifons
645 718 23 31 ;
682 702 133 60 voicy
834 697 361 48 lestermesdesS.
1226 700 138 64 Au-,

161 766 167 66 guftin.
373 769 159 42 Onne
555 762 229 69 penferoit
804 783 75 48 pas
906 764 24 66 à
955 769 159 44 ouurir
1133 766 59 45 les
1205 781 117 48 yeux
1340 784 138 34 Namque
1492 779 114 38 aperire

162 843 44 38 &
232 832 24 48 à
280 833 59 46 les
354 826 184 76 tourner
544 832 77 46 du
647 831 382 61 cofté
778 826 58 76 de
841 831 188 61 l’objet
1052 834 145 64 qu'on
1218 848 105 33 veut
1371 816 133 88 ictendo
1511 828 44 55 ad
1562 828 45 56 id

160 900 212 66 regarder
397 935 11 20 ,
422 897 40 50 fi
486 899 93 46 l'on
593 901 409 65 n'aperceuoit
1007 918 63 29 qu'on
1091 918 56 29 ne
1167 900 42 46 le
1223 903 99 45 voir
1339 896 294 68 aviser

160 986 101 46 pas,
284 967 91 47 lors
391 965 163 66 queles
567 981 113 49 yeux
693 965 107 49 font
823 964 198 60 fermez,
1049 985 61 28 ou
1130 977 192 36 tournez
1343 973 86 38 pote
1458 971 51 28 vif
1538 971 88 28 oculo

162 1035 250 47 d'vnautre
435 1030 134 49 cofté,
606 1038 75 42 Or
703 1031 32 49 fi
755 1034 349 65 l’ons’'aperçoit
1127 1033 197 65 quel'on
1341 1011 79 66 Moto
1434 1020 19 56 Le
1472 1007 23 90 id
1502 1012 68 80 non
1578 1020 50 73 vie
1651 1088 2 2 |

165 1118 58 30 ne
245 1105 101 44 voit
359 1114 114 52 pas,
496 1098 98 48 lors
617 1103 141 62 qu'on
768 1118 67 29 ne
865 1105 100 44 voit
991 1120 103 47 pas,
1118 1100 32 47 il
1168 1100 59 47 eft
1239 1109 86 39 ne-
1342 1083 65 91 dure
1444 1083 90 91 fente
1538 1096 38 57 le
1587 1089 64 79 6

123 1189 7 5 -
167 1167 177 67 ceffaire
367 1181 91 51 que
481 1168 158 65 quand
661 1186 66 29 on
747 1172 100 45 voit
864 1171 343 63 onaperçoiue
1237 1185 89 47 que
1335 1165 295 70 Ye

165 1234 98 49 lon
249 1230 132 106 voir,
399 1230 94 106 &c.
1102 1293 18 8 .
1342 1238 312 71 ddr

236 1306 122 45 Mais
373 1299 95 49 afin
490 1301 54 47 de
558 1315 214 33 montrer
788 1301 101 66 plus
903 1301 422 68 particulierement
1342 1331 6 5 -
1571 1288 24 27 ‘

166 1366 43 49 la
241 1366 282 50 conformité
543 1369 56 46 de
619 1373 52 43 $.
698 1368 229 67 Augultin
955 1386 109 31 auec
1093 1369 59 48 les
1182 1367 142 49 fenti-

166 1452 131 30 mens
322 1437 57 46 de
404 1433 240 50 Monfieur
667 1435 234 49 Defcartes
923 1437 277 48 touchantla
1215 1435 107 50 Na-

166 1514 99 33 ture
283 1503 56 46 de
364 1501 179 68 l'Efprit
572 1504 57 47 de
649 1503 281 58 l'Homme,
961 1508 41 43 ie
1022 1521 115 30 mets
1159 1523 54 29 en
1237 1501 107 51 fait”

167 1581 92 47 que
277 1572 55 65 S.
349 1571 121 63 Aug.
503 1588 23 27 a
549 1570 79 47 crû
647 1588 89 49 que
759 1566 153 53 l’Amé
929 1571 230 49 humaine
1191 1572 158 47 eftoit

165 1631 335 50 vncfubitance
499 1627 94 78 qui
597 1634 160 67 penfe,
769 1638 554 57 immaterielle,immor-

166 1699 135 59 celle,
326 1702 88 66 qui
429 1649 121 119 pente
592 1700 225 48 roufiours
832 1710 87 40 &c.
953 1706 113 44 dans
1089 1706 41 44 le
1152 1703 174 47 mefme
1349 1714 5 4 :

165 1764 127 60 fens,
318 1784 93 49 que
426 1762 242 55 Monficur
692 1764 233 51 Defcartes
947 1767 239 48 l’aeftabli.
1204 1771 124 44 Pour
1346 1777 10 24 :

165 1852 118 31 vous
302 1834 40 48 le
364 1852 224 49 prouuer,
611 1832 120 50 lifez
741 1838 516 65 premierementceque
1280 1839 53 44 S.

165 1901 232 68 Auguftin
420 1921 24 29 a
470 1900 134 50 efcrit
621 1903 112 48 dans
756 1903 42 48 Le
821 1904 121 47 liure
955 1902 48 49 de
1022 1906 40 45 la
1081 1901 180 70 quantité
1280 1901 49 49 de

164 1971 145 46 l'Ame
332 1988 57 30 en
404 1988 70 30 ces
490 1986 164 32 termes
668 1990 12 33 ;
697 1976 131 44 Vous
844 1971 143 48 deuez
1002 1971 222 48 entendre
1238 1989 89 50 que
1347 1978 228 54 Intelligendum
1599 1997 38 23 e-

168 2052 127 47 quoy
324 2056 90 48 que
434 2042 122 45 Dieu
576 2042 63 44 ait
670 2036 96 50 creé
782 2036 178 69 l’Efprit
985 2039 57 46 de
1062 2034 264 64 l'Homme,
1347 2028 88 64 Deus
1446 2024 69 82 Fear
1561 2024 69 82 are

166 2101 116 65 iL.eft
296 2104 220 65 pourtant
535 2106 139 65 d'vne
687 2111 203 60 certaine
910 2105 233 51 fubftance
1167 2110 82 64 qui
1273 2128 58 30 ne
1350 2104 98 32 nm)
1463 2103 176 34 abeeillé

1136 2178 7 7 '
1350 2150 106 20 certam
1475 2141 160 37 fubftanciä

1082 2193 16 31 1
1122 2187 70 55 ij:
