1776 2528
790 11 15 18 —

539 101 382 54 PREEACX.

143 174 117 65 peut
268 168 245 51 decouurir
537 171 57 48 de
608 172 43 47 la
672 176 180 45 Nature
863 175 57 46 de
939 172 153 50 l'Ame,
1111 175 75 58 ie
1205 174 127 66 nay

124 256 107 51 pas
263 237 65 49 du
359 255 76 30 me
462 235 136 51 ſeruir
621 238 226 51 d'aucune
866 241 235 55 autorité;
1126 246 74 45 De
1220 241 102 49 ſor-

154 322 44 32 te
219 303 201 60 meſme,
445 323 91 51 que
547 310 160 64 quand
728 312 15 43 i
747 308 192 69 allegue
959 309 111 48 celle
1086 310 57 48 de
1168 315 155 44 Mon-

146 371 124 51 ſieur
292 371 264 61 Deſcartes,
588 378 49 45 ce
659 375 110 49 meſt
795 395 78 48 pas
903 395 118 49 pour
1040 395 197 49 prouuer
1258 376 65 48 les

141 438 172 51 choſes
337 457 94 52 que
443 444 228 58 iauance;
677 434 129 81 mais
818 434 116 81 pour
961 441 112 52 faire
1095 449 104 45 voir
1221 442 103 50 ſeu-

151 508 181 49 lement
343 527 92 50 que
458 513 43 44 ie
519 508 214 50 raiſonne
744 509 129 49 ſelon
896 510 64 48 ſes
974 511 268 67 Principes,
1275 519 46 40 &

143 594 105 51 que
267 581 43 44 ie
329 595 59 30 ne
418 575 254 66 m'loigne
688 596 76 48 pas
790 578 56 45 de
866 577 68 48 ſes
952 575 265 52 ſentimèns.
1243 581 82 44 Se-

142 645 301 48 condement,
501 646 43 43 ie
565 661 118 30 veux
708 644 107 48 bien
829 644 133 68 qu'ils
976 643 247 64 ſſachent,
1237 661 92 50 que

142 709 46 49 ſi
199 714 162 45 iauois
376 709 79 49 cri
477 712 188 65 quauec
683 714 77 46 des
787 729 119 49 gens
925 711 322 50 raiſonnables
1279 730 52 29 ce

155 778 185 49 nm'eſtoit
363 796 77 48 pas
462 776 114 51 aſſez
598 772 145 78 cagir
755 772 88 78 par
864 778 187 61 raiſon,
1083 784 41 44 ie
1167 778 161 50 malle-

145 864 102 47 gue
258 844 193 69 preſque
471 864 179 30 aucune
670 845 162 69 penſee
853 848 56 47 de
930 846 246 51 Monſieur
1206 844 123 52 Deſ-

145 930 169 42 cartès,
328 911 176 54 meſme
515 915 57 47 de
586 915 128 47 celſes
734 916 128 67 qu'on
877 907 122 80 croit
1017 914 77 67 luy
1108 915 110 47 eſtre
1228 913 100 68 plus

147 981 345 66 particulieres,
519 981 172 68 pour
630 977 71 76 la
705 981 334 50 cõnfirmation
1061 984 57 47 de
1128 981 200 68 laquelle

148 1051 49 44 ie
218 1049 168 48 neuſſe
409 1049 66 66 pi
496 1065 214 50 apporter
723 1065 162 33 autant
904 1068 64 31 ou
981 1050 102 67 plus
1097 1052 231 46 d'autori-

149 1130 83 33 te
248 1122 244 61 Grecques
503 1125 47 39 &
567 1121 203 55 Latines,
785 1120 148 64 qu'on
944 1136 59 32 enñ
1014 1116 203 65 ſcauroit
1226 1134 105 49 pro-

145 1183 139 48 duire
312 1202 118 49 pour
450 1184 130 49 celles
616 1190 83 62 qui
721 1185 106 48 ſont
844 1185 51 48 le
916 1185 108 66 plus
1045 1181 284 51 communé-

153 1267 137 32 ment
324 1260 180 40 receues
534 1253 114 48 dans
670 1252 193 49 PEcole.
904 1256 62 45 Et
995 1269 116 51 pour
1141 1251 96 48 leur
1270 1267 59 31 en

147 1318 192 49 donner
371 1319 226 69 quelques
626 1337 240 50 marques,
889 1322 43 46 ic
957 1324 100 45 vais
1076 1318 96 50 leur
1193 1335 137 31 mon-

149 1384 116 50 ſtrer
293 1391 73 61 icy
389 1406 60 31 en
478 1406 86 47 peu
587 1388 58 48 de
664 1404 160 42 mots,
860 1403 98 52 que
979 1388 63 47 les
1059 1384 190 70 penſces
1272 1386 59 48 de

157 1453 244 49 Monſicur
415 1448 256 73 Dcſcartes,
676 1448 226 73 touchant
905 1456 68 47 la
977 1458 179 46 Nature
1167 1455 56 46 de
1239 1452 93 49 lA-

159 1536 79 31 me,
252 1519 146 57 ſont
410 1526 306 45 entierement
742 1521 265 51 conformes
1021 1520 27 50 à
1069 1521 43 49 la
1131 1522 199 49 Doctri-

156 1602 62 32 ne
239 1586 58 45 de
320 1591 44 41 S.
387 1588 268 64 Auguſtin,
681 1591 56 47 de
760 1590 215 49 Marcille
993 1588 176 59 Fiſcin,
1194 1596 46 40 &
1275 1587 58 47 de

153 1650 234 69 quelques
397 1668 150 31 autres
569 1661 185 43 anciens
766 1660 211 45 Auteurs.

258 1713 247 55 Nonſieur
516 1717 235 49 Deſcartes
763 1720 330 48 commence
1022 1709 78 72 ſa
1112 1717 222 49 Philoſo-

157 1786 114 69 phie
294 1785 133 67 parle
449 1784 179 61 doute,
651 1794 45 41 &
719 1800 110 35 veut
841 1787 147 66 qu'on
1001 1788 156 59 rejette
1182 1799 151 32 toutes

165 1857 62 47 les
238 1855 187 68 opiniõs
449 1853 63 49 od
524 1854 31 49 il
565 1874 28 45 y
605 1874 25 29 a
639 1855 46 49 la
697 1856 213 49 moindre
924 1850 216 54 occaſion
1151 1852 58 49 de
1220 1852 114 48 dou-

162 1937 100 39 ter,
287 1920 97 51 afin
397 1921 58 49 de
466 1938 186 33 trouuer
675 1941 64 32 vn
760 1927 206 64 principe
999 1918 333 60 inébranlable,

164 1994 87 60 qui
263 2008 59 29 ne
335 1989 142 68 puiſſe
489 1990 110 49 eſtre
623 1990 212 51 conteſté.
872 1997 134 41 Cette
1034 1988 224 49 methode
1270 1988 61 48 eſt

163 2057 312 50 entierement
496 2056 246 53 conforme
762 2077 59 31 au
832 2056 252 52 ſentiment
1106 2055 227 49 d'Ariſto-

164 2137 76 44 te,
274 2121 114 64 ainſi
408 2128 146 65 qu'on
572 2145 110 52 peut
701 2131 103 50 voir
832 2145 105 34 aui.
962 2125 225 68 Chapitre
1207 2125 61 49 du
1289 2136 45 53 3.

180 2242 13 14 B
