1776 2528
142 1698 58 30 Sed
209 1694 155 41 qmomodé
380 1690 53 31 efle

142 1739 84 28 faum
247 1739 172 33 impertiunt

140 1775 122 35 corpori
279 1779 9 21 ?
300 1771 122 28 mifcent

143 1825 36 19 ge
191 1811 93 40 iplum
299 1816 8 22 ?
317 1811 97 42 mini-

143 1864 49 18 me
204 1864 9 20 ;
227 1851 72 38 perit
312 1857 78 19 enim
405 1851 27 24 &

144 1889 191 32 confunditur
358 1885 78 38 quod

146 1929 148 31 xrifcetur.
318 1928 121 25 Antan-

145 1978 73 31 gunt
234 1969 125 34 corpus?
384 1972 52 17 ne-

145 2015 147 33 quaquam
303 2015 7 20 ;
324 1997 113 41 Taétus

148 2049 79 28 enim
245 2044 122 29 duorum
386 2038 39 45 eft

147 2083 129 41 corporii
296 2087 139 33 preprius.

148 2119 144 48 Munquid
304 2113 136 43 chaudun-

149 2172 47 22 tur
211 2163 32 30 in
252 2171 34 21 co
297 2166 16 33 ?
327 2165 93 31 nequ£

815 81 391 56 PREFACE.
1524 91 3 3 |

415 151 86 70 qui
513 151 60 50 eft
583 149 191 70 prefque
784 149 273 67 fpirituelle,
1066 167 132 50 parce
1207 149 169 69 qu'elle
1385 156 64 43 ne
1461 150 144 68 peut

418 221 245 48 eftrefansl
670 214 143 64 Ame.
882 225 9 7 ,°

491 286 165 64 Quelle
668 284 249 70 peut-eftre
929 301 124 32 cette
1065 286 147 67 partie
1233 283 282 70 fantaftique
1537 287 72 48 de

421 356 27 48 F
457 356 119 48 Ame
600 359 83 62 qui
704 353 109 50 n'eft
825 371 64 98 ps
933 360 150 60 Corps
1106 357 117 43 mais
1254 353 256 50 femblable
1539 369 70 33 aw

426 429 150 60 Corps
601 459 14 22 ,
638 419 97 50 fice
756 437 175 33 nefont
946 420 61 48 les
1026 419 185 68 penfées
1224 420 213 50 confufes
1451 423 56 47 de
1528 421 76 58 l'i-

427 493 300 63 magination
741 490 81 66 qui
835 494 67 42 ne
904 482 126 78 font
1035 504 103 51 pas
1149 526 179 29 Corps,
1356 490 148 48 etant
1524 489 94 48 des.

429 562 269 63 operations
718 559 57 46 de
797 554 180 69 l'Efprit
1004 578 20 26 :
1050 561 126 44 Mais
1199 555 249 50 toutesfois
1481 555 124 50 fem-

429 625 175 49 blables
624 642 57 32 au
701 630 151 60 Corps
875 661 13 19 ,
914 641 132 51 parce
1076 624 188 67 qu'elles
1297 624 42 47 le
1368 620 241 71 reprefén-

432 709 129 41 tent,
583 701 45 39 &
644 691 189 66 qu'elles
856 708 57 29 en
932 691 297 65 dependent?
1245 695 61 44 Et
1323 691 154 65 quelle
1498 705 127 51 peut

435 762 114 47 eftre
567 775 118 33 cette
705 762 144 63 partie
884 755 212 50 fenfitiue
1125 758 64 48 du
1220 763 182 61 Corps,
1435 763 83 63 qui
1548 757 77 48 cft:

435 824 365 72 prefqueefprit,
822 843 131 49 parce
975 824 164 69 qu’elle
1157 844 58 31 ne
1238 825 254 68 peut-eftre
1510 823 119 51 fans.

437 898 155 46 l'Ame,
601 892 176 60 finon
790 896 242 62 cetteignea
1054 897 58 43 vis
1132 930 14 21 ,
1169 912 63 30 ou
1246 894 61 47 les
1329 891 157 70 efprits
1506 897 108 45 ani-

436 980 169 40 maux,
641 966 84 60 qui
746 963 262 45 n’auroient
1029 980 75 48 pas
1126 962 46 49 le
1190 966 202 64 pouuoir
1414 963 58 46 de
1494 979 136 30 nous.

438 1028 114 50 faire
571 1033 99 45 rien
691 1025 139 51 fentir
856 1026 35 49 fi.
918 1028 127 66 celuy
1069 1048 81 49 qui
1180 1048 25 29 à
1242 1049 95 46 vny
1368 1029 165 48 l’Ame
1556 1027 84 50 au:

439 1101 169 64 Corps.
627 1096 188 50 n'auoit
835 1095 108 50 aufl
974 1094 182 53 attaché
1184 1116 87 31 nos
1302 1094 185 71 penfées
1527 1102 108 52 aux:

442 1162 175 53 formes
630 1164 138 69 qu’ils
778 1181 256 52 prennent.

538 1235 92 64 Pay
645 1226 69 77 dit
724 1226 123 77 dans
866 1234 41 46 le
933 1248 414 35 commencement
1367 1234 58 48 de
1451 1251 50 28 ce
1524 1230 98 50 dif-

447 1318 158 40 cours,
619 1319 91 49 que
722 1300 63 47 les
799 1297 249 50 fentimens
1063 1301 60 46 de
1134 1301 200 47 Marcile
1353 1297 146 53 Fifcin
1522 1302 119 45 n'e-

446 1367 170 48 foient
652 1382 77 52 pas
767 1365 218 68 éloignez
1023 1367 58 56 de
1118 1387 110 28 ceux
1270 1368 58 48 de
1375 1366 269 52 Monfieur-

448 1431 268 54 Defcartes..
763 1440 130 42 Ceux
926 1437 84 62 qui
1048 1451 86 31 ont
1175 1435 75 48 leu
1279 1434 45 61 fa
1355 1436 286 64 Theologie

451 1498 281 76 Platonique
739 1504 123 45 n’en
887 1517 198 50 peuuent
1105 1503 194 57 douter,
1325 1513 45 38 &
1394 1506 89 58 j'en
1505 1520 136 49 pou-

450 1572 93 46 rois
558 1572 278 45 conuaincre
858 1568 62 48 les
943 1585 150 31 autres
1112 1587 83 48 par
1212 1569 213 67 quantité
1446 1571 57 46 de
1523 1569 108 67 paf-

451 1636 153 67 fages:
633 1640 123 46 Mais
777 1641 42 44 ie
843 1655 108 49 croy
1008 1655 56 30 que
1085 1637 215 68 celuy-cy
1327 1640 104 47 doit
1454 1636 191 55 fufhres.

457 1710 161 61 Voicy
635 1725 187 30 comme
808 1698 67 79 il
883 1706 165 67 parle;
1073 1710 125 46 Mais
1220 1718 244 36 comment
1488 1702 160 50 eft-ce-

456 1792 93 50 que
587 1775 62 47 les
689 1774 169 70 Efprits
897 1789 201 50 peuuent
1139 1775 361 67 communiquer
1536 1771 114 50 leur:

456 1844 179 46 eftreau
659 1847 149 58 Corps
827 1854 19 32 ?
862 1845 57 39 Se
940 1835 262 51 mélent-ils
1220 1857 110 30 auec
1351 1840 113 66 luy?
1483 1843 165 46 Point-

458 1912 62 47 du
553 1923 104 35 tout
684 1927 12 34 ;
736 1912 93 43 Car
859 1922 113 31 tout
993 1924 48 29 ce
1072 1909 83 63 qui
1190 1905 44 51 fe
1273 1907 117 49 méle
1429 1912 117 61 perit
1584 1917 57 41 &.

456 1979 114 63 perd
593 1976 44 50 fa
659 1992 185 42 nature,
865 1994 58 29 en
947 1972 43 51 fe
1011 1973 303 51 confondant
1329 1992 111 30 auec
1461 1992 66 32 vn
1546 1993 103 31 au

458 2060 78 34 te.
580 2049 248 47 Seroit-ce
859 2062 60 29 en
940 2044 232 48 touchant
1189 2044 41 45 le
1261 2047 189 61 Corps?
1485 2047 161 51 Non;

457 2130 74 45 cat
585 2114 366 70 l'aouchement
1002 2127 60 50 ne
1118 2108 289 73 peut-çfire
1455 2116 188 68 qu'en
