1776 2528
861 105 379 50 PREFACE.
1556 147 12 4 Le

476 181 114 45 liure
601 173 112 52 defa
723 173 386 67 Metaphyfique,
1131 177 83 63 qui
1236 173 132 66 porte
1381 190 121 49 pour
1517 175 148 65 Titrë

478 249 78 44 De
572 240 135 51 l'viliré
728 242 48 46 de
798 241 140 47 douter
959 280 22 21 ,
994 241 33 56 @
1052 241 85 60 des
1160 238 125 67 chofes
1296 239 137 48 dont
1384 234 46 78 il
1429 234 111 78 faut
1553 234 94 78 pre-

481 316 232 42 mierement
757 308 139 47 douter
923 329 11 33 ;
967 311 162 61 Woicy
1144 305 63 51 fes
1237 307 178 68 paroles
1449 330 12 27 :
1484 310 16 65 [
1525 312 135 46 Pour

482 381 214 64 paruenir
712 374 81 50 àla
803 374 420 68 fcience
984 370 100 79 que
1083 374 126 68 nous
1234 376 258 48 cherchons,
1505 376 69 59 il
1589 378 70 47 eft:

485 443 246 52 neceflaire
743 462 91 49 que
843 437 126 78 nous
983 446 296 63 parcourions
1291 446 369 62 premierement

487 513 62 48 les
581 509 157 50 chofes
767 512 127 47 dont
922 528 122 30 nous
1070 510 177 49 deuons
1276 511 164 47 douter
1464 548 14 20 ,
1488 512 117 56 c’eft
1620 507 51 52 2.

487 575 479 67 fçauoir,
679 571 83 76 les
768 575 197 67 diuerfes
979 581 220 62 opinions
1208 578 176 48 deceux
1399 581 152 61 quien
1563 594 98 33 ont

491 645 205 55 traitté
645 639 60 79 ,.
713 654 43 38 &
780 661 92 49 que
895 661 116 31 nous
1044 645 269 65 regardions
1336 644 66 47 s'il
1422 662 25 46 y
1471 663 26 28 a
1525 646 149 68 quel.

492 730 92 49 que
599 709 137 70 chofe
747 711 135 66 qu'ils
894 713 185 62 n'ayent
1092 729 76 48 pas
1187 710 88 49 vi:
1291 717 93 42 Car
1398 711 31 46 il
1450 708 98 51 faut
1561 731 99 50 que

493 799 111 28 ceux
606 772 108 78 qui
726 772 207 78 veulent
960 781 215 63 acquerir
1194 796 91 31 vne
1324 779 336 50 connoiffance

469 880 7 7 .
494 845 272 49 éuidente
711 840 52 76 &
789 861 209 50 exempte
1019 846 56 46 de
1094 845 169 58 doute,
1273 840 150 76 .ayent
1450 851 212 61 premie-

496 929 180 33 rement
696 909 103 51 foin
821 912 185 48 de.bien
1025 912 191 59 douter,
1240 922 86 39 &c.
1351 913 18 63 ]
1390 913 39 47 Il
1452 914 212 49 n’auroit

496 981 126 48 donc
642 973 213 82 eu-garde
871 977 164 50 d'eitre
1046 979 71 47 du
1141 981 203 46 nombre
1363 980 181 50 deceux
1558 987 97 64 qui

495 1063 86 33 ont
601 1045 169 50 blâmé
786 1046 43 49 la
850 1050 221 64 premiere
1103 1047 288 49 Meditation
1411 1047 57 49 de
1500 1053 162 46 Mon-

493 1113 118 50 fieur
620 1112 263 61 Defcartes,
896 1132 188 32 comme
1095 1133 89 49 peu
1196 1114 261 55 neceffaire;
1474 1133 192 49 yayant

494 1182 170 69 pour
608 1176 67 79 le
677 1186 155 46 moins
854 1183 239 48 autant.de
1105 1180 211 51 neceflité
1335 1183 56 49 de
1413 1183 165 49 douter
1599 1186 68 48 dé:

498 1266 106 32 tout
625 1269 90 31 vne
748 1249 161 51 bonne
938 1247 117 56 fois,
1084 1242 104 80 lors
1200 1252 147 66 qu'on
1386 1249 196 51 cherche
1615 1253 48 49 le

499 1314 286 52 fondement
816 1318 57 47 de
902 1333 151 32 toutes
1081 1317 62 46 les
1174 1320 205 45 Sciences
1402 1354 15 22 ,
1445 1336 119 50 pour
1595 1322 72 47 ne

502 1383 100 64 plus
624 1386 164 46 douter
809 1401 77 49 par
908 1382 137 67 aprés
1061 1419 14 21 ,
1097 1399 99 48 que
1209 1384 61 47 de
1309 1401 360 35 recommencer:

503 1448 97 48 fans
612 1450 110 47 ceffe
740 1449 19 49 à
770 1449 201 56 l'entrée
992 1450 66 49 de
1073 1449 178 69 chaque
1273 1455 185 47 Science
1481 1490 14 22 ,
1519 1473 160 38 com--

499 1534 80 30 me
602 1516 200 49 Âriftote
821 1518 40 48 Îe
882 1516 199 69 prefcrit:

574 1587 57 44 le
645 1588 188 62 pourois
868 1578 242 82 confirmer
1126 1578 128 82 cette
1274 1588 225 50 methode
1519 1609 80 47 par
1620 1588 50 52 lé

503 1647 185 78 paffage
689 1652 77 48 de
786 1656 129 46 Saint
926 1654 229 66 Auguftin
1168 1658 81 63 qui
1261 1655 60 48 cft
1335 1657 182 59 raporté
1546 1659 122 52 dans

502 1719 63 48 les
579 1717 277 70 quatriémes
866 1719 265 68 objections
1157 1743 12 33 ;
1188 1722 30 48 il
1233 1723 60 44 eft
1307 1727 82 40 ciré
1411 1722 62 47 du
1483 1720 179 56 fecond

339 1841 22 7 _
502 1787 114 48 liure
628 1787 62 48 du
704 1788 376 54 Libre-Arbitre,
1095 1785 282 68 danslequel
1392 1788 34 49 il
1437 1789 95 60 dit,
1552 1809 112 49 par-

208 1842 65 78 er
300 1850 18 64 F
370 1837 92 81 RUnre
500 1852 410 51 Jant
604 1848 53 62 à
661 1852 213 51 Euodius
878 1848 42 62 ;
934 1855 48 43 Ie
1002 1869 116 30 vous
1149 1852 230 52 demande
1407 1856 252 73 premiere-

209 1911 90 89 ans
313 1917 140 68 œordié
470 1959 8 32 y
500 1937 135 40 MENt
668 1917 139 59 (afin
831 1934 92 50 que
956 1935 127 60 nous.
1107 1928 353 67 commencions
1462 1911 105 89 par
1572 1929 84 66 les

193 2004 98 21 vaum
311 1993 98 67 cuipf
420 1994 56 28 fs?
503 1987 154 50 chofes
673 1988 61 48 les
757 1986 109 68 plus
875 1978 260 80 manifeftes
1144 1999 28 47 )
1205 1988 35 49 fi
1252 2009 116 31 vous
1386 1992 215 50 eftes
1493 1978 27 80 ?
1526 1992 74 50 ou
1623 1993 39 50 fi

194 2045 36 19 an
248 2044 31 19 tu
289 2031 192 31 fortaffemc

192 2072 179 35 tuis,nehac
392 2072 86 26 inin-
501 2074 113 30 VOUS
629 2075 58 30 he
710 2056 210 70 craignez
934 2052 128 72 point
1097 2055 55 46 de
1175 2074 114 32 vous
1305 2052 271 75 méprendre
1601 2080 63 34 en

188 2113 201 38 terregatione
413 2107 63 29 fal-

190 2151 173 30 laris
262 2142 26 51 ?
292 2151 69 30 cum
374 2148 100 39 vtique
498 2116 263 80 répondant
779 2118 35 69 à.
834 2140 78 50 ma
921 2117 243 77 demande
1185 2135 16 50 ?
1204 2125 131 70 Bien
1353 2161 15 24 3
1390 2120 108 81 qu'à
1510 2120 146 81 vray=

1542 2195 126 70 dire,
