<?xml version="1.0" encoding="UTF-8"?>
<alto xmlns="http://www.loc.gov/standards/alto/ns-v3#" xmlns:xlink="http://www.w3.org/1999/xlink" xmlns:xsi="http://www.w3.org/2001/XMLSchema-instance" xsi:schemaLocation="http://www.loc.gov/standards/alto/ns-v3# http://www.loc.gov/alto/v3/alto-3-0.xsd">
	<Description>
		<MeasurementUnit>pixel</MeasurementUnit>
		<sourceImageInformation>
			<fileName>			</fileName>
		</sourceImageInformation>
		<OCRProcessing ID="OCR_0">
			<ocrProcessingStep>
				<processingSoftware>
					<softwareName>tesseract v4.1.0-elag2019</softwareName>
				</processingSoftware>
			</ocrProcessingStep>
		</OCRProcessing>
	</Description>
	<Layout>
		<Page WIDTH="1776" HEIGHT="2528" PHYSICAL_IMG_NR="0" ID="page_0">
			<PrintSpace HPOS="0" VPOS="0" WIDTH="1776" HEIGHT="2528">
				<TextBlock ID="block_0" HPOS="114" VPOS="106" WIDTH="1510" HEIGHT="2023">
					<TextLine ID="line_0" HPOS="566" VPOS="106" WIDTH="382" HEIGHT="51">
						<String ID="string_0" HPOS="566" VPOS="106" WIDTH="382" HEIGHT="51" WC="0.89" CONTENT="PREFACE."/>
					</TextLine>
					<TextLine ID="line_1" HPOS="225" VPOS="172" WIDTH="1089" HEIGHT="73">
						<String ID="string_1" HPOS="225" VPOS="173" WIDTH="135" HEIGHT="52" WC="0.60" CONTENT="‘Mais"/><SP WIDTH="22" VPOS="173" HPOS="360"/>
						<String ID="string_2" HPOS="382" VPOS="172" WIDTH="162" HEIGHT="71" WC="0.0" CONTENT="quand"/><SP WIDTH="14" VPOS="172" HPOS="544"/>
						<String ID="string_3" HPOS="558" VPOS="178" WIDTH="49" HEIGHT="44" WC="0.0" CONTENT="S."/><SP WIDTH="18" VPOS="178" HPOS="607"/>
						<String ID="string_4" HPOS="625" VPOS="175" WIDTH="234" HEIGHT="67" WC="0.88" CONTENT="Auguftin"/><SP WIDTH="19" VPOS="175" HPOS="859"/>
						<String ID="string_5" HPOS="878" VPOS="177" WIDTH="200" HEIGHT="48" WC="0.49" CONTENT="n’auroit"/><SP WIDTH="19" VPOS="177" HPOS="1078"/>
						<String ID="string_6" HPOS="1097" VPOS="193" WIDTH="78" HEIGHT="52" WC="0.96" CONTENT="pas"/><SP WIDTH="12" VPOS="193" HPOS="1175"/>
						<String ID="string_7" HPOS="1187" VPOS="177" WIDTH="127" HEIGHT="68" WC="0.96" CONTENT="parlé"/>
					</TextLine>
					<TextLine ID="line_2" HPOS="126" VPOS="242" WIDTH="1193" HEIGHT="70">
						<String ID="string_8" HPOS="126" VPOS="242" WIDTH="47" HEIGHT="50" WC="0.73" CONTENT="#1"/><SP WIDTH="19" VPOS="242" HPOS="173"/>
						<String ID="string_9" HPOS="192" VPOS="243" WIDTH="274" HEIGHT="49" WC="0.95" CONTENT="clairement"/><SP WIDTH="12" VPOS="243" HPOS="466"/>
						<String ID="string_10" HPOS="478" VPOS="242" WIDTH="116" HEIGHT="48" WC="0.96" CONTENT="dans"/><SP WIDTH="13" VPOS="242" HPOS="594"/>
						<String ID="string_11" HPOS="607" VPOS="259" WIDTH="119" HEIGHT="32" WC="0.92" CONTENT="cette"/><SP WIDTH="12" VPOS="259" HPOS="726"/>
						<String ID="string_12" HPOS="738" VPOS="248" WIDTH="283" HEIGHT="54" WC="0.89" CONTENT="matiere,on"/><SP WIDTH="12" VPOS="248" HPOS="1021"/>
						<String ID="string_13" HPOS="1033" VPOS="263" WIDTH="60" HEIGHT="29" WC="0.92" CONTENT="ne"/><SP WIDTH="11" VPOS="263" HPOS="1093"/>
						<String ID="string_14" HPOS="1104" VPOS="250" WIDTH="215" HEIGHT="62" WC="0.91" CONTENT="pourroit"/>
					</TextLine>
					<TextLine ID="line_3" HPOS="133" VPOS="307" WIDTH="1182" HEIGHT="73">
						<String ID="string_15" HPOS="133" VPOS="307" WIDTH="375" HEIGHT="73" WC="0.86" CONTENT="pastoutes-fois"/><SP WIDTH="14" VPOS="307" HPOS="508"/>
						<String ID="string_16" HPOS="522" VPOS="310" WIDTH="167" HEIGHT="48" WC="0.96" CONTENT="douter"/><SP WIDTH="13" VPOS="310" HPOS="689"/>
						<String ID="string_17" HPOS="702" VPOS="328" WIDTH="91" HEIGHT="51" WC="0.95" CONTENT="que"/><SP WIDTH="13" VPOS="328" HPOS="793"/>
						<String ID="string_18" HPOS="806" VPOS="331" WIDTH="50" HEIGHT="28" WC="0.95" CONTENT="ce"/><SP WIDTH="17" VPOS="331" HPOS="856"/>
						<String ID="string_19" HPOS="873" VPOS="329" WIDTH="59" HEIGHT="31" WC="0.85" CONTENT="ne"/><SP WIDTH="11" VPOS="329" HPOS="932"/>
						<String ID="string_20" HPOS="943" VPOS="310" WIDTH="161" HEIGHT="50" WC="0.1" CONTENT="fuft-là"/><SP WIDTH="12" VPOS="310" HPOS="1104"/>
						<String ID="string_21" HPOS="1116" VPOS="310" WIDTH="84" HEIGHT="51" WC="0.87" CONTENT="fon"/><SP WIDTH="9" VPOS="310" HPOS="1200"/>
						<String ID="string_22" HPOS="1209" VPOS="310" WIDTH="106" HEIGHT="51" WC="0.87" CONTENT="fen-"/>
					</TextLine>
					<TextLine ID="line_4" HPOS="129" VPOS="378" WIDTH="1187" HEIGHT="67">
						<String ID="string_23" HPOS="129" VPOS="385" WIDTH="210" HEIGHT="48" WC="0.84" CONTENT="timent;"/><SP WIDTH="23" VPOS="385" HPOS="339"/>
						<String ID="string_24" HPOS="362" VPOS="382" WIDTH="92" HEIGHT="45" WC="0.96" CONTENT="Car"/><SP WIDTH="28" VPOS="382" HPOS="454"/>
						<String ID="string_25" HPOS="482" VPOS="396" WIDTH="128" HEIGHT="49" WC="0.93" CONTENT="apres"/><SP WIDTH="30" VPOS="396" HPOS="610"/>
						<String ID="string_26" HPOS="640" VPOS="383" WIDTH="133" HEIGHT="44" WC="0.85" CONTENT="auoir"/><SP WIDTH="22" VPOS="383" HPOS="773"/>
						<String ID="string_27" HPOS="795" VPOS="378" WIDTH="112" HEIGHT="50" WC="0.91" CONTENT="écrit"/><SP WIDTH="26" VPOS="378" HPOS="907"/>
						<String ID="string_28" HPOS="933" VPOS="417" WIDTH="15" HEIGHT="21" WC="0.85" CONTENT=","/><SP WIDTH="34" VPOS="417" HPOS="948"/>
						<String ID="string_29" HPOS="982" VPOS="398" WIDTH="189" HEIGHT="31" WC="0.96" CONTENT="comme"/><SP WIDTH="27" VPOS="398" HPOS="1171"/>
						<String ID="string_30" HPOS="1198" VPOS="399" WIDTH="118" HEIGHT="32" WC="0.96" CONTENT="nous"/>
					</TextLine>
					<TextLine ID="line_5" HPOS="132" VPOS="444" WIDTH="1184" HEIGHT="72">
						<String ID="string_31" HPOS="132" VPOS="466" WIDTH="159" HEIGHT="33" WC="0.92" CONTENT="auons"/><SP WIDTH="21" VPOS="466" HPOS="291"/>
						<String ID="string_32" HPOS="312" VPOS="444" WIDTH="182" HEIGHT="69" WC="0.92" CONTENT="raporté"/><SP WIDTH="38" VPOS="444" HPOS="494"/>
						<String ID="string_33" HPOS="532" VPOS="445" WIDTH="252" HEIGHT="67" WC="0.81" CONTENT="cy-deflus"/><SP WIDTH="20" VPOS="445" HPOS="784"/>
						<String ID="string_34" HPOS="804" VPOS="471" WIDTH="13" HEIGHT="36" WC="0.88" CONTENT=";"/><SP WIDTH="11" VPOS="471" HPOS="817"/>
						<String ID="string_35" HPOS="828" VPOS="451" WIDTH="118" HEIGHT="61" WC="0.93" CONTENT="Que"/><SP WIDTH="30" VPOS="451" HPOS="946"/>
						<String ID="string_36" HPOS="976" VPOS="448" WIDTH="152" HEIGHT="49" WC="0.56" CONTENT="l’Ame"/><SP WIDTH="20" VPOS="448" HPOS="1128"/>
						<String ID="string_37" HPOS="1148" VPOS="449" WIDTH="168" HEIGHT="67" WC="0.37" CONTENT="s&#39;aper-"/>
					</TextLine>
					<TextLine ID="line_6" HPOS="133" VPOS="513" WIDTH="1184" HEIGHT="68">
						<String ID="string_38" HPOS="133" VPOS="513" WIDTH="232" HEIGHT="68" WC="0.61" CONTENT="çoitaufli"/><SP WIDTH="14" VPOS="513" HPOS="365"/>
						<String ID="string_39" HPOS="379" VPOS="513" WIDTH="109" HEIGHT="49" WC="0.92" CONTENT="bien"/><SP WIDTH="14" VPOS="513" HPOS="488"/>
						<String ID="string_40" HPOS="502" VPOS="513" WIDTH="260" HEIGHT="68" WC="0.92" CONTENT="quandelle"/><SP WIDTH="14" VPOS="513" HPOS="762"/>
						<String ID="string_41" HPOS="776" VPOS="532" WIDTH="61" HEIGHT="31" WC="0.94" CONTENT="ne"/><SP WIDTH="11" VPOS="532" HPOS="837"/>
						<String ID="string_42" HPOS="848" VPOS="520" WIDTH="102" HEIGHT="43" WC="0.94" CONTENT="voit"/><SP WIDTH="10" VPOS="520" HPOS="950"/>
						<String ID="string_43" HPOS="960" VPOS="534" WIDTH="79" HEIGHT="47" WC="0.96" CONTENT="pas"/><SP WIDTH="12" VPOS="534" HPOS="1039"/>
						<String ID="string_44" HPOS="1051" VPOS="532" WIDTH="93" HEIGHT="49" WC="0.96" CONTENT="que"/><SP WIDTH="13" VPOS="532" HPOS="1144"/>
						<String ID="string_45" HPOS="1157" VPOS="517" WIDTH="160" HEIGHT="64" WC="0.95" CONTENT="quand"/>
					</TextLine>
					<TextLine ID="line_7" HPOS="129" VPOS="578" WIDTH="1188" HEIGHT="71">
						<String ID="string_46" HPOS="129" VPOS="586" WIDTH="99" HEIGHT="48" WC="0.68" CONTENT="lle"/><SP WIDTH="21" VPOS="586" HPOS="228"/>
						<String ID="string_47" HPOS="249" VPOS="587" WIDTH="105" HEIGHT="47" WC="0.96" CONTENT="voit"/><SP WIDTH="24" VPOS="587" HPOS="354"/>
						<String ID="string_48" HPOS="378" VPOS="581" WIDTH="91" HEIGHT="58" WC="0.58" CONTENT="‘il"/><SP WIDTH="22" VPOS="581" HPOS="469"/>
						<String ID="string_49" HPOS="491" VPOS="578" WIDTH="186" HEIGHT="50" WC="0.39" CONTENT="s&#39;enfuit"/><SP WIDTH="20" VPOS="578" HPOS="677"/>
						<String ID="string_50" HPOS="697" VPOS="617" WIDTH="15" HEIGHT="20" WC="0.83" CONTENT=","/><SP WIDTH="29" VPOS="617" HPOS="712"/>
						<String ID="string_51" HPOS="741" VPOS="597" WIDTH="92" HEIGHT="50" WC="0.96" CONTENT="que"/><SP WIDTH="22" VPOS="597" HPOS="833"/>
						<String ID="string_52" HPOS="855" VPOS="579" WIDTH="36" HEIGHT="49" WC="0.91" CONTENT="fi"/><SP WIDTH="31" VPOS="579" HPOS="891"/>
						<String ID="string_53" HPOS="922" VPOS="581" WIDTH="85" HEIGHT="49" WC="0.95" CONTENT="elle"/><SP WIDTH="32" VPOS="581" HPOS="1007"/>
						<String ID="string_54" HPOS="1039" VPOS="599" WIDTH="60" HEIGHT="30" WC="0.91" CONTENT="ne"/><SP WIDTH="32" VPOS="599" HPOS="1099"/>
						<String ID="string_55" HPOS="1131" VPOS="580" WIDTH="186" HEIGHT="69" WC="0.91" CONTENT="penfoit"/>
					</TextLine>
					<TextLine ID="line_8" HPOS="130" VPOS="645" WIDTH="1189" HEIGHT="74">
						<String ID="string_56" HPOS="130" VPOS="670" WIDTH="116" HEIGHT="49" WC="0.95" CONTENT="pas,"/><SP WIDTH="24" VPOS="670" HPOS="246"/>
						<String ID="string_57" HPOS="270" VPOS="648" WIDTH="90" HEIGHT="49" WC="0.50" CONTENT="elle"/><SP WIDTH="21" VPOS="648" HPOS="360"/>
						<String ID="string_58" HPOS="381" VPOS="647" WIDTH="188" HEIGHT="48" WC="0.49" CONTENT="deuroit"/><SP WIDTH="12" VPOS="647" HPOS="569"/>
						<String ID="string_59" HPOS="581" VPOS="645" WIDTH="108" HEIGHT="49" WC="0.49" CONTENT="auffi"/><SP WIDTH="15" VPOS="645" HPOS="689"/>
						<String ID="string_60" HPOS="704" VPOS="649" WIDTH="395" HEIGHT="65" WC="0.29" CONTENT="s&#39;enaperceuoir,"/><SP WIDTH="33" VPOS="649" HPOS="1099"/>
						<String ID="string_61" HPOS="1132" VPOS="658" WIDTH="45" HEIGHT="39" WC="0.93" CONTENT="&amp;"/><SP WIDTH="15" VPOS="658" HPOS="1177"/>
						<String ID="string_62" HPOS="1192" VPOS="647" WIDTH="127" HEIGHT="51" WC="0.85" CONTENT="mef-"/>
					</TextLine>
					<TextLine ID="line_9" HPOS="141" VPOS="712" WIDTH="1178" HEIGHT="72">
						<String ID="string_63" HPOS="141" VPOS="738" WIDTH="78" HEIGHT="29" WC="0.93" CONTENT="me"/><SP WIDTH="23" VPOS="738" HPOS="219"/>
						<String ID="string_64" HPOS="242" VPOS="735" WIDTH="110" HEIGHT="31" WC="0.89" CONTENT="auec"/><SP WIDTH="18" VPOS="735" HPOS="352"/>
						<String ID="string_65" HPOS="370" VPOS="715" WIDTH="100" HEIGHT="67" WC="0.95" CONTENT="plus"/><SP WIDTH="21" VPOS="715" HPOS="470"/>
						<String ID="string_66" HPOS="491" VPOS="716" WIDTH="58" HEIGHT="47" WC="0.93" CONTENT="de"/><SP WIDTH="19" VPOS="716" HPOS="549"/>
						<String ID="string_67" HPOS="568" VPOS="712" WIDTH="153" HEIGHT="51" WC="0.89" CONTENT="raifon"/><SP WIDTH="27" VPOS="712" HPOS="721"/>
						<String ID="string_68" HPOS="748" VPOS="735" WIDTH="12" HEIGHT="33" WC="0.92" CONTENT=";"/><SP WIDTH="22" VPOS="735" HPOS="760"/>
						<String ID="string_69" HPOS="782" VPOS="715" WIDTH="135" HEIGHT="49" WC="0.80" CONTENT="Caril"/><SP WIDTH="24" VPOS="715" HPOS="917"/>
						<String ID="string_70" HPOS="941" VPOS="716" WIDTH="107" HEIGHT="48" WC="0.86" CONTENT="n&#39;eft"/><SP WIDTH="21" VPOS="716" HPOS="1048"/>
						<String ID="string_71" HPOS="1069" VPOS="735" WIDTH="78" HEIGHT="49" WC="0.69" CONTENT="pas"/><SP WIDTH="14" VPOS="735" HPOS="1147"/>
						<String ID="string_72" HPOS="1161" VPOS="715" WIDTH="158" HEIGHT="50" WC="0.69" CONTENT="necef-"/>
					</TextLine>
					<TextLine ID="line_10" HPOS="134" VPOS="782" WIDTH="1184" HEIGHT="70">
						<String ID="string_73" HPOS="134" VPOS="784" WIDTH="118" HEIGHT="50" WC="0.96" CONTENT="faire"/><SP WIDTH="15" VPOS="784" HPOS="252"/>
						<String ID="string_74" HPOS="267" VPOS="794" WIDTH="94" HEIGHT="58" WC="0.96" CONTENT="que"/><SP WIDTH="14" VPOS="794" HPOS="361"/>
						<String ID="string_75" HPOS="375" VPOS="784" WIDTH="160" HEIGHT="68" WC="0.95" CONTENT="quand"/><SP WIDTH="24" VPOS="784" HPOS="535"/>
						<String ID="string_76" HPOS="559" VPOS="782" WIDTH="252" HEIGHT="50" WC="0.31" CONTENT="l&#39;Homme"/><SP WIDTH="21" VPOS="782" HPOS="811"/>
						<String ID="string_77" HPOS="832" VPOS="801" WIDTH="59" HEIGHT="30" WC="0.96" CONTENT="ne"/><SP WIDTH="20" VPOS="801" HPOS="891"/>
						<String ID="string_78" HPOS="911" VPOS="787" WIDTH="101" HEIGHT="46" WC="0.96" CONTENT="voit"/><SP WIDTH="19" VPOS="787" HPOS="1012"/>
						<String ID="string_79" HPOS="1031" VPOS="802" WIDTH="106" HEIGHT="49" WC="0.93" CONTENT="pas,"/><SP WIDTH="28" VPOS="802" HPOS="1137"/>
						<String ID="string_80" HPOS="1165" VPOS="784" WIDTH="153" HEIGHT="50" WC="0.29" CONTENT="l&#39;Ame"/>
					</TextLine>
					<TextLine ID="line_11" HPOS="135" VPOS="848" WIDTH="1184" HEIGHT="72">
						<String ID="string_81" HPOS="135" VPOS="854" WIDTH="98" HEIGHT="50" WC="0.85" CONTENT="s&#39;en"/><SP WIDTH="23" VPOS="854" HPOS="233"/>
						<String ID="string_82" HPOS="256" VPOS="854" WIDTH="248" HEIGHT="66" WC="0.88" CONTENT="aperçoiue"/><SP WIDTH="21" VPOS="854" HPOS="504"/>
						<String ID="string_83" HPOS="525" VPOS="848" WIDTH="230" HEIGHT="51" WC="0.66" CONTENT="toufiours"/><SP WIDTH="16" VPOS="848" HPOS="755"/>
						<String ID="string_84" HPOS="771" VPOS="888" WIDTH="14" HEIGHT="20" WC="0.66" CONTENT=","/><SP WIDTH="21" VPOS="888" HPOS="785"/>
						<String ID="string_85" HPOS="806" VPOS="856" WIDTH="215" HEIGHT="61" WC="0.91" CONTENT="pouuant"/><SP WIDTH="22" VPOS="856" HPOS="1021"/>
						<String ID="string_86" HPOS="1043" VPOS="870" WIDTH="58" HEIGHT="30" WC="0.84" CONTENT="en"/><SP WIDTH="13" VPOS="870" HPOS="1101"/>
						<String ID="string_87" HPOS="1114" VPOS="851" WIDTH="110" HEIGHT="49" WC="0.81" CONTENT="eftre"/><SP WIDTH="11" VPOS="851" HPOS="1224"/>
						<String ID="string_88" HPOS="1235" VPOS="850" WIDTH="84" HEIGHT="51" WC="0.81" CONTENT="dé-"/>
					</TextLine>
					<TextLine ID="line_12" HPOS="133" VPOS="917" WIDTH="1186" HEIGHT="70">
						<String ID="string_89" HPOS="133" VPOS="920" WIDTH="204" HEIGHT="50" WC="0.95" CONTENT="tournée"/><SP WIDTH="23" VPOS="920" HPOS="337"/>
						<String ID="string_90" HPOS="360" VPOS="937" WIDTH="79" HEIGHT="50" WC="0.96" CONTENT="par"/><SP WIDTH="23" VPOS="937" HPOS="439"/>
						<String ID="string_91" HPOS="462" VPOS="917" WIDTH="206" HEIGHT="68" WC="0.84" CONTENT="quelque"/><SP WIDTH="13" VPOS="917" HPOS="668"/>
						<String ID="string_92" HPOS="681" VPOS="934" WIDTH="126" HEIGHT="32" WC="0.84" CONTENT="autre"/><SP WIDTH="30" VPOS="934" HPOS="807"/>
						<String ID="string_93" HPOS="837" VPOS="917" WIDTH="163" HEIGHT="68" WC="0.93" CONTENT="pensée"/><SP WIDTH="21" VPOS="917" HPOS="1000"/>
						<String ID="string_94" HPOS="1021" VPOS="940" WIDTH="14" HEIGHT="27" WC="0.92" CONTENT=":"/><SP WIDTH="14" VPOS="940" HPOS="1035"/>
						<String ID="string_95" HPOS="1049" VPOS="918" WIDTH="171" HEIGHT="51" WC="0.85" CONTENT="Maisfi"/><SP WIDTH="14" VPOS="918" HPOS="1220"/>
						<String ID="string_96" HPOS="1234" VPOS="919" WIDTH="85" HEIGHT="49" WC="0.96" CONTENT="elle"/>
					</TextLine>
					<TextLine ID="line_13" HPOS="142" VPOS="985" WIDTH="1176" HEIGHT="71">
						<String ID="string_97" HPOS="142" VPOS="1006" WIDTH="63" HEIGHT="31" WC="0.93" CONTENT="ne"/><SP WIDTH="24" VPOS="1006" HPOS="205"/>
						<String ID="string_98" HPOS="229" VPOS="985" WIDTH="186" HEIGHT="71" WC="0.92" CONTENT="penfoit"/><SP WIDTH="21" VPOS="985" HPOS="415"/>
						<String ID="string_99" HPOS="436" VPOS="1004" WIDTH="103" HEIGHT="49" WC="0.96" CONTENT="pas,"/><SP WIDTH="26" VPOS="1004" HPOS="539"/>
						<String ID="string_100" HPOS="565" VPOS="985" WIDTH="108" HEIGHT="67" WC="0.96" CONTENT="quel"/><SP WIDTH="27" VPOS="985" HPOS="673"/>
						<String ID="string_101" HPOS="700" VPOS="985" WIDTH="130" HEIGHT="65" WC="0.93" CONTENT="objet"/><SP WIDTH="22" VPOS="985" HPOS="830"/>
						<String ID="string_102" HPOS="852" VPOS="989" WIDTH="214" HEIGHT="63" WC="0.92" CONTENT="pourroit"/><SP WIDTH="39" VPOS="989" HPOS="1066"/>
						<String ID="string_103" HPOS="1105" VPOS="985" WIDTH="213" HEIGHT="70" WC="0.76" CONTENT="lempef-"/>
					</TextLine>
					<TextLine ID="line_14" HPOS="133" VPOS="1051" WIDTH="1186" HEIGHT="69">
						<String ID="string_104" HPOS="133" VPOS="1056" WIDTH="119" HEIGHT="47" WC="0.62" CONTENT="cher"/><SP WIDTH="36" VPOS="1056" HPOS="252"/>
						<String ID="string_105" HPOS="288" VPOS="1055" WIDTH="58" HEIGHT="47" WC="0.96" CONTENT="de"/><SP WIDTH="22" VPOS="1055" HPOS="346"/>
						<String ID="string_106" HPOS="368" VPOS="1056" WIDTH="93" HEIGHT="45" WC="0.83" CONTENT="s’en"/><SP WIDTH="17" VPOS="1056" HPOS="461"/>
						<String ID="string_107" HPOS="478" VPOS="1057" WIDTH="264" HEIGHT="62" WC="0.92" CONTENT="aperceuoir"/><SP WIDTH="28" VPOS="1057" HPOS="742"/>
						<String ID="string_108" HPOS="770" VPOS="1066" WIDTH="13" HEIGHT="35" WC="0.92" CONTENT="?"/><SP WIDTH="20" VPOS="1066" HPOS="783"/>
						<String ID="string_109" HPOS="803" VPOS="1051" WIDTH="130" HEIGHT="51" WC="0.91" CONTENT="Ainfi"/><SP WIDTH="37" VPOS="1051" HPOS="933"/>
						<String ID="string_110" HPOS="970" VPOS="1053" WIDTH="85" HEIGHT="48" WC="0.93" CONTENT="elle"/><SP WIDTH="31" VPOS="1053" HPOS="1055"/>
						<String ID="string_111" HPOS="1086" VPOS="1053" WIDTH="233" HEIGHT="67" WC="0.91" CONTENT="penferoit"/>
					</TextLine>
					<TextLine ID="line_15" HPOS="135" VPOS="1118" WIDTH="1185" HEIGHT="71">
						<String ID="string_112" HPOS="135" VPOS="1124" WIDTH="124" HEIGHT="47" WC="0.96" CONTENT="dans"/><SP WIDTH="22" VPOS="1124" HPOS="259"/>
						<String ID="string_113" HPOS="281" VPOS="1122" WIDTH="41" HEIGHT="48" WC="0.92" CONTENT="le"/><SP WIDTH="19" VPOS="1122" HPOS="322"/>
						<String ID="string_114" HPOS="341" VPOS="1138" WIDTH="150" HEIGHT="49" WC="0.84" CONTENT="temps"/><SP WIDTH="22" VPOS="1138" HPOS="491"/>
						<String ID="string_115" HPOS="513" VPOS="1122" WIDTH="151" HEIGHT="65" WC="0.81" CONTENT="qu’on"/><SP WIDTH="19" VPOS="1122" HPOS="664"/>
						<String ID="string_116" HPOS="683" VPOS="1118" WIDTH="194" HEIGHT="70" WC="0.87" CONTENT="fuppofe"/><SP WIDTH="19" VPOS="1118" HPOS="877"/>
						<String ID="string_117" HPOS="896" VPOS="1120" WIDTH="168" HEIGHT="68" WC="0.83" CONTENT="qu&#39;elle"/><SP WIDTH="30" VPOS="1120" HPOS="1064"/>
						<String ID="string_118" HPOS="1094" VPOS="1140" WIDTH="59" HEIGHT="30" WC="0.93" CONTENT="ne"/><SP WIDTH="27" VPOS="1140" HPOS="1153"/>
						<String ID="string_119" HPOS="1180" VPOS="1120" WIDTH="140" HEIGHT="69" WC="0.91" CONTENT="penfe"/>
					</TextLine>
					<TextLine ID="line_16" HPOS="114" VPOS="1183" WIDTH="1043" HEIGHT="78">
						<String ID="string_120" HPOS="114" VPOS="1183" WIDTH="118" HEIGHT="78" WC="0.94" CONTENT="pas."/>
					</TextLine>
					<TextLine ID="line_17" HPOS="240" VPOS="1252" WIDTH="1075" HEIGHT="71">
						<String ID="string_121" HPOS="240" VPOS="1259" WIDTH="51" HEIGHT="45" WC="0.59" CONTENT="Ie"/><SP WIDTH="21" VPOS="1259" HPOS="291"/>
						<String ID="string_122" HPOS="312" VPOS="1252" WIDTH="106" HEIGHT="70" WC="0.91" CONTENT="fçay"/><SP WIDTH="15" VPOS="1252" HPOS="418"/>
						<String ID="string_123" HPOS="433" VPOS="1255" WIDTH="112" HEIGHT="50" WC="0.96" CONTENT="bien"/><SP WIDTH="21" VPOS="1255" HPOS="545"/>
						<String ID="string_124" HPOS="566" VPOS="1255" WIDTH="147" HEIGHT="68" WC="0.87" CONTENT="qu&#39;on"/><SP WIDTH="18" VPOS="1255" HPOS="713"/>
						<String ID="string_125" HPOS="731" VPOS="1271" WIDTH="112" HEIGHT="51" WC="0.93" CONTENT="peut"/><SP WIDTH="20" VPOS="1271" HPOS="843"/>
						<String ID="string_126" HPOS="863" VPOS="1255" WIDTH="274" HEIGHT="60" WC="0.37" CONTENT="m&#39;objeéter"/><SP WIDTH="18" VPOS="1255" HPOS="1137"/>
						<String ID="string_127" HPOS="1155" VPOS="1270" WIDTH="97" HEIGHT="52" WC="0.90" CONTENT="que"/><SP WIDTH="18" VPOS="1270" HPOS="1252"/>
						<String ID="string_128" HPOS="1270" VPOS="1258" WIDTH="45" HEIGHT="46" WC="0.75" CONTENT="$."/>
					</TextLine>
					<TextLine ID="line_18" HPOS="142" VPOS="1321" WIDTH="1180" HEIGHT="71">
						<String ID="string_129" HPOS="142" VPOS="1321" WIDTH="236" HEIGHT="69" WC="0.89" CONTENT="Auguftin"/><SP WIDTH="14" VPOS="1321" HPOS="378"/>
						<String ID="string_130" HPOS="392" VPOS="1342" WIDTH="24" HEIGHT="30" WC="0.89" CONTENT="a"/><SP WIDTH="16" VPOS="1342" HPOS="416"/>
						<String ID="string_131" HPOS="432" VPOS="1321" WIDTH="127" HEIGHT="62" WC="0.96" CONTENT="écrit,"/><SP WIDTH="14" VPOS="1321" HPOS="559"/>
						<String ID="string_132" HPOS="573" VPOS="1340" WIDTH="92" HEIGHT="50" WC="0.43" CONTENT="que"/><SP WIDTH="11" VPOS="1340" HPOS="665"/>
						<String ID="string_133" HPOS="676" VPOS="1322" WIDTH="153" HEIGHT="50" WC="0.43" CONTENT="l’Ame"/><SP WIDTH="13" VPOS="1322" HPOS="829"/>
						<String ID="string_134" HPOS="842" VPOS="1324" WIDTH="76" HEIGHT="48" WC="0.92" CONTENT="des"/><SP WIDTH="14" VPOS="1324" HPOS="918"/>
						<String ID="string_135" HPOS="932" VPOS="1321" WIDTH="177" HEIGHT="52" WC="0.92" CONTENT="Enfans"/><SP WIDTH="14" VPOS="1321" HPOS="1109"/>
						<String ID="string_136" HPOS="1123" VPOS="1327" WIDTH="80" HEIGHT="65" WC="0.96" CONTENT="qui"/><SP WIDTH="13" VPOS="1327" HPOS="1203"/>
						<String ID="string_137" HPOS="1216" VPOS="1321" WIDTH="106" HEIGHT="50" WC="0.96" CONTENT="font"/>
					</TextLine>
					<TextLine ID="line_19" HPOS="137" VPOS="1390" WIDTH="1188" HEIGHT="69">
						<String ID="string_138" HPOS="137" VPOS="1392" WIDTH="124" HEIGHT="48" WC="0.96" CONTENT="dans"/><SP WIDTH="22" VPOS="1392" HPOS="261"/>
						<String ID="string_139" HPOS="283" VPOS="1391" WIDTH="43" HEIGHT="48" WC="0.93" CONTENT="le"/><SP WIDTH="22" VPOS="1391" HPOS="326"/>
						<String ID="string_140" HPOS="348" VPOS="1407" WIDTH="164" HEIGHT="35" WC="0.96" CONTENT="ventre"/><SP WIDTH="22" VPOS="1407" HPOS="512"/>
						<String ID="string_141" HPOS="534" VPOS="1392" WIDTH="57" HEIGHT="47" WC="0.96" CONTENT="de"/><SP WIDTH="27" VPOS="1392" HPOS="591"/>
						<String ID="string_142" HPOS="618" VPOS="1390" WIDTH="96" HEIGHT="50" WC="0.95" CONTENT="leur"/><SP WIDTH="35" VPOS="1390" HPOS="714"/>
						<String ID="string_143" HPOS="749" VPOS="1396" WIDTH="133" HEIGHT="44" WC="0.93" CONTENT="Mere"/><SP WIDTH="34" VPOS="1396" HPOS="882"/>
						<String ID="string_144" HPOS="916" VPOS="1392" WIDTH="135" HEIGHT="48" WC="0.92" CONTENT="eftoit"/><SP WIDTH="30" VPOS="1392" HPOS="1051"/>
						<String ID="string_145" HPOS="1081" VPOS="1390" WIDTH="158" HEIGHT="69" WC="0.91" CONTENT="priuée"/><SP WIDTH="27" VPOS="1390" HPOS="1239"/>
						<String ID="string_146" HPOS="1266" VPOS="1392" WIDTH="59" HEIGHT="47" WC="0.96" CONTENT="de"/>
					</TextLine>
					<TextLine ID="line_20" HPOS="142" VPOS="1457" WIDTH="1188" HEIGHT="70">
						<String ID="string_147" HPOS="142" VPOS="1457" WIDTH="182" HEIGHT="51" WC="0.86" CONTENT="fcience"/><SP WIDTH="21" VPOS="1457" HPOS="324"/>
						<String ID="string_148" HPOS="345" VPOS="1469" WIDTH="46" HEIGHT="40" WC="0.93" CONTENT="&amp;"/><SP WIDTH="22" VPOS="1469" HPOS="391"/>
						<String ID="string_149" HPOS="413" VPOS="1459" WIDTH="58" HEIGHT="48" WC="0.96" CONTENT="de"/><SP WIDTH="30" VPOS="1459" HPOS="471"/>
						<String ID="string_150" HPOS="501" VPOS="1457" WIDTH="223" HEIGHT="56" WC="0.95" CONTENT="volonté;"/><SP WIDTH="15" VPOS="1457" HPOS="724"/>
						<String ID="string_151" HPOS="739" VPOS="1462" WIDTH="115" HEIGHT="45" WC="0.95" CONTENT="mais"/><SP WIDTH="24" VPOS="1462" HPOS="854"/>
						<String ID="string_152" HPOS="878" VPOS="1459" WIDTH="96" HEIGHT="49" WC="0.91" CONTENT="cela"/><SP WIDTH="12" VPOS="1459" HPOS="974"/>
						<String ID="string_153" HPOS="986" VPOS="1458" WIDTH="251" HEIGHT="69" WC="0.20" CONTENT="nes‘opofe"/><SP WIDTH="14" VPOS="1458" HPOS="1237"/>
						<String ID="string_154" HPOS="1251" VPOS="1475" WIDTH="79" HEIGHT="51" WC="0.97" CONTENT="pas"/>
					</TextLine>
					<TextLine ID="line_21" HPOS="143" VPOS="1523" WIDTH="1187" HEIGHT="70">
						<String ID="string_155" HPOS="143" VPOS="1523" WIDTH="31" HEIGHT="49" WC="0.96" CONTENT="à"/><SP WIDTH="14" VPOS="1523" HPOS="174"/>
						<String ID="string_156" HPOS="188" VPOS="1545" WIDTH="49" HEIGHT="28" WC="0.93" CONTENT="ce"/><SP WIDTH="13" VPOS="1545" HPOS="237"/>
						<String ID="string_157" HPOS="250" VPOS="1531" WIDTH="146" HEIGHT="61" WC="0.88" CONTENT="queie"/><SP WIDTH="13" VPOS="1531" HPOS="396"/>
						<String ID="string_158" HPOS="409" VPOS="1529" WIDTH="134" HEIGHT="64" WC="0.93" CONTENT="viens"/><SP WIDTH="15" VPOS="1529" HPOS="543"/>
						<String ID="string_159" HPOS="558" VPOS="1527" WIDTH="355" HEIGHT="48" WC="0.30" CONTENT="d’auancér:Car"/><SP WIDTH="12" VPOS="1527" HPOS="913"/>
						<String ID="string_160" HPOS="925" VPOS="1545" WIDTH="191" HEIGHT="32" WC="0.90" CONTENT="nousne"/><SP WIDTH="13" VPOS="1545" HPOS="1116"/>
						<String ID="string_161" HPOS="1129" VPOS="1543" WIDTH="201" HEIGHT="49" WC="0.96" CONTENT="croyons"/>
					</TextLine>
					<TextLine ID="line_22" HPOS="179" VPOS="1591" WIDTH="1154" HEIGHT="67">
						<String ID="string_162" HPOS="139" VPOS="1609" WIDTH="85" HEIGHT="31" WC="0.96" CONTENT="pas"/><SP WIDTH="20" VPOS="1609" HPOS="224"/>
						<String ID="string_163" HPOS="244" VPOS="1608" WIDTH="93" HEIGHT="50" WC="0.95" CONTENT="que"/><SP WIDTH="35" VPOS="1608" HPOS="337"/>
						<String ID="string_164" HPOS="372" VPOS="1593" WIDTH="117" HEIGHT="47" WC="0.93" CONTENT="leurs"/><SP WIDTH="19" VPOS="1593" HPOS="489"/>
						<String ID="string_165" HPOS="508" VPOS="1596" WIDTH="142" HEIGHT="45" WC="0.85" CONTENT="Âmes"/><SP WIDTH="21" VPOS="1596" HPOS="650"/>
						<String ID="string_166" HPOS="671" VPOS="1591" WIDTH="149" HEIGHT="52" WC="0.92" CONTENT="foient"/><SP WIDTH="12" VPOS="1591" HPOS="820"/>
						<String ID="string_167" HPOS="832" VPOS="1591" WIDTH="241" HEIGHT="66" WC="0.89" CONTENT="fçauantes"/><SP WIDTH="14" VPOS="1591" HPOS="1073"/>
						<String ID="string_168" HPOS="1087" VPOS="1612" WIDTH="62" HEIGHT="46" WC="0.95" CONTENT="ny"/><SP WIDTH="18" VPOS="1612" HPOS="1149"/>
						<String ID="string_169" HPOS="1167" VPOS="1593" WIDTH="166" HEIGHT="55" WC="0.96" CONTENT="libres,"/>
					</TextLine>
					<TextLine ID="line_23" HPOS="142" VPOS="1607" WIDTH="1192" HEIGHT="120">
						<String ID="string_170" HPOS="142" VPOS="1607" WIDTH="110" HEIGHT="114" WC="0.47" CONTENT="Bien"/><SP WIDTH="24" VPOS="1607" HPOS="252"/>
						<String ID="string_171" HPOS="276" VPOS="1672" WIDTH="93" HEIGHT="54" WC="0.96" CONTENT="que"/><SP WIDTH="31" VPOS="1672" HPOS="369"/>
						<String ID="string_172" HPOS="400" VPOS="1674" WIDTH="117" HEIGHT="30" WC="0.91" CONTENT="nous"/><SP WIDTH="32" VPOS="1674" HPOS="517"/>
						<String ID="string_173" HPOS="549" VPOS="1659" WIDTH="236" HEIGHT="49" WC="0.90" CONTENT="eftimions"/><SP WIDTH="21" VPOS="1659" HPOS="785"/>
						<String ID="string_174" HPOS="806" VPOS="1662" WIDTH="191" HEIGHT="65" WC="0.80" CONTENT="qu&#39;elles"/><SP WIDTH="30" VPOS="1662" HPOS="997"/>
						<String ID="string_175" HPOS="1027" VPOS="1658" WIDTH="196" HEIGHT="69" WC="0.92" CONTENT="penfent"/><SP WIDTH="26" VPOS="1658" HPOS="1223"/>
						<String ID="string_176" HPOS="1249" VPOS="1656" WIDTH="85" HEIGHT="49" WC="0.96" CONTENT="dés"/>
					</TextLine>
					<TextLine ID="line_24" HPOS="142" VPOS="1717" WIDTH="1191" HEIGHT="79">
						<String ID="string_177" HPOS="142" VPOS="1745" WIDTH="52" HEIGHT="28" WC="0.82" CONTENT="ce"/><SP WIDTH="19" VPOS="1745" HPOS="194"/>
						<String ID="string_178" HPOS="213" VPOS="1717" WIDTH="227" HEIGHT="79" WC="0.89" CONTENT="temps-là."/><SP WIDTH="40" VPOS="1717" HPOS="440"/>
						<String ID="string_179" HPOS="480" VPOS="1723" WIDTH="226" HEIGHT="65" WC="0.81" CONTENT="Etiln&#39;ya"/><SP WIDTH="15" VPOS="1723" HPOS="706"/>
						<String ID="string_180" HPOS="721" VPOS="1743" WIDTH="77" HEIGHT="46" WC="0.96" CONTENT="pas"/><SP WIDTH="20" VPOS="1743" HPOS="798"/>
						<String ID="string_181" HPOS="818" VPOS="1727" WIDTH="58" HEIGHT="44" WC="0.96" CONTENT="de"/><SP WIDTH="13" VPOS="1727" HPOS="876"/>
						<String ID="string_182" HPOS="889" VPOS="1727" WIDTH="144" HEIGHT="45" WC="0.96" CONTENT="doute"/><SP WIDTH="14" VPOS="1727" HPOS="1033"/>
						<String ID="string_183" HPOS="1047" VPOS="1743" WIDTH="96" HEIGHT="45" WC="0.93" CONTENT="que"/><SP WIDTH="21" VPOS="1743" HPOS="1143"/>
						<String ID="string_184" HPOS="1164" VPOS="1731" WIDTH="44" HEIGHT="38" WC="0.56" CONTENT="$."/><SP WIDTH="17" VPOS="1731" HPOS="1208"/>
						<String ID="string_185" HPOS="1225" VPOS="1727" WIDTH="108" HEIGHT="41" WC="0.92" CONTENT="Au-"/>
					</TextLine>
					<TextLine ID="line_25" HPOS="142" VPOS="1784" WIDTH="1317" HEIGHT="76">
						<String ID="string_186" HPOS="142" VPOS="1794" WIDTH="188" HEIGHT="66" WC="0.84" CONTENT="guftin,"/><SP WIDTH="15" VPOS="1794" HPOS="330"/>
						<String ID="string_187" HPOS="345" VPOS="1791" WIDTH="248" HEIGHT="68" WC="0.88" CONTENT="parlemot"/><SP WIDTH="14" VPOS="1791" HPOS="593"/>
						<String ID="string_188" HPOS="607" VPOS="1791" WIDTH="58" HEIGHT="48" WC="0.93" CONTENT="de"/><SP WIDTH="16" VPOS="1791" HPOS="665"/>
						<String ID="string_189" HPOS="681" VPOS="1784" WIDTH="654" HEIGHT="64" WC="0.27" CONTENT="Volonté,aentendul&#39;vfa-"/><SP WIDTH="54" VPOS="1784" HPOS="1335"/>
						<String ID="string_190" HPOS="1389" VPOS="1820" WIDTH="4" HEIGHT="2" WC="0.63" CONTENT="-"/><SP WIDTH="58" VPOS="1820" HPOS="1393"/>
						<String ID="string_191" HPOS="1451" VPOS="1802" WIDTH="8" HEIGHT="10" WC="0.90" CONTENT=":"/>
					</TextLine>
					<TextLine ID="line_26" HPOS="146" VPOS="1857" WIDTH="1189" HEIGHT="70">
						<String ID="string_192" HPOS="146" VPOS="1879" WIDTH="66" HEIGHT="48" WC="0.93" CONTENT="ge"/><SP WIDTH="19" VPOS="1879" HPOS="212"/>
						<String ID="string_193" HPOS="231" VPOS="1858" WIDTH="314" HEIGHT="60" WC="0.90" CONTENT="delaliberté,"/><SP WIDTH="23" VPOS="1858" HPOS="545"/>
						<String ID="string_194" HPOS="568" VPOS="1861" WIDTH="209" HEIGHT="47" WC="0.31" CONTENT="d&#39;autant"/><SP WIDTH="28" VPOS="1861" HPOS="777"/>
						<String ID="string_195" HPOS="805" VPOS="1857" WIDTH="530" HEIGHT="68" WC="0.35" CONTENT="qu&#39;ilnediftinguepss"/>
					</TextLine>
					<TextLine ID="line_27" HPOS="151" VPOS="1921" WIDTH="1180" HEIGHT="58">
						<String ID="string_196" HPOS="151" VPOS="1928" WIDTH="64" HEIGHT="51" WC="0.92" CONTENT="les"/><SP WIDTH="11" VPOS="1928" HPOS="215"/>
						<String ID="string_197" HPOS="226" VPOS="1927" WIDTH="199" HEIGHT="52" WC="0.92" CONTENT="facultez"/><SP WIDTH="22" VPOS="1927" HPOS="425"/>
						<String ID="string_198" HPOS="447" VPOS="1927" WIDTH="58" HEIGHT="49" WC="0.93" CONTENT="de"/><SP WIDTH="25" VPOS="1927" HPOS="505"/>
						<String ID="string_199" HPOS="530" VPOS="1928" WIDTH="152" HEIGHT="48" WC="0.83" CONTENT="l’Ame"/><SP WIDTH="14" VPOS="1928" HPOS="682"/>
						<String ID="string_200" HPOS="696" VPOS="1928" WIDTH="155" HEIGHT="48" WC="0.87" CONTENT="d’auec"/><SP WIDTH="21" VPOS="1928" HPOS="851"/>
						<String ID="string_201" HPOS="872" VPOS="1924" WIDTH="355" HEIGHT="52" WC="0.43" CONTENT="l’Amemefme."/><SP WIDTH="29" VPOS="1924" HPOS="1227"/>
						<String ID="string_202" HPOS="1256" VPOS="1921" WIDTH="75" HEIGHT="50" WC="0.79" CONTENT="Ila"/>
					</TextLine>
					<TextLine ID="line_28" HPOS="149" VPOS="1989" WIDTH="1176" HEIGHT="74">
						<String ID="string_203" HPOS="149" VPOS="1995" WIDTH="168" HEIGHT="49" WC="0.93" CONTENT="decidé"/><SP WIDTH="23" VPOS="1995" HPOS="317"/>
						<String ID="string_204" HPOS="340" VPOS="1994" WIDTH="284" HEIGHT="69" WC="0.88" CONTENT="luy-mefme"/><SP WIDTH="20" VPOS="1994" HPOS="624"/>
						<String ID="string_205" HPOS="644" VPOS="1994" WIDTH="42" HEIGHT="48" WC="0.93" CONTENT="la"/><SP WIDTH="14" VPOS="1994" HPOS="686"/>
						<String ID="string_206" HPOS="700" VPOS="1994" WIDTH="214" HEIGHT="67" WC="0.92" CONTENT="queftion"/><SP WIDTH="12" VPOS="1994" HPOS="914"/>
						<String ID="string_207" HPOS="926" VPOS="1994" WIDTH="167" HEIGHT="49" WC="0.91" CONTENT="dansle"/><SP WIDTH="34" VPOS="1994" HPOS="1093"/>
						<String ID="string_208" HPOS="1127" VPOS="2012" WIDTH="32" HEIGHT="41" WC="0.21" CONTENT="$."/><SP WIDTH="35" VPOS="2012" HPOS="1159"/>
						<String ID="string_209" HPOS="1194" VPOS="1989" WIDTH="131" HEIGHT="50" WC="0.92" CONTENT="Cha-"/>
					</TextLine>
					<TextLine ID="line_29" HPOS="150" VPOS="2058" WIDTH="1474" HEIGHT="71">
						<String ID="string_210" HPOS="150" VPOS="2064" WIDTH="283" HEIGHT="65" WC="0.43" CONTENT="pitredu:4."/><SP WIDTH="35" VPOS="2064" HPOS="433"/>
						<String ID="string_211" HPOS="468" VPOS="2068" WIDTH="139" HEIGHT="45" WC="0.92" CONTENT="Liure"/><SP WIDTH="20" VPOS="2068" HPOS="607"/>
						<String ID="string_212" HPOS="627" VPOS="2063" WIDTH="46" HEIGHT="48" WC="0.96" CONTENT="de"/><SP WIDTH="18" VPOS="2063" HPOS="673"/>
						<String ID="string_213" HPOS="691" VPOS="2064" WIDTH="42" HEIGHT="47" WC="0.72" CONTENT="la"/><SP WIDTH="22" VPOS="2064" HPOS="733"/>
						<String ID="string_214" HPOS="755" VPOS="2061" WIDTH="185" HEIGHT="60" WC="0.93" CONTENT="Trinité,"/><SP WIDTH="37" VPOS="2061" HPOS="940"/>
						<String ID="string_215" HPOS="977" VPOS="2059" WIDTH="65" HEIGHT="50" WC="0.96" CONTENT="où"/><SP WIDTH="22" VPOS="2059" HPOS="1042"/>
						<String ID="string_216" HPOS="1064" VPOS="2060" WIDTH="33" HEIGHT="47" WC="0.96" CONTENT="il"/><SP WIDTH="21" VPOS="2060" HPOS="1097"/>
						<String ID="string_217" HPOS="1118" VPOS="2058" WIDTH="205" HEIGHT="60" WC="0.95" CONTENT="conclut,"/><SP WIDTH="20" VPOS="2058" HPOS="1323"/>
						<String ID="string_218" HPOS="1343" VPOS="2085" WIDTH="74" HEIGHT="29" WC="0.82" CONTENT="Non"/><SP WIDTH="26" VPOS="2085" HPOS="1417"/>
						<String ID="string_219" HPOS="1443" VPOS="2083" WIDTH="135" HEIGHT="40" WC="0.90" CONTENT="ignorare"/><SP WIDTH="16" VPOS="2083" HPOS="1578"/>
						<String ID="string_220" HPOS="1594" VPOS="2084" WIDTH="30" HEIGHT="29" WC="0.89" CONTENT="fe"/>
					</TextLine>
				</TextBlock>
				<TextBlock ID="block_1" HPOS="151" VPOS="2122" WIDTH="1470" HEIGHT="143">
					<TextLine ID="line_30" HPOS="151" VPOS="2122" WIDTH="1470" HEIGHT="87">
						<String ID="string_221" HPOS="151" VPOS="2126" WIDTH="186" HEIGHT="71" WC="0.91" CONTENT="parlant"/><SP WIDTH="17" VPOS="2126" HPOS="337"/>
						<String ID="string_222" HPOS="354" VPOS="2133" WIDTH="56" HEIGHT="46" WC="0.93" CONTENT="de"/><SP WIDTH="20" VPOS="2133" HPOS="410"/>
						<String ID="string_223" HPOS="430" VPOS="2132" WIDTH="154" HEIGHT="51" WC="0.63" CONTENT="l&#39;Ame"/><SP WIDTH="17" VPOS="2132" HPOS="584"/>
						<String ID="string_224" HPOS="601" VPOS="2133" WIDTH="76" HEIGHT="50" WC="0.93" CONTENT="des"/><SP WIDTH="28" VPOS="2133" HPOS="677"/>
						<String ID="string_225" HPOS="705" VPOS="2129" WIDTH="200" HEIGHT="74" WC="0.93" CONTENT="Enfans,"/><SP WIDTH="26" VPOS="2129" HPOS="905"/>
						<String ID="string_226" HPOS="931" VPOS="2127" WIDTH="261" HEIGHT="82" WC="0.93" CONTENT="Qu&#39;elle"/><SP WIDTH="-75" VPOS="2127" HPOS="1192"/>
						<String ID="string_227" HPOS="1117" VPOS="2122" WIDTH="69" HEIGHT="91" WC="0.94" CONTENT="ne"/><SP WIDTH="28" VPOS="2122" HPOS="1186"/>
						<String ID="string_228" HPOS="1214" VPOS="2145" WIDTH="110" HEIGHT="53" WC="0.95" CONTENT="peut"/><SP WIDTH="12" VPOS="2145" HPOS="1324"/>
						<String ID="string_229" HPOS="1336" VPOS="2122" WIDTH="285" HEIGHT="79" WC="0.27" CONTENT="PR"/><SP WIDTH="-188" VPOS="2122" HPOS="1621"/>
						<String ID="string_230" HPOS="1433" VPOS="2118" WIDTH="66" HEIGHT="87" WC="0.54" CONTENT="non"/><SP WIDTH="7" VPOS="2118" HPOS="1499"/>
						<String ID="string_231" HPOS="1506" VPOS="2118" WIDTH="73" HEIGHT="87" WC="0.15" CONTENT="por"/>
					</TextLine>
					<TextLine ID="line_31" HPOS="1039" VPOS="2202" WIDTH="105" HEIGHT="63">
						<String ID="string_232" HPOS="1039" VPOS="2202" WIDTH="34" HEIGHT="47" WC="0.78" CONTENT="©"/><SP WIDTH="23" VPOS="2202" HPOS="1073"/>
						<String ID="string_233" HPOS="1096" VPOS="2215" WIDTH="48" HEIGHT="50" WC="0.49" CONTENT="ii]"/>
					</TextLine>
				</TextBlock>
			</PrintSpace>
		</Page>
	</Layout>
</alto>
