1776 2528
558 166 2 2 |
826 102 388 50 PREFACE

361 174 95 50 toft
469 170 176 53 accufer
659 171 66 48 les
743 168 215 69 préiugez
980 171 58 48 de
1058 170 97 49 leur
1179 167 175 70 Efprit,
1373 171 93 67 que
1488 173 182 62 rejette

356 244 54 47 Ja
433 242 124 48 faute
572 238 73 49 fur
669 239 116 49 leurs
807 239 347 58 Autheurs,.ou
1176 236 72 49 fur
1269 237 43 48 la
1333 238 262 52 nouueauté
1612 240 59 49 de

353 310 128 51 leurs
501 311 247 62 opinions,
783 307 159 68 quand
965 306 52 47 ils
1036 323 60 33 ne
1115 306 62 47 les
1199 306 252 48 entendent
1470 322 114 51 pas,
1605 323 65 33 ou

358 376 143 65 qu'ils
522 394 58 28 ne
600 374 62 50 les
690 388 203 52 peuuent
920 372 205 68 goufter.
1157 377 130 46 Mais
1308 378 292 47 neanmoins
1617 377 55 48 ie

356 462 123 34 veux
475 435 111 78 bien
604 440 279 69 croirequ'il
904 442 105 47 n’en
1027 440 61 47 eft
1108 458 80 49 pas
1210 440 58 50 de
1288 440 176 51 mefme
1483 445 100 61 icy
1554 435 40 78 ;
1604 444 67 47 Et

360 528 90 49 que
464 524 129 33 toute
608 508 42 47 la
671 506 125 50 faute
820 507 353 54 doitretomber
1188 505 71 52 fur
1283 526 140 48 moy,
1442 507 35 49 fi
1498 512 43 47 ie
1563 510 109 63 n’ay

351 596 94 49 peu
468 595 80 29 me
573 577 163 47 rendre
752 573 114 51 affez
885 574 282 67 intelligible
1187 591 118 51 pour
1328 594 81 30 me
1439 574 114 52 faire
1584 593 87 33 en-

347 645 189 57 tendre,
554 662 63 35 ou
640 641 34 49 fi
701 647 41 48 ie
763 644 104 62 n'ay
889 642 327 66 pas.employé
1242 643 77 47 des
1342 641 184 53 raifons
1553 642 119 51 affez

348 709 148 51 fortes
508 710 192 69 pourles
713 712 288 51 conuaincre.
1029 712 58 47 Je
1099 706 104 67 fçay
1217 709 111 67 qu'il
1349 709 60 48 eft
1421 711 63 48 du
1509 710 164 51 deuoir

358 781 57 47 de
439 798 111 31 ceux
569 782 97 63 .qui
704 774 310 69 compofent,
1038 777 65 48 de
1124 775 186 50 tafcher
1343 793 162 34 autant
1535 778 135 67 qu'ils

356 862 202 52 peuuent
570 846 56 47 de
650 840 235 78 contenter
899 844 73 47 les
991 847 250 56 Leéteurs,
1260 854 54 41 &
1345 846 57 47 de
1423 846 122 48 leuer
1560 863 112 31 tous

356 916 63 46 les
440 912 226 68 fcrupules
690 916 82 63 qui
795 914 250 64 pouroient
1067 911 61 48 les
1149 912 208 54 arrefter;
1384 913 120 49 C'eft
1525 931 146 49 pour-

357 1000 128 51 quoy
498 985 41 43 ie
551 997 117 32 veux
680 979 165 64 effayer
857 997 58 30 en
938 995 118 32 cette
1076 977 187 55 Preface
1287 980 58 52 de
1365 978 222 51 fatisfaire
1611 999 60 33 en

356 1045 196 75 quelque
569 1051 203 45 maniere
786 1065 69 38 ces
865 1050 114 53 trois
992 1065 63 30 ou
1069 1062 162 52 quatre
1243 1044 140 50 fortes
1395 1049 57 46 de
1474 1043 179 75 perfon-

345 1135 115 39 nes,
484 1119 331 64 quipouront,
836 1118 244 51 commelie
1101 1132 136 48 croy,
1262 1130 187 40 trouuer
1466 1111 203 80 quelque

342 1183 150 52 chofe
487 1176 27 78 à
541 1185 145 47 redire
706 1201 55 31 en
764 1202 61 29 ce
839 1199 91 51 que
944 1183 84 65 l'ay
1044 1181 122 57 écrit.

445 1257 60 43 Et
524 1269 119 49 pour
656 1268 296 37 commencer
973 1268 80 48 par
1070 1250 65 48 les
1154 1253 219 66 premiers
1386 1251 109 48 c'eft
1517 1250 26 49 à
1562 1249 109 65 fça-

339 1322 115 46 Moir
475 1338 110 30 ceux
604 1321 154 64 quine
773 1316 356 49 cherchentrien
1149 1333 129 32 autre
1301 1315 143 52 chofe
1465 1318 115 50 dans
1603 1320 65 50 les

351 1378 160 78 Liures
523 1378 97 78 que
651 1385 40 48 la
715 1382 155 69 pureté
889 1385 61 47 du
967 1383 239 68 langage,
1239 1394 46 39 &
1309 1390 84 62 qui
1417 1404 59 32 ne
1505 1389 159 51 s'atta-

350 1453 141 49 chent
515 1450 107 69 qu'à
644 1469 111 31 ceux
776 1450 64 49 où
861 1450 53 49 ils
934 1467 303 33 rencontrent
1259 1453 78 48 des
1360 1455 302 66 periodes'iu-

340 1521 118 59 fes,
485 1529 44 40 &
545 1521 77 47 des
644 1518 179 67 paroles
836 1519 109 49 bien
965 1516 193 50 choîïfies
1179 1539 11 33 ;
1218 1522 186 47 l'auouë
1428 1539 92 48 que
1544 1524 117 46 i’au-

324 1594 116 53 rois
470 1586 96 51 fort
597 1582 233 52 fouhaitté
858 1585 57 48 de
938 1585 102 52 leur
1070 1587 181 48 donner
1282 1587 42 51 la
1368 1585 293 56 fatisfaction

346 1658 137 65 qu’ils
504 1651 200 53 defirent
728 1673 11 34 ;
771 1656 125 47 Mais
915 1653 98 48 cela
1037 1657 154 47 auroit
1223 1653 86 50 efté
1327 1654 113 54 bien
1467 1656 195 51 difficile

342 1722 29 50 à
391 1742 64 31 vn
473 1728 220 45 Homme
716 1725 84 62 qui
818 1740 25 30 a
862 1720 120 69 paflé
1000 1719 192 71 prefque
1215 1739 105 31 tout
1350 1725 42 43 le
1419 1737 150 53 temps
1601 1725 58 51 de

343 1789 48 49 fa
416 1796 74 45 vie
513 1788 188 68 éloigné
720 1791 62 47 de
805 1790 41 47 la
867 1797 130 41 Cour
1021 1799 44 36 &
1090 1790 58 62 de
1166 1787 308 58 l’Academie;
1501 1796 158 45 Outre

344 1874 94 51 que
458 1860 42 48 la
524 1862 192 45 matiere
735 1871 90 49 que
848 1857 158 45 f'auois
1026 1851 27 51 à
1072 1857 178 46 traitter
1282 1873 60 32 ne
1372 1876 77 30 me
1482 1859 42 47 Le
1554 1879 105 49 per-

343 1931 195 44 mettoit
554 1943 104 50 pas;
682 1932 45 41 &
751 1921 314 68 quem'eftant
1095 1921 228 53 toufiours
1350 1926 104 66 plus
1476 1924 185 52 attaché

339 2010 93 37 aux
448 1993 158 51 chofes
627 1995 168 68 qu'aux
814 1990 208 69 paroles,
1057 1993 179 66 faycrû
1271 2010 110 31 auec
1412 1993 249 51 Monfieur

341 2059 239 55 Defcartes
607 2081 93 49 que
729 2060 300 68 l'Eloquence
1054 2060 59 48 eft
1137 2079 66 32 vn
1240 2062 103 47 don
1382 2061 59 46 de
1478 2059 184 72 l'Efprit

337 2128 181 74 plütoft
550 2135 148 69 quvn
731 2127 111 73 fruit
879 2129 63 55 de
983 2125 202 73 l'étude
1155 2121 29 83 ;
1206 2133 61 53 Et
1306 2143 94 54 que
1429 2147 129 38 ceux:
1582 2136 87 67 qui
