1776 2528
1337 147 1365 179 9

1135 2229 1166 2274 B

290 142 368 175 DE
415 124 717 172 L'ESPRIT
752 135 831 169 DE
872 121 1198 172 L'HOMME.

117 194 241 245 eure
271 196 329 242 de
356 192 604 242 exience
640 191 717 237 des
759 188 917 238 choes
951 189 1166 239 enbles
1197 229 1210 249 ,
1245 196 1365 258 puis

118 264 231 331 qu'il
244 282 304 311 ne
316 261 455 310 eroit
480 280 557 328 pas
581 257 849 326 impoible
872 260 987 327 qu'il
1012 259 1103 307 eu
1130 275 1281 307 toutes
1303 261 1366 310 les

116 330 312 379 memes
325 328 511 398 penes
527 328 640 402 qu'il
657 346 681 375 a
695 365 708 385 ,
734 337 779 375 &
804 345 896 394 que
918 329 979 375 les
1007 326 1165 375 choes
1195 329 1272 393 luy
1293 348 1373 396 pa

116 400 288 449 ruent
309 401 368 447 de
389 399 433 445 la
456 398 631 446 meme
651 394 798 458 faon
819 396 1006 462 qu'elles
1038 393 1146 444 font
1159 436 1172 453 ,
1205 398 1370 463 quand

118 467 228 515 bien
250 465 427 516 meme
464 483 616 513 aucun
650 463 778 525 objet
809 469 1030 511 exterieur
1058 482 1117 511 ne
1149 461 1372 530 fraperoit

312 558 320 583 :
336 539 450 583 mais
469 534 533 580 du
554 536 714 579 moins
736 532 860 578 direz
885 549 1002 579 vous
1017 569 1030 588 ,
1053 532 1154 579 on
1178 550 1236 579 ne
1260 549 1371 599 peut
117 534 183 582 es
196 534 296 582 ens

117 622 197 669 pas
211 605 377 649 douter
390 601 467 646 des
478 603 652 647 veritez
670 598 1073 665 Mathematiques
1077 635 1096 656 ,
1119 616 1199 664 par
1221 618 1373 647 exem

117 670 194 736 ple
216 686 308 734 que
328 669 448 715 deux
474 675 518 713 &
544 669 657 712 trois
679 682 740 712 ne
761 662 913 714 oient
949 670 1061 732 cinq
1087 702 1100 723 ,
1138 674 1183 713 &
1222 679 1372 733 qu'vn

333 2162 377 2202 &
550 2159 690 2230 pene
710 2159 826 2227 qu'il
849 2170 926 2223 n'y
950 2174 974 2204 a
996 2159 1094 2206 rien
1118 2155 1175 2203 de
1196 2161 1386 2215 certain,
140 2147 204 2196 de
209 2165 318 2199 tout
495 2165 536 2209 ie
392 2175 484 2222 que

121 737 321 803 triangle
342 737 419 784 n'a
442 750 536 801 que
557 736 671 780 trois
696 733 845 781 coez
861 755 872 787 ;
899 735 1124 781 I'aduoe
1140 750 1232 798 que
1252 754 1371 800 pen

123 805 237 853 dant
250 821 341 870 que
359 801 551 865 j'arree
567 818 684 850 mon
708 799 845 868 eprit
868 800 938 850 ur
961 801 1003 849 la
1026 799 1373 851 conderation

124 872 182 919 de
200 872 491 939 quelqu'vne
515 870 572 917 de
593 888 662 916 ces
693 876 866 919 veritez
882 908 896 928 ,
925 875 966 917 ie
987 889 1045 919 ne
1064 874 1167 936 puis
1199 873 1373 918 m'em

407 940 450 986 la
473 941 619 985 croire
635 957 645 989 ;
674 943 791 985 mais
869 938 958 986 to
979 955 1068 1003 que
1089 943 1130 985 ie
1162 940 1252 986 en
1288 936 1375 985 d
126 938 307 1004 pecher
328 941 386 987 de

127 1019 293 1055 tourne
314 1024 417 1055 tant
439 1005 528 1054 oit
554 1022 642 1071 peu
656 1042 668 1061 ,
706 1014 751 1053 &
779 1024 872 1074 que
896 1011 937 1054 ie
963 1025 1097 1073 prens
1119 1007 1260 1072 garde
1285 1023 1377 1073 que

127 1074 340 1138 plueurs
366 1074 410 1123 e
430 1073 537 1122 ont
567 1089 783 1140 trompez
810 1076 924 1123 dans
948 1077 1025 1122 des
1049 1073 1206 1122 choes
1239 1075 1377 1141 qu'ils

128 1158 186 1187 ne
208 1148 449 1209 croyoient
474 1160 553 1209 pas
578 1145 737 1188 moins
769 1144 1004 1194 euidentes
1025 1180 1038 1199 ,
1073 1152 1119 1190 &
1153 1161 1245 1206 que
1285 1142 1380 1188 cela

131 1350 212 1409 qui
229 1365 343 1413 pour
367 1346 453 1395 on
476 1341 627 1412 plair
651 1363 715 1391 ou
735 1363 853 1411 pour
873 1346 1067 1395 autres
1089 1342 1263 1392 raions
1288 1362 1380 1410 que

131 1413 171 1457 ie
208 1431 265 1460 ne
288 1412 391 1478 ay
419 1434 497 1481 pas
521 1453 533 1472 ,
559 1435 583 1462 a
608 1418 671 1483 p
703 1432 780 1460 me
814 1414 1034 1479 produire
1075 1413 1133 1461 de
1160 1413 1266 1460 telle
1295 1432 1383 1461 na

131 1493 231 1525 ture
260 1498 352 1545 que
388 1486 430 1528 ie
462 1483 671 1532 m'abue
695 1482 808 1529 dans
832 1501 879 1528 ce
910 1485 993 1558 qui
1025 1499 1102 1528 me
1138 1481 1308 1547 paroi
1341 1480 1381 1527 le

132 1543 235 1608 plus
250 1549 439 1595 euident
453 1585 465 1604 ,
482 1550 513 1596 il
527 1570 605 1598 me
618 1549 796 1599 emble
812 1567 904 1615 que
928 1569 968 1596 ie
990 1553 1089 1615 puis
1111 1550 1277 1601 douter
1303 1550 1378 1594 des

133 1614 305 1659 veritez
863 1617 973 1665 bien
999 1634 1090 1682 que
1113 1617 1189 1664 des
1214 1632 1377 1662 autres.
321 1615 725 1684 Mathematiques
739 1617 848 1665 aui

577 1685 785 1746 quelque
806 1685 1105 1729 malheureux
1130 1679 1281 1729 Athe
1301 1684 1384 1745 qui
251 1679 318 1727 s'il
133 1682 239 1749 Que
333 1676 375 1726 e
388 1695 554 1727 trouue

136 1750 256 1793 aime
269 1752 428 1796 mieux
443 1748 608 1796 douter
623 1749 734 1797 vn
746 1752 868 1795 Dieu
949 1747 1149 1812 puiant
1175 1761 1266 1812 que
1287 1746 1385 1793 a

137 1819 282 1862 uoer
306 1834 397 1883 que
418 1834 573 1866 toutes
599 1813 758 1866 choes
781 1812 888 1863 ont
1247 1814 1384 1880 quel
907 1816 1184 1863 incertaines
1196 1850 1210 1873 ,

139 1883 348 1945 qu'autre
370 1884 498 1934 caue
523 1886 651 1935 enfin
678 1884 790 1953 qu'il
809 1884 1003 1952 apporte
1023 1883 1080 1931 de
1103 1901 1222 1930 mon
1258 1880 1384 1942 ere,

367 1952 460 2002 era
818 1963 861 2000 &
876 1953 987 2017 plus
1013 1952 1212 2015 aurayie
1234 1949 1388 2002 raion
140 1948 241 2011 plus
255 1951 340 1999 elle
492 1951 763 2021 imparfaite
776 1990 790 2008 ,

141 2014 200 2060 de
213 2023 356 2067 croire
377 2039 468 2087 que
489 2028 530 2072 ie
549 2024 592 2071 le
612 2020 698 2071 uis
723 2018 837 2068 aez
856 2035 977 2083 pour
999 2036 1076 2064 me
1101 2033 1308 2084 tromper
1329 2039 1385 2069 en

139 2096 295 2130 toutes
319 2087 492 2140 choes.
551 2097 676 2142 Mais
700 2089 908 2159 pendant
933 2104 1023 2154 que
1046 2092 1086 2134 ie
1108 2086 1252 2134 doute
1272 2089 1386 2137 ain

129 1211 253 1257 m'e
271 1211 379 1259 aui
395 1206 695 1277 quelquefois
710 1208 856 1255 arriu
865 1240 877 1261 ;
893 1227 956 1256 ou
971 1208 1182 1276 qu'enfin
1204 1208 1247 1255 la
1267 1226 1378 1274 pen

1096 1295 1154 1324 en
1177 1275 1379 1344 Eprit,
129 1272 197 1323 e
209 1280 320 1327 vn
473 1276 839 1341 Toutpuiant
337 1285 460 1328 Dieu
940 1282 1071 1326 vient
854 1296 929 1324 me
