1776 2528
321 114 89 34 DE
448 95 297 52 L'ESPRIT
782 97 70 49 DE
889 95 326 52 LHOMME
1297 105 89 59 33

144 169 60 47 fes
230 166 197 49 mefmes
449 181 332 33 mouuements
803 162 43 50 fe
878 163 109 49 font
1016 182 110 31 auec
1162 167 224 49 connoif-

145 234 132 51 fance
290 245 45 39 &
350 234 173 50 deffein
537 271 14 21 ,
559 234 92 58 s'ils
668 231 364 65 difentqu'ilsne
1049 232 43 48 la
1124 230 263 66 fçauroient

145 302 317 52 reconnoiltre
482 303 53 47 ils
560 309 208 40 auouënt
789 319 58 31 en
868 298 176 50 mefme
1065 317 159 51 temps
1250 305 135 62 qu'ils

145 388 87 32 ont
263 387 95 33 tort
381 373 58 46 de
469 372 98 47 dire
598 386 94 51 que
723 369 62 48 les
815 367 245 51 veritables
1091 368 177 49 Chiens
1301 391 86 29 ce

144 439 263 68 gnoiflent,
435 443 106 62 puis
554 438 134 66 qu'ils
708 455 60 30 ne
788 452 297 50 remarquent
1108 455 78 48 pas
1210 455 67 30 en
1300 458 87 34 eux

142 505 314 68 plusdefigne
470 508 58 46 de
544 504 354 57 connoiffance,
920 521 89 47 que
1033 504 117 48 dans
1168 521 92 32 vne
1281 525 105 31 ma-

143 575 566 64 chinequin’enapoint,
733 579 44 38 &
779 566 102 64 s'ils
904 563 189 77 penfent
1123 568 262 74 remarquer

143 656 122 33 cette
276 639 246 58 machine,
539 638 106 48 &la
662 637 283 67 diftinguer,
966 641 43 44 ie
1026 636 97 49 leur
1154 639 250 50 demande

144 726 80 48 par
238 707 110 69 quel
371 703 155 70 figne:
554 723 73 31 car
624 697 59 83 il
692 704 74 49 eft
789 708 200 50 certain,
1009 722 90 49 que
1122 724 50 30 ce
1198 724 59 30 ne
1281 705 119 51 font.

145 794 77 49 pas
249 794 64 46 ny
339 791 105 32 tous
455 773 80 50 fes
556 790 363 42 mouuements.,
942 791 63 47 ny
1024 788 105 33 tous
1149 774 64 47 les
1235 772 170 70 fignes.

147 842 308 69 despaflions,
466 848 103 62 puis
587 859 90 48 que
688 860 122 41 nous
828 838 259 71 fuppofons
1108 842 165 65 qu'elle
1286 848 120 45 imi-

149 925 44 33 te
228 909 336 71 parfaitement
588 926 106 32 tout
722 930 50 29 ce
791 927 90 47 que
914 912 124 46 feroit
1061 927 65 31 vn
1152 910 182 55 Chien,
1363 911 44 50 à.

148 977 246 51 l'oécafion
406 979 77 48 des
491 977 199 49 mefmes
702 977 165 67 objets.
901 976 146 66 Quels
1055 974 192 52 font-ils
1261 980 128 49 donc

150 1064 67 30 ces
230 1040 185 79 fignes?>
422 1051 75 43 Ie
514 1064 120 31 veux
658 1045 109 49 bien
789 1046 95 46 leur
906 1046 286 66 apprendre;
1209 1047 66 47 s'il
1306 1065 27 46 y
1364 1065 48 30 a:

152 1131 61 30 vn
226 1119 222 63 principe
469 1115 58 47 de
556 1112 330 50 connoiffance
914 1114 113 46 dans
1059 1112 43 48 le
1132 1113 191 59 Chien,
1357 1114 50 48 il:

151 1172 97 80 doit
260 1200 114 48 vray
401 1179 402 65 femblablement
820 1181 130 45 auoir
986 1180 55 46 la
1055 1177 183 49 faculté
1259 1181 70 46 de
1347 1179 63 49 fe:

150 1249 302 55 manifefter:.
469 1254 82 45 Or
568 1247 288 64 fe-fouftiens
878 1246 115 68 qu'il
1025 1265 59 30 ne
1117 1246 58 47 Le
1188 1244 222 66 fçauroit.

150 1313 110 52 faire
275 1322 139 63 qu’en
440 1317 211 67 parlant,
673 1316 99 48 c'eft
796 1314 24 49 à
831 1315 135 56 dire,
992 1333 69 31 en.
1076 1315 335 50 determinant.

150 1382 62 50 lës
237 1386 338 66 changements
604 1387 57 47 de
684 1383 42 50 fa
736 1388 147 54 voix,
908 1381 66 49 où
998 1383 225 67 quelques
1245 1399 166 36 autres:

151 1455 183 45 actions
349 1455 58 45 de
419 1451 87 51 fon
515 1444 155 80 Corps,
680 1451 41 60 à
736 1451 111 49 cftre
860 1452 76 47 des
955 1448 157 69 fignes
1129 1451 58 47 de
1199 1449 63 50 fes
1273 1470 119 48 pen-

148 1514 91 51 fées
264 1554 13 19 ,
290 1528 62 37 &
378 1521 77 46 des
454 1510 176 81 fignes
643 1510 95 81 qui
756 1538 60 31 ne
836 1517 152 50 foient
1021 1537 85 48 pas
1136 1516 275 66 feulement:

147 1583 229 56 naturels,
392 1591 113 41 mais
519 1596 255 39 moraux
723 1579 35 67 &
790 1588 240 68 purement
1062 1585 348 48 d'inftitution:

152 1651 216 46 d'autant
392 1666 93 49 que
504 1651 63 45 les
579 1651 364 50 connoiflances
968 1662 44 37 &
1040 1652 63 46 les
1124 1650 192 48 deffeins
1338 1653 75 45 de:

152 1716 43 48 là
207 1716 137 51 chofe
367 1720 83 66 qui
469 1715 138 70 penfe
628 1710 137 80 n'ont
772 1710 183 80 aucune
965 1714 184 47 liaifon
1151 1714 257 52 neceffai-.

153 1800 46 31 re
219 1804 110 30 auec
351 1785 63 48 les
448 1789 183 46 actions
662 1787 85 66 qui
774 1782 62 49 les
868 1798 390 52 accompagnent.
1321 1789 96 43 Or:

150 1868 122 33 nous
285 1872 58 30 ne
355 1873 185 47 voyons
555 1858 135 64 point
703 1851 188 52 dansles
903 1850 141 51 beftes
1062 1868 171 31 aucuns
1246 1845 171 70 fignes:

155 1922 147 62 qu'on
339 1923 142 66 puiffe
512 1924 97 47 dire
639 1922 111 47 eftre
776 1936 261 51 purement:
1055 1918 310 51 d’inftitution
1383 1943 31 28 ::

156 1992 97 42 Car
284 2008 118 31 nous
437 1994 76 64 n'y
549 2005 303 48 remarquons
885 2002 129 32 autre
1043 1981 138 51 chofe
1210 2002 93 50 que
1333 1990 83 47 les.

155 2050 153 67 fignes
334 2060 202 48 naturels
557 2060 51 47 de
626 2058 124 48 leurs
774 2053 203 72 paflion;
1001 2056 59 44 Et
1081 2051 109 50 bien
1216 2071 92 52 que
1324 2077 71 29 ces,

156 2113 196 67 mefimes
406 2124 152 70 fignes
588 2126 216 68 puiffent.
825 2121 108 53 aufli
972 2120 109 50 eftre
1129 2122 77 48 des
1226 2117 193 81 fignes:

615 2188 5 7 |
1058 2193 55 46 E.
1148 2193 52 61 1j,
