1776 2528
662 141 2 2 |
914 98 404 58 PRETFTACE.

521 172 284 50 biement
738 168 78 78 les
835 174 192 55 diuerfes
1058 179 289 63 perceptions
1381 175 57 48 de
1457 172 235 70 l'Efpñc,

519 234 102 79 auec
640 240 40 48 la
697 238 215 50 diuerfité
933 245 82 62 qui
1035 240 43 48 fe
1102 258 161 32 trouue
1283 257 129 33 entre
1433 242 61 47 les
1516 241 173 68 efpeces

518 307 63 47 du
596 314 150 58 Corps
761 316 43 39 &
819 308 61 47 les
894 307 126 49 Idées
1042 310 58 47 de
1121 309 183 67 l'Efprit
1321 336 17 32 ;
1356 313 59 44 Et
1435 310 171 64 qu’elle
1627 310 62 48 eft

517 373 44 48 fa
584 369 161 75 penfée
751 375 235 50 touchant
1014 376 41 47 la
1077 382 205 51 maniere
1301 377 193 48 dont'fe
1516 374 95 50 fait
1643 378 45 47 la

517 440 257 59 fenfation,
797 448 133 59 voicy
947 445 472 48 commeieletraduis
1434 462 54 30 en
1501 442 187 51 l’eften-

210 510 289 39 Queratamitique
517 510 115 46 dant
646 528 61 31 vn
719 527 88 48 peu
823 546 12 21 ,
856 509 92 49 afin
962 509 282 50 delerendre
1263 511 243 66 plus-clair.
1544 514 143 66 Quoy

209 551 30 27 in
251 550 103 28 eadem
366 550 99 26 anima

189 570 89 88 fianr
281 585 218 69 vifones,
431 570 67 88 fue
518 576 166 69 qu'il
651 570 30 88 ÿ
702 580 69 45 ait
793 575 194 50 diuerfes
1008 575 141 52 fortes
1168 578 61 48 de
1253 575 177 51 vifions
1449 615 15 21 ,
1496 596 61 30 ou
1578 598 108 45 per-

295 636 32 17 ch
375 635 124 19 nturper
628 648 5 7 .
796 647 39 11 AE
1045 648 22 10 .
1238 656 6 5 A4
1274 655 5 10 Ÿ

208 636 63 28 Corpus
330 635 9 20 ,
341 635 31 20 fur
450 635 16 28 hoc
519 661 206 48 ceptions
740 642 352 54 del'Ame,{oit
1116 645 55 46 de
1189 645 235 66 celles-par
1445 643 240 69 lefquelles

211 667 136 36 Corpus,
363 664 69 28 ficur
442 663 56 29 hoc
557 704 2 2 CC

180 704 167 85 lunneerra
357 713 44 72 À
407 713 89 65 que-
517 709 82 49 elle
611 705 205 84 aperçoit
843 710 61 47 les
928 708 154 49 chofes
1112 706 264 87 extericures
1387 706 176 87 qu'elle
1584 712 101 49 fent

207 790 153 28 cungucin
370 790 39 18 ejs
426 790 70 18 nota
516 778 152 66 Dares
683 795 195 48 orgañes
901 777 62 47 du
988 783 177 61 Corps,
1186 796 186 31 comme
1386 799 48 28 ce
1448 779 99 48 Ciel
1560 785 123 43 Cor-

205 818 54 31 cffe
269 818 224 39 poflunt,que
447 814 48 47 m-

206 858 160 28 admodum
385 856 66 39 pol-
515 845 130 66 porel
671 882 13 20 ,
718 839 115 79 cette
841 839 177 79 Terre,
1050 854 46 38 &
1090 839 182 79 toutes
1288 865 85 29 ces
1408 845 165 50 chofes
1598 852 82 62 qui

203 894 82 34 funt,
301 895 55 29 fiue
368 906 61 28 quæ
440 896 54 37 fpi-
1032 921 20 7 .
1596 918 6 7 .

546 929 166 30 euuent
740 912 108 46 eftre
867 930 207 29 connués
1095 932 57 29 en
1175 930 116 41 eux,
1323 915 57 46 de
1407 914 41 48 la
1479 932 202 31 maniere

201 935 59 42 ritu
271 935 133 27 videntur
414 934 76 29 fimi-
511 931 29 47 P

200 971 57 67 fe
258 982 67 72 cn
331 967 90 91 meme
431 993 56 59 in.
510 979 188 66 qu'elles
716 979 39 46 le
775 995 201 50 peuuent
990 974 139 86 cftre;
1161 985 100 43 Soit
1275 982 56 46 de
1345 977 107 85 celles
1488 978 71 90 par
1591 976 80 67 lef-

199 1049 182 38 relligamur,
396 1060 63 28 que
508 1046 174 66 quelles
708 1046 84 47 elle
814 1063 207 49 aperçoit
1050 1047 63 46 les
1144 1046 156 49 chofes
1323 1085 13 21 ,
1369 1065 82 49 qui
1481 1049 195 48 n’eftant

197 1096 185 30 neccorpora
393 1087 64 29 funt

195 1135 35 18 ne
252 1105 213 92 fiilicudines
504 1120 100 59 plus
626 1114 171 47 deuant
820 1132 151 29 aucun
995 1114 57 57 de
1071 1111 62 50 fes
1156 1113 97 49 fens
1276 1120 270 54 exterieurs,
1566 1115 109 50 fonc

195 1173 172 25 cotporum,
1272 1187 7 6 .
1553 1188 6 6 .

228 1169 55 84 jque
298 1176 116 17 ordinem
505 1179 255 50 {eulement
773 1179 223 70 prefentes
1021 1180 25 49 à
1047 1179 95 50 fon
1157 1181 215 69 Efprit
1307 1177 52 77 .&
1396 1181 25 49 à
1441 1181 87 51 fon
1548 1202 124 29 ima-

195 1204 102 36 vrique
310 1205 132 43 ordinem

192 1239 289 76 domain
505 1252 244 60 gination,
769 1249 207 65 parleurs
992 1252 208 63 Images;
1223 1253 93 53 Qui
1337 1248 108 49 font
1469 1248 202 50 fembla-

223 1326 4 3 .
276 1319 39 5 Seine
432 1316 17 10 Le
741 1330 2 2 =
1067 1319 5 5 .
1357 1321 6 5 .
1614 1318 11 16 /
1677 1319 4 2 -

193 1316 71 66 po
275 1327 72 66 Anar
348 1319 44 65 ef
406 1330 45 55 ni
505 1314 192 48 blesaux
720 1321 177 60 Corps,
929 1323 44 38 &
995 1331 81 49 qui
1101 1316 143 46 eftant
1267 1334 156 30 moins
1442 1317 227 51 attachées

193 1403 87 27 quain
291 1396 174 36 corporalis,
503 1377 20 49 à
541 1381 40 45 la
597 1385 188 43 matiere
808 1383 191 63 qu'eux,
1025 1381 213 49 donnent
1259 1383 89 49 lieu
1370 1386 57 46 de
1443 1402 226 33 nommer

196 1435 28 24 &
237 1430 93 30 rurfus
350 1435 132 35 præftan-
572 1451 6 5 -
1080 1452 6 6 :
1297 1453 9 12 ;
1531 1457 6 6 .

505 1447 277 65 Spirituelles
808 1448 61 46 les
891 1464 288 50 perceptions
1201 1450 56 47 de
1278 1450 155 49 l’Ame
1458 1470 83 48 qui
1570 1453 98 48 leur

194 1472 58 26 tior
270 1472 212 28 intellcétualis

186 1509 119 36 -quam
323 1511 114 28 fpiritalis.
1220 1521 5 6 :
1651 1525 12 23 j

193 1520 261 72 Lornoalsen
501 1530 380 61 2PPartiennent,
914 1532 56 28 en
995 1514 325 78 comparaifon
1345 1521 57 44 de
1431 1520 129 46 celles
1583 1537 83 50 qui

169 1573 77 65 fine
245 1573 136 65 fpiritali
395 1588 53 29 efle
500 1576 262 123 fependent
781 1582 76 47 des
882 1579 121 55 fens;
1049 1586 98 44 Soit
1180 1583 128 48 enfin
1336 1585 57 46 de
1424 1585 132 49 celles
1585 1606 81 47 par

189 1633 59 18 non
261 1626 90 35 poreft
362 1646 8 13 ,
382 1637 92 27 quan-
766 1650 9 12 ,
1076 1653 5 6 ,
1441 1658 6 6 .

496 1647 264 50 lefquelles
780 1653 119 43 l'Ame
916 1666 190 46 conçoit
1121 1649 59 49 les
1197 1649 157 51 chofes
1371 1671 79 51 qui
1473 1674 59 27 ne
1557 1654 108 48 font

188 1661 38 28 do
236 1664 118 35 quidem
363 1675 67 19 mo-

335 1703 16 27 d
967 1710 13 25 e.

187 1709 98 20 corpus
298 1713 101 18 fente
495 1733 62 49 y
572 1723 150 62 Corps
748 1735 61 47 ny
825 1720 163 63 Imagé
1002 1736 61 29 ou
1076 1717 327 52 reffemblance
1417 1721 56 43 de
1495 1713 159 78 Corps.

186 1748 102 28 corpus
299 1739 80 31 fenfu
389 1753 66 18 cor-

245 1779 4 4 .
326 1782 26 20 ui
537 1798 2 2 "
923 1790 5 6 .
1284 1787 7 6 :
1372 1782 13 16 \

185 1787 236 30 Paminenne
494 1787 223 46 Chacune
735 1786 55 47 de
803 1805 68 27 ces
885 1784 172 49 vifions
1070 1801 280 29 neanmoins
1370 1803 25 28 à
1409 1782 93 59 fon
1523 1805 134 49 rang,

185 1817 87 28 ctiam
285 1818 26 42 in
324 1820 99 41 animo
573 1851 2 3 ‘

185 1855 269 38 lealiquid,non
494 1851 164 49 &elles
681 1849 169 48 nefont
867 1843 76 75 pas
971 1863 150 31 toutes
1143 1847 108 50 aufli
1276 1851 161 49 nobles
1462 1854 61 47 les
1544 1874 116 29 vnes

183 1894 80 38 quod
276 1893 55 29 hoc
342 1894 53 34 fit,
407 1895 46 31 fed
1104 1919 9 16 .
1647 1927 8 7 .

184 1932 231 40 quodimief.
491 1938 88 46 que
598 1918 61 48 les
681 1932 146 33 autres
850 1939 11 33 ;
894 1920 92 42 Car
1007 1914 41 48 la
1067 1914 150 51 vifion
1238 1921 299 63 Corporelle,
1577 1941 84 47 qui

184 1971 188 39 Quodfinon
391 1971 79 30 fier
490 1985 62 47 QE
572 1986 111 48 ele
704 1986 83 65 qui
809 1980 182 69 dépend
1012 1983 56 47 de
1092 1984 191 48 l’action
1306 1987 75 46 des
1410 1984 97 49 fens
1529 2005 129 31 exte.

183 2022 52 18 nec
248 2010 90 39 feufus
349 2010 50 28 ille
408 2011 41 27 ef.

182 2050 283 37 fecquoeaquæex-
515 2056 7 7 L:
1367 2056 5 6 :
1576 2061 5 5 i

179 2089 140 29 trinfecüs
336 2089 133 36 adjacent
488 2070 137 31 TICUTS
647 2092 14 21 ,
694 2049 48 78 cft
777 2065 154 60 moins
962 2045 143 78 noble
1134 2069 92 48 que
1257 2052 39 45 la
1330 2045 151 74 vifion
1502 2049 121 76 fpiri

182 2128 177 33 fentiuneur
340 2110 14 81 ,
377 2136 89 29 neque
488 2121 138 47 quelle
655 2126 83 60 qui
758 2122 225 65 apartient
1006 2114 24 50 à
1051 2116 344 67 l'imagination
1416 2139 26 36 ;.
1455 2127 132 45 Mais
1611 2123 50 49 la

180 2169 79 28 enim
279 2177 102 29 corpus
397 2165 67 30 fen-
