1776 2528
172 103 208 65 D
429 100 410 51 IESVRITDE
895 105 322 49 LHOMMEI
1257 96 13 76 ö
1324 117 80 48 DIö

145 165 84 53 laſt
253 168 61 49 eſt
328 169 200 68 capable
540 170 218 48 dexciter
778 189 60 31 en
858 180 119 40 nous
1001 189 70 29 ces
1092 171 119 48 deux
1231 170 147 51 ſenti-

138 254 156 41 mens,
316 242 100 62 puis
440 255 92 50 que
556 237 95 49 cela
664 254 60 31 ne
748 238 184 68 depend
944 255 92 50 que
1046 239 50 48 de
1114 238 48 62 la
1177 238 201 69 diſpoſi-

138 307 119 56 tion,
271 313 46 40 &
335 305 64 48 du
417 322 312 33 mouuement
749 306 57 48 de
823 304 264 69 ſesparties;
1105 310 46 46 Si
1163 305 249 53 Paimant

135 371 83 48 xla
234 389 134 31 vertu
386 373 209 48 dattirer
615 373 50 48 le
675 371 94 61 fer,
795 373 174 49 &cclle
990 375 57 50 de
1069 374 171 67 diriger
1257 377 117 65 tou-

133 441 124 59 jours
283 440 229 66 quelques
533 434 110 77 vnes
673 442 59 47 de
751 438 65 51 ſes
837 445 164 62 parties
1025 459 100 30 vers
1145 441 61 48 ſes
1220 444 171 55 Poles;

165 510 67 44 uis
263 516 91 55 que
372 506 45 49 la
447 506 175 50 meſme
635 508 207 50 mariere
863 507 181 58 ſubtile,
1068 513 82 60 qui
1163 509 60 47 eſt
1237 528 139 50 capa-

132 525 66 96 ke
228 575 58 47 de
306 572 114 49 faire
454 577 147 61 qu'vn
613 575 66 46 de
705 570 64 49 ſes
784 574 136 59 Polès
940 577 191 63 regarde
1156 576 217 62 todjours

129 639 45 48 lo
181 639 161 58 Nort,
358 637 61 50 eſt
441 639 188 68 capable
643 638 111 49 auſſt
774 636 57 52 de
841 637 111 50 faire
963 657 93 49 que
1075 640 44 63 le
1114 632 90 83 fer
1213 643 45 48 ſe
1265 663 118 48 por-

133 722 44 33 te
198 719 98 37 vers
307 708 234 57 haimant,
555 704 114 50 ainſi
687 706 162 68 quol'a
860 705 393 54 admirablement
1263 712 122 51 bien

133 773 211 68 expliquè
366 772 256 52 Monſieur
649 772 271 53 Deſcartes.
963 775 77 48 Or
1068 793 58 31 en
1146 792 106 33 tout
1275 781 128 48 cela

133 859 115 33 nous
270 862 60 29 ne
343 861 187 48 voyons
551 846 98 45 rien
668 860 95 50 que
777 859 120 30 nous
917 859 62 41 ne
989 846 190 61 iugions
1192 845 111 53 bien
1326 846 68 60 ſe

133 914 198 61 pouuoir
351 901 276 78 rencontrer
634 910 114 64 dans
761 905 253 54 vnmeſme
1004 893 163 86 fajet;
1175 922 51 40 &
1240 916 134 64 quel-

134 994 86 50 que
237 976 213 51 diuerſitõ
498 976 196 67 quil
587 971 29 82 y
615 976 79 67 ait
712 983 132 42 entte
854 977 312 66 cosqualites,
1186 999 63 31 ou
1259 984 134 65 plu-

132 1042 103 51 ſtoſt
248 1057 136 38 entre
396 1046 73 48 les
474 1038 252 77 ſentimens
731 1051 107 60 que
851 1038 118 77 nous
976 1052 64 41 en
1056 1060 178 49 auons,
1248 1065 157 36 Aous

132 1124 225 38 trouuons
379 1128 312 52 pourtant
615 1108 60 79 vn
703 1113 61 48 tel
777 1130 189 50 rapport
987 1113 114 48 dans
1115 1114 128 69 leurs
1253 1136 151 2 cau-

130 1174 89 64 ſes,
232 1180 102 51 ceſt
346 1218 162 22 adire,
529 1180 114 49 dans
656 1200 50 28 ce
727 1184 86 62 qui
816 1180 69 47 eſt
895 1181 67 46 du
974 1178 132 60 coftè
1119 1170 87 80 des
1208 1184 185 62 objets-

130 1252 81 61 qui
230 1249 72 49 les
316 1252 241 66 excitent;
570 1265 92 51 que
673 1249 97 48 lon
792 1246 60 49 eſt
864 1244 162 51 obligè
1037 1245 58 50 de
1101 1245 268 61 reconnoi-

129 1311 82 69 ſtre
229 1334 88 49 que
325 1330 112 36 tout
457 1317 97 48 cela
566 1315 109 50 meft
684 1315 100 49 rien
791 1331 136 50 autre
994 1311 163 71 oſcen
1173 1325 91 53 cux
1272 1328 131 5 que

127 1380 76 49 des
216 1382 141 66 ſũjets
372 1394 45 40 &
431 1385 79 48 des
528 1385 332 67 dependances
870 1383 58 48 de
948 1381 289 59 lEſtendus,
1256 1396 37 50 &
1301 1389 66 56 de

124 1444 66 52 ſes
211 1457 283 62 proprietes:
513 1453 128 64 Ilny
653 1470 27 33 a
694 1452 125 48 donc
829 1468 178 31 aucune
1018 1452 381 68 comparaiſon,

122 1529 129 51 entre
271 1516 52 47 lã
336 1523 207 44 maniere
563 1519 122 48 dont
699 1531 71 36 ces
790 1518 203 67 qualiter
1014 1516 107 52 ſont
1140 1520 226 69 oppoſces

121 1578 62 48 les
197 1597 111 31 vnes
321 1599 86 30 aux
420 1600 175 43 autres,
612 1595 41 39 &
660 1586 24 47 l
688 1583 287 69 oppoſition,
1014 1587 120 49 oula
1146 1587 216 49 diuerſité

122 1651 79 61 qui
220 1645 44 51 ſe
274 1664 245 31 rencontre
534 1667 128 31 entre
673 1653 50 45 la
739 1649 229 51 Penſce
924 1641 51 75 &
982 1653 286 59 VEſtendue,
1280 1658 83 62 qui

124 1714 60 46 eſt
206 1715 115 49 telle
329 1716 141 66 quon
485 1732 68 31 ne
569 1712 202 67 ſcauroit
795 1734 59 32 en
875 1723 249 43 conceuoir
1148 1736 92 30 vne
1257 1721 148 64 plus

124 1785 190 60 grande.
1096 1797 227 50 u

174 1854 122 46 Mais
317 1851 131 50 enfin
467 1845 142 64 (dita-
614 1864 83 51 on)
716 1854 70 49 ces
807 1853 119 51 deux
945 1851 221 52 attributs
1182 1872 59 31 ne
1253 1853 107 54 ſont

123 1930 76 49 pas
214 1917 275 73 contraires,
501 1917 119 73 mais
632 1921 254 51 ſeulement
897 1923 176 58 diuers,
1090 1932 57 46 &
1173 1934 228 52 partant

122 1982 123 70 ilne
259 1984 109 53 ſont
376 2003 85 53 pas
481 1989 374 68 incompatibles.
881 1989 143 49 Voila
1037 1990 42 45 le
1091 1989 180 51 dernier
1284 2009 74 32 re-

118 2044 112 91 fage
253 2055 57 45 de
328 2073 87 32 nos
439 2056 310 62 aduerſaites,
773 2053 46 54 &
843 2055 58 52 le
910 2054 104 70 plus
1039 2051 102 53 fort
1163 2056 56 49 de
1232 2058 127 55 leurs

118 2113 285 77 Argumens.
1084 2119 36 72 mu

1058 2195 115 69 6ij
