1776 2528
509 111 381 49 PREFACE:
1265 170 17 9 |

201 182 128 49 Mais
342 179 250 68 peut-eftre
604 181 74 63 n’y
691 197 57 30 en
768 178 135 49 a-t-il
924 196 75 49 pas
1022 196 165 32 encore
1209 179 73 49 af-

118 246 71 49 fez
212 265 117 50 pour
359 248 223 67 aprendre
614 245 25 49 à
669 250 215 55 certaines
913 264 112 47 gens
1065 242 226 54 enfeuclis

118 314 114 48 dans
254 317 62 46 les
335 313 98 49 fens
470 320 13 49 (
508 315 174 48 &:c’eft
707 314 43 48 la
775 311 275 70 quatriefme
1079 313 119 49 forte
1226 317 76 46 de

115 380 253 67 perfonnes
385 399 91 50 que
495 386 85 61 j'ay
601 382 69 47 dit
695 397 92 51 que
811 380 81 48 cet
916 380 145 48 Efcrit
1090 387 193 60 pouroit

116 449 205 68 choquer
335 455 17 56 )
369 466 90 50 que
471 449 96 48 l'on
581 464 108 51 peut
702 454 246 43 conceuoir
959 450 193 48 d’autres
1177 447 105 49 fub-

110 514 173 50 ftances
305 535 97 48 que
415 515 131 49 celles
572 519 83 63 qui
677 512 107 50 font
804 516 159 61 l'objet
988 516 77 46 des
1085 513 99 50 fens
1219 529 63 34 où

111 583 53 46 de
163 583 377 65 l'imagination.
568 581 376 58 Qu'ilsécoutent
956 577 132 75 donc
1112 600 168 30 encore
1390 617 11 4 -

110 665 92 31 vne
217 648 88 49 fois
320 667 50 33 ce
383 666 89 49 que
486 649 78 45 dit.
579 666 49 28 ce
649 643 186 66 fameux
863 650 212 45 Docteur
1096 648 55 47 de
1178 648 100 48 l’'E-

112 714 112 66 glife
249 717 110 46 dans
383 715 40 47 le
436 737 23 38 32.
471 714 294 66 Chapitre
786 715 62 48 du
874 718 135 43 Liure
1036 715 57 47 de
1112 715 168 66 l'Efpris

114 782 57 53 @/
190 782 81 48 del
276 775 133 77 Ame,
438 791 41 39 &
509 781 32 48 il
557 781 384 67 leur'aprendra
873 775 72 77 la
952 779 127 51 caufe
1100 783 57 48 de
1177 783 98 48 leur

108 867 145 31 erreur
269 859 44 39 &
340 850 43 47 le
401 867 181 46 moyen
593 849 161 48 des’en
774 853 158 45 retirer
953 866 110 30 auec
1086 849 50 47 la
1149 849 125 48 mef-

105 932 76 31 me
210 917 227 49 methode
464 935 91 49 que
587 913 241 51 Monfieur
865 912 237 53 Defcartes
1134 936 24 28 à
1188 916 88 49 fait

103 983 122 65 aprés
250 985 91 64 luy.
377 989 66 43 La
466 983 151 48 raifon
636 998 118 52 pour
776 983 206 67 laquelle
1006 981 180 69 l'Efprit
1214 985 54 48 de
1288 980 57 67 Re
1360 973 137 86 Titus
1508 977 54 78 que

104 1048 249 51 l'Homme
378 1071 24 28 à
426 1067 99 32 tant
547 1052 57 45 de
636 1054 134 62 peine
798 1049 467 60 à:fe-reconnaiftre.,
1282 1066 65 27 cum
1366 1063 97 20 amore
1485 1058 84 35 cogi-

141 1121 5 6 :
478 1120 22 12 5.
996 1131 2 2 |
1075 1108 80 22 or
1283 1104 51 21 tat,
1351 1098 26 23 &
1392 1104 63 17 cum
1465 1095 104 36 quibus

104 1132 128 33 vient
246 1118 137 47 de-ce
409 1117 113 66 qu'il
550 1117 44 46 ef
619 1117 223 63 entreles
868 1123 172 59 Corps,
1058 1112 186 90 aufquels
1271 1112 106 90 amore
1398 1131 157 67 affncts
1510 1115 44 87 a

104 1181 84 50 fon
210 1182 220 49 affe@ion
455 1221 12 20 ,
484 1192 67 38 .&
575 1183 254 47 l'habitude
848 1181 224 51 familiere
1103 1185 113 65 qu'il
1242 1205 22 28 à
1270 1180 185 66 imaginibus
1465 1180 103 56 corum

459 1255 5 5 .
626 1264 2 3 |
804 1254 7 6 .
1304 1248 25 26 id
1489 1248 56 7 ips3,
1577 1258 9 7 -

105 1268 106 30 auec
224 1270 111 39 eux,
355 1251 35 47 Le
404 1248 84 85 fait
487 1245 175 76 penfer
685 1245 414 88 continuellement
1117 1272 10 32 ;
1147 1252 112 78 Cela
1280 1257 42 72 Vel
1333 1257 57 56 ee
1397 1246 46 67 in
1443 1242 104 91 demnese

105 1316 58 47 eft
185 1318 128 50 caufe
336 1318 192 67 qu'il:ne
548 1334 110 51 peut
676 1336 76 48 pas
786 1316 222 50 aifement
1026 1316 56 49 fe
1110 1323 247 45 retireripf:
1380 1333 65 18 nam
1463 1333 82 19 ramo

1276 1363 115 39 glutino
1412 1364 109 26 amoris
1539 1363 28 28 ei

102 1383 110 49 chez
226 1386 78 65 luy
315 1404 117 49 pour
445 1383 265 68 feregarder
731 1383 99 51 fans
853 1379 228 64 témoins,
1103 1395 59 39 &-
1175 1402 89 51 que
1275 1400 177 29 cohæterunt
1469 1400 59 28 hæe

1276 1450 61 27 quæ
1347 1438 71 29 foris
1430 1438 62 28 funt
1503 1448 62 18 cor.

99 1449 251 68 lesimages
361 1452 258 49 des-chofes
644 1449 286 74 Corporelles
963 1450 55 50 fe
1029 1446 229 78 reprefen-
1275 1478 131 37 poralia,
1427 1486 30 18 vt
1473 1478 110 26 eriam

217 1516 13 16 \s
1080 1525 4 5 l
1297 1516 8 8 «
1468 1516 5 4 :

97 1531 100 31 tent
215 1538 22 26 à
252 1520 76 62 luy
339 1521 168 64 pourle
533 1519 202 48 troubler
757 1522 111 46 dans
892 1519 44 49 fa
957 1535 204 33 retraite:
1189 1540 71 30 car
1275 1515 137 74 af
1425 1511 90 82 oran

94 1579 317 53 fonaffection
422 1586 55 47 l'a
488 1586 278 48 attachéaux
783 1586 155 49 chofes
951 1585 209 50 fenfibles
1179 1594 80 60 qui
1274 1592 98 41 prefo
1393 1589 51 28 fine
1463 1591 85 37 cegi-

1271 1625 84 45 tanti.
1360 1625 189 45 Quapropter

94 1642 106 65 {ont
222 1648 108 49 hors
352 1651 56 44 de
432 1651 76 61 luy
523 1687 13 18 ,
557 1664 79 56 paf
665 1666 48 44 van
743 1650 122 60 lien.
869 1649 47 61 fi
952 1651 149 61 eftroit
1121 1691 13 20 »
1167 1673 90 48 que
1269 1665 141 29 fecernere
1426 1676 47 18 cas
1498 1666 21 29 à
1533 1665 30 30 fe

1419 1704 130 33 R,vh

96 1715 174 49 mefme
290 1716 158 67 quand
471 1715 104 48 elles
590 1716 114 46 font
721 1717 238 57 abfentes,
978 1720 139 44 leurs
1134 1737 122 37 ima-
1270 1714 90 54 foiam
1369 1709 147 78 infprciar
1530 1716 32 56 &e

1271 1779 109 31 videat,
1418 1782 106 29 Videar

408 1788 7 7 ,
1154 1781 14 17 \

68 1798 104 46 _ges
194 1802 280 32 neanmoins
493 1780 115 51 font
637 1780 230 50 toufiours
899 1780 225 69 prefentes
1154 1801 24 28 à
1212 1779 44 51 fa
1268 1814 125 40 Hé,
1410 1819 151 30 Piles

1266 1856 35 26 in
1311 1855 26 29 fe
1347 1867 68 23 ,nec
1427 1858 68 29 ficut
1504 1861 54 27 ab-

217 1850 12 17 /
330 1864 10 13 ,
681 1855 6 7 ,
1062 1858 3 2 .
1233 1880 24 6 L

95 1841 159 94 penfée,
294 1851 112 49 c’eft
417 1843 360 91 pourquoyilne
789 1868 110 51 peut
910 1869 74 51 pas
1003 1847 100 52 fans
1122 1849 108 70 quel-
1272 1893 103 30 inf,
1366 1841 47 98 ce
1432 1841 65 98 eue
1500 1908 39 23 ab

94 1931 88 48 que
204 1920 212 49 violence
437 1918 61 52 les
519 1934 181 47 rejetter
720 1919 108 51 hors
847 1921 73 48 de
938 1918 80 66 foy
1049 1936 117 49 pour
1198 1936 58 29 ne
1271 1931 45 30 feà
1337 1936 78 28 velue
1436 1936 123 37 præfen-

204 1983 9 7 »
389 1991 8 8 .
997 1991 6 5 :
1161 1988 7 6 .
1269 1981 56 19 tem
1338 1973 16 29 fe
1419 1980 5 9 cui
1548 1991 11 5 =

93 1983 253 52 confiderer
363 2006 98 29 rien
473 1996 88 61 que
575 1985 74 64 luy
663 1995 50 38 à
737 2004 92 48 que
854 2005 49 28 ce
925 2005 81 45 qui
1028 2000 226 50 apartiCnt
1251 1980 56 73 re,
1315 2015 16 24 &
1351 1980 159 73 difcernere
1519 1985 31 56 8e

1270 2050 164 29 intentioné
1446 2052 109 27 volun-

90 2049 298 60 psecifement
410 2054 24 48 à
457 2053 44 50 fa
520 2069 183 38 nature;
737 2053 126 74 Qu'il
885 2068 215 32 retourne
1130 2051 123 49 donc
1354 2089 211 39 tiens

89 2111 111 62 chez
213 2113 79 67 foy
299 2138 127 45 pour
446 2123 71 65 s'y
536 2121 205 60 arreter,
771 2121 99 51 fans
892 2119 44 50 fe
958 2118 212 51 chercher
1195 2140 57 31 au
1267 2114 162 78 vagabarur,
1436 2114 121 78 fraruar

215 2180 15 4 .
509 2188 2 2 #:
1008 2188 18 14 à
1266 2168 151 38 infeipsä
1400 2161 26 49 ;
1434 2169 25 24 &
1474 2165 25 29 fe
1512 2176 68 19 co”

965 2206 63 31 éé
