1776 2528
532 100 391 48 PREFACE.

131 163 152 51 -droit
309 160 94 73 que
423 163 42 51 ie
488 170 128 47 viens
648 170 57 46 de
735 172 140 54 citer,
913 176 45 40 &
992 166 56 48 de
1070 166 99 67 plus
1202 168 41 46 Le
1275 178 48 38 6.

141 237 153 45 -Liure
306 236 58 46 de
388 233 42 48 la
442 233 249 70 Mufique,
716 237 111 48 dans
851 235 154 67 lequel
1023 252 65 31 on
1110 251 214 31 trouuera

152 301 115 67 qu'il
290 302 69 47 dit
378 307 383 61 premierement;
798 310 93 44 Car
921 321 116 50 pour
1061 320 114 47 moy
1199 306 41 43 ie
1264 320 59 34 ne

132 367 242 70 penfepas
398 388 91 50 que
509 370 155 49 l’Ame
683 376 159 44 anime
862 370 83 50 fon
975 378 147 59 Corps
1151 370 173 47 d'autre

152 434 124 50 forte
302 475 14 19 ,
361 454 91 51 que
481 454 132 50 parce
642 458 92 49 que
762 441 114 47 dans
919 439 61 47 les
1017 435 200 70 pañlions
1259 438 64 47 du

151 505 152 66 Corps
325 504 86 48 elle
431 507 106 65 agit
555 524 109 30 auec
685 506 100 66 plus
806 508 282 46 d'attention
1114 513 45 39 &
1191 504 133 66 d’ap-

151 570 270 68 plication
374 566 39 76 à
443 592 50 27 ce
512 573 169 65 qu’elle
703 570 114 55 fait
792 566 39 76 ;
851 576 59 44 Et
941 576 41 42 ie
1011 590 60 28 ne
1100 589 109 45 croy
1244 589 76 49 pas

149 639 173 65 qu'elle
349 635 166 51 fouffre
543 642 100 44 rien
672 639 64 47 du
761 645 153 60 Corps
939 660 11 32 ;
982 642 123 45 Mais
1132 635 191 67 j'eftime

152 698 144 126 qu'elle
344 702 84 50 fait
459 705 57 48 de
547 707 77 65 Iny
660 716 44 39 &
735 707 113 48 dans
882 706 76 65 luy
993 724 188 30 comme
1211 706 111 48 d'vn

145 777 124 60 fujet
303 790 91 50 que
425 777 122 44 Dieu
575 793 25 28 a
631 772 178 51 foûmis
851 774 24 48 à
918 773 44 49 fa
1000 774 319 49 domination.

142 859 117 29 Que
279 858 110 48 peut
416 859 66 30 on
507 844 98 46 dire
637 846 84 63 qui
748 844 199 66 aproche
979 842 260 65 dauantage
1267 839 57 48 de

156 926 51 28 ce
231 924 91 50 que
344 926 119 29 nous
483 927 147 31 auons
654 909 108 48 écrit
786 910 57 47 de
865 910 200 50 l'Vnion
1089 909 57 48 de
1173 909 153 48 l’Ame

135 983 69 56 _&
218 976 64 47 du
296 981 176 62 Corps?
497 981 128 44 Saint
638 978 413 66 Auguftinajoufte
1066 1013 14 21 ,
1104 980 102 64 Que
1219 991 105 32 tous

150 1041 70 68 les
239 1044 210 47 accidens
464 1046 251 65 Corporels
738 1082 14 21 ,
775 1050 82 62 qui
879 1044 44 49 fe
950 1044 260 68 prefentent
1239 1046 84 44 de-

142 1123 126 33 ant
281 1109 154 48 noftre
446 1116 175 61 Corps,
644 1121 44 40 &
711 1131 91 49 que
823 1113 61 47 les
904 1112 148 64 objets
1078 1112 58 48 de
1154 1110 168 50 dehors

149 1193 247 47 <nuoyent
417 1176 27 49 à
474 1196 86 40 nos
588 1177 97 51 fens
718 1216 14 21 ,
757 1179 244 66 n’agiflent
1030 1172 79 77 pas
1119 1177 79 48 fur
1224 1177 99 62 l’'A-

151 1260 119 37 me;
309 1248 122 46 Mais
456 1245 138 66 qu'ils
616 1244 108 62 font
745 1248 202 67 quelque
976 1243 137 51 chofe
1144 1245 112 48 dans
1285 1243 41 49 le

159 1316 179 62 Corps,
369 1317 80 63 qui
472 1315 171 54 tantoft
668 1316 60 47 eft
750 1312 245 65 conforme
1012 1312 32 50 à
1059 1313 268 50 l'action
1258 1308 59 77 de

158 1377 185 61 l'Ame,
371 1390 44 39 &
431 1382 170 50 tantoft
616 1383 76 67 luy
707 1382 60 49 eft
789 1381 186 70 oppofé.
1003 1381 114 48 Cela
1135 1399 58 31 ne
1212 1383 114 45 s’ac-

146 1448 299 56 <orde-t-il
466 1469 77 47 pas
569 1450 109 49 bien
697 1471 109 29 auec
827 1471 49 28 ce
907 1468 91 49 que
1029 1467 117 31 nous
1179 1465 145 31 auons

156 1512 78 45 dit
255 1514 57 50 de
325 1515 53 47 la
397 1517 275 50 diftinétion
700 1508 70 81 des
785 1508 185 81 efpeces
994 1526 44 40 &
1060 1517 79 49 des
1155 1515 169 49 ‘Idées?

157 1580 39 50 V
218 1576 20 46 à
269 1584 392 64 principalement
677 1586 129 67 :qu'il
829 1589 226 45 continuë
1081 1581 160 60 ainfi,
1270 1585 60 44 Et

146 1659 136 52 “pour
296 1660 59 31 ne
371 1645 113 76 Vous
493 1645 124 76 tenir
646 1672 77 45 pas
749 1653 98 64 plus
871 1649 379 67 long-temps,
1193 1645 58 76 il
1271 1665 58 29 ne

163 1730 79 30 me
253 1709 174 51 femble
442 1732 77 48 pas
533 1718 254 65 quel'Ame
805 1716 167 47 fouffre
992 1721 99 41 rien
1104 1718 64 45 du
1180 1711 150 65 Corps

135 1781 195 64 “quand
353 1780 83 49 elle
458 1779 122 58 fent;
612 1786 114 46 mais
740 1780 263 50 feulement
1024 1817 14 21 ,
1062 1777 166 70 qu'elle
1247 1796 83 48 ap-

151 1862 147 50 porte
320 1848 99 67 plus
440 1852 281 50 d'attention
749 1850 111 50 dans
896 1847 85 51 fon
1007 1851 161 46 action
1167 1841 27 78 ,
1240 1845 90 48 lors

152 1914 128 111 auil
302 1914 166 54 fouffre
495 1921 203 67 quelque
714 1918 137 51 chofe
868 1920 77 47 des
965 1917 170 64 objets;
1159 1918 60 44 Et
1241 1929 91 50 que

158 1985 100 43 oit
269 2000 91 48 que
374 1985 62 49 les
449 1988 289 68 impreflions
760 1987 132 68 qu'ils
914 1984 105 49 font
1034 1984 70 48 fur
1126 1982 76 65 luy
1224 1999 106 30 ren-

173 2046 183 53 dentles
370 2058 182 47 actions
564 2058 222 48 del’Ame
799 2053 99 66 plus
911 2050 187 58 faciles,
1112 2049 219 68 ouqu'el-

159 2111 58 50 de
240 2111 76 66 des
348 2124 197 51 rendent
573 2125 102 69 plus
709 2122 242 64 difficiles,
969 2118 141 75 felon
1143 2116 189 72 l'epofi-

1349 365 62 37 Ego
1430 365 75 28 enim
1522 365 35 28 ab
1568 366 63 28 ani-

1348 413 49 18 ma
1415 414 101 28 corpus
1526 403 55 28 hoc
1597 413 34 19 a-

1348 451 107 19 nimari
1467 452 58 18 non
1544 452 89 28 puto,

1347 480 53 28 nifi
1414 482 162 26 intentione
1588 480 44 28 fa-

1348 520 113 30 cientis;
1473 529 50 18 nec
1534 519 100 33 abilloe

1347 557 82 27 iftam
1442 558 125 37 quicquä
1579 567 55 28 pa-

1348 596 177 34 tiarbitror,
1538 595 47 29 fed
1595 596 40 28 fa.

1348 643 65 19 cere
1428 633 35 29 de
1480 634 55 28 illo
1555 638 36 24 &
1604 636 31 28 in

1348 671 54 28 illo
1419 681 138 29 tanquam
1576 673 36 28 de

1348 708 130 31 fubicéto
1494 711 141 30 diuinitüs

1347 747 196 32 dominationi
1553 750 65 35 fuæ,

1381 997 255 40 Corporaliaerge

1350 1043 184 30 quæcumque
1553 1038 69 27 huic

1351 1081 117 30 corpori
1488 1085 139 28 ingerun-

1351 1119 46 19 tur
1407 1133 7 10 ,
1427 1121 51 19 aut
1488 1114 150 37 objiciun-

1350 1157 46 20 tur
1409 1151 229 34 extrin{ecus,n@

1349 1187 31 26 in
1397 1190 119 32 anima,
1543 1190 46 27 {ed
1608 1192 31 26 in

1352 1236 121 28 cotpore
1493 1228 115 38 aliquid

1351 1264 203 40 faciunt,quod
1565 1276 74 28 ope-

1353 1303 95 32 ricius
1465 1304 175 35 aduérferur,

1352 1356 50 19 aut
1411 1353 151 29 congruar.

1355 1584 36 27 Et
1407 1590 34 19 ne
1457 1580 115 40 longum
1585 1578 38 34 Fa

1356 1620 207 31 ciam,videtur
1581 1623 60 27 mi-

1356 1659 30 28 hi
1397 1655 98 30 anima
1504 1668 62 19 cum
1584 1659 59 29 fen-

1356 1698 35 27 tic
1407 1697 29 26 in
1447 1706 197 28 corpore,non

1356 1734 112 37 aliquid
1478 1736 34 27 ab
1526 1736 54 29 ilo
1590 1746 55 28 pa

1358 1774 34 29 ti,
1407 1772 45 29 fed
1463 1775 29 35 ip
1503 1776 59 27 eius
1575 1775 66 39 pal-

1358 1810 124 30 fionibus
1507 1815 138 27 arrencius

1335 1819 112 74 agere.
1451 1823 32 56 &
1496 1862 45 18 eas
1553 1854 94 30 aétio-

1358 1899 47 19 nes
1415 1890 57 30 fiuè
1481 1890 166 38 Facilespro-

1358 1938 61 28 pter
1428 1929 214 33 conuenientiä,

1358 1967 56 29 fiue
1425 1967 134 29 dificiles
1576 1977 71 28 pro-

1359 2017 61 28 pter
1432 2007 215 29 inconuenien=

1359 2048 81 31 tiam,
1451 2056 58 18 non
1527 2054 64 18 cam
1608 2044 40 29 k-

1361 2095 74 23 tere,
1452 2088 25 24 &
1497 2083 55 28 hoc
1569 2083 50 32 eff,

1359 2124 79 37 quod
1450 2122 102 31 fencire
1561 2121 81 40 dici-,

1362 2171 54 21 tur,

1290 2367 4 4 :
1333 2353 25 33 7
