1776 2528
250 91 10 5 2—
276 91 7 7 —

231 100 44 18 —
298 96 37 20 2

464 122 70 45 48
896 117 429 49 TRAITTE/

469 198 90 36 me
580 186 44 49 ie
655 184 100 67 puis
785 187 248 45 conceuoir
1054 200 94 33 vne
1170 183 137 50 choſe
1340 187 83 66 qui
1449 184 176 64 Penſe,
1638 201 79 40 en

468 257 141 52 niant
632 251 116 68 qu'il
769 269 28 49 y
819 254 64 45 ait
895 269 57 30 au
963 252 179 48 monde
1153 271 152 30 aucun
1313 247 165 79 Corps
1491 255 226 53 Eſtendu.

523 324 145 58 Mais
681 313 131 78 peut/
811 313 228 78 eſtroque
1052 319 102 49 lon
1167 321 100 48 dira
1285 322 153 64 que
1377 313 72 78 lã
1454 322 260 60 chalour,
1663 313 52 78 &

459 387 57 48 la
527 384 251 52 ſechereſſe
797 390 82 65 qui
894 385 45 49 ſe
959 380 220 79 trouuent
1184 380 127 79 dans
1337 389 42 48 le
1398 386 103 62 feu,
1514 390 43 49 la
1567 390 146 50 blan-

464 453 186 56 cheur,
679 463 46 41 &
750 453 46 50 la
803 453 223 56 douceur
1039 446 71 57 du
1120 454 118 58 lait,
1252 465 57 38 &
1331 457 63 47 les
1414 458 121 48 deux
1554 475 156 33 vertus

459 521 70 49 de
546 522 229 59 laimant,
796 540 61 30 ne
874 520 108 51 ſont
993 540 78 50 pas
1093 526 157 45 moins
1274 522 266 56 differentes
1585 544 57 31 que
1663 526 46 50 la

460 588 182 50 Penſce
654 600 46 40 &
714 588 275 67 Eſtenduc.
1021 592 33 46 V
1055 597 150 42 auoué
1223 590 119 68 qu'il
1371 539 115 124 ——

456 656 71 49 de
552 654 122 51 faire
690 660 106 46 voir
820 655 208 57 affinitè
1040 659 86 53 de
1133 676 81 35 ees
1227 656 483 69 qualiten
1452 650 113 79 entr
1564 656 139 69 elles,

455 739 106 49 que
568 724 111 49 celle
691 723 110 50 dola
812 722 149 69 ſigure
968 732 53 40 &
1034 724 65 49 du
1110 720 339 63 mouũement,
1463 728 162 65 quand
1638 746 67 37 on

457 808 70 32 ne
539 791 197 49 srarreſte
755 790 112 67 qu'a
879 810 50 29 ce
939 809 90 47 que
1039 809 87 32 nos
1137 788 99 52 ſens
1249 809 59 33 en
1319 790 302 58 dcouurent.

560 863 124 45 Mais
715 875 111 33 ceux
856 862 84 64 qui
970 876 88 32 ont
1098 876 105 32 tant
1231 857 99 59 ſoit
1353 878 95 50 peu
1470 862 70 55 de
1581 870 123 43 con-

456 926 243 50 noiſſance
720 928 59 48 de
801 926 44 48 la
863 926 223 61 veritable
1101 925 285 70 Phyſique,
1405 937 62 48 &
1495 933 88 64 qui
1611 947 91 38 ont

455 992 458 61 renoncé
662 988 40 77 à
707 992 206 61 tousrles
933 993 145 54 Eſtres
1098 994 339 67 Scolaſtĩques,
1455 1005 63 40 &
1535 995 33 49 à
1587 1013 114 33 tou-

449 1077 78 32 tes
549 1061 62 49 les
628 1062 203 68 qualitez
844 1063 145 68 qu'on
999 1062 200 50 attribué
1212 1059 276 59 fauſſement
1506 1082 87 32 aux
1605 1065 94 49 ob-

449 1130 93 62 jets
565 1131 58 47 de
638 1123 92 83 nos
750 1129 125 69 ſens,
881 1150 140 52 parce
1033 1131 136 70 qu'ils
1181 1129 118 58 ſont
1321 1149 59 31 en
1393 1131 208 68 quelque
1624 1130 76 51 fa-

450 1210 106 49 gon
568 1196 128 64 cauſe
708 1199 79 49 des
796 1196 251 61 ſentimens
1065 1217 94 50 que
1170 1217 121 38 nous
1301 1216 60 32 en
1372 1198 152 53 auons
1545 1192 146 79 nont

452 1281 82 95 8
552 1267 60 46 de
621 1270 134 62 peine
768 1266 26 49 à
809 1272 247 45 conceuoir
1067 1282 244 32 comment
1324 1282 159 31 toutes
1496 1266 62 48 les
1572 1267 123 68 qua-

475 1333 90 45 iter
575 1333 358 66 quiparoiſſent
960 1331 34 49 ſi
1021 1331 288 59 differentes,
1329 1349 202 51 peuuent
1551 1335 140 68 quel-

449 1397 192 64 quefois
658 1401 234 66 compâtir
900 1399 242 55 enſemble
1155 1408 54 44 &
1222 1398 46 50 ſe
1284 1406 270 48 rencontrer
1575 1402 117 49 dans

451 1475 69 38 vn
530 1459 147 79 meſme
690 1466 163 62 ſujet;
876 1473 212 43 Dautant
1102 1466 155 68 que
1197 1459 60 79 la
1269 1465 205 68 pluſpart
1491 1468 198 49 n'eſtant

449 1534 142 64 point
610 1533 63 47 du
694 1548 105 33 tout
811 1535 117 47 dans
918 1527 87 80 les
1014 1532 148 67 ſujets
1182 1532 208 66 auſquels
1403 1552 75 37 on
1495 1533 63 51 les
1576 1554 112 49 rap-

447 1616 166 53 porte,
637 1599 128 50 telles
785 1601 191 68 qu'elles
996 1594 264 79 paroiſſent
1264 1599 28 52 à
1308 1620 88 31 nos
1406 1599 136 62 ſens,
1557 1611 46 41 &
1626 1620 63 36 ne

448 1667 269 68 dependant
734 1679 95 59 que
848 1670 58 49 de
923 1669 44 50 la
985 1668 229 71 groſſcur,
1234 1669 152 69 figure,
1440 1667 246 63 ſituation,

446 1743 50 41 &
517 1749 311 39 mouuement
846 1740 58 49 de
922 1738 118 50 leuts
1059 1741 198 63 parties,
1279 1738 34 44 I
1445 1751 26 32 a
1490 1733 195 69 preſque

443 1807 140 63 point
606 1807 58 46 de
692 1804 253 58 ſentimens
962 1805 41 49 ſi
1033 1802 267 57 differents,
1335 1801 144 69 quvn
1504 1801 180 60 meſme

442 1869 135 68 objet
587 1863 46 78 ne
638 1868 131 49 ſoit
789 1869 188 68 capable
995 1870 250 53 d'exciter:
1278 1872 59 46 Et
1356 1867 117 50 ainſi
1497 1890 50 28 ce
1566 1871 115 49 meſt

443 1955 81 48 pas
544 1936 238 51 merueille
800 1935 36 51 ſi
847 1937 60 55 la
915 1936 182 52 chaleur
1111 1946 50 41 &
1166 1934 307 53 laſchereſſe
1484 1934 45 51 ſe
1541 1953 141 49 trou-

441 1998 115 80 uent
565 1998 125 80 dans
703 2006 52 61 le
770 2004 115 66 feu,
906 2010 100 64 puis
1028 2006 204 65 quelles
1250 2002 257 67 dependent
1528 2023 153 38 toutes

440 2072 120 49 deux
578 2076 56 47 de
646 2074 90 51 ſon
755 2074 234 59 actiuite;
1011 2078 47 43 Si
1070 2074 55 50 la
1144 2069 254 60 blancheur
1419 2081 47 41 &
1488 2073 45 57 la
1545 2075 134 48 dou-

432 2146 115 60 Ceut
560 2138 51 68 ſe
629 2158 222 50 trouuent
868 2143 116 65 dans
1004 2140 52 67 le
1075 2137 128 62 lait,
1223 2138 161 64 Ceſt
1356 2133 32 96 à
1402 2143 138 62 dire,
1568 2141 39 68 ſi
1634 2143 48 66 le

834 2266 12 15 D
