1776 2528
190 179 24 29 Be
253 180 76 7 lanta
863 129 248 45 PREF:A
1136 123 94 51 CE.

151 191 108 58 Sima
263 185 152 70 frein.
467 195 187 48 ettrout
685 192 26 49 à
731 191 84 51 fait
835 190 317 74 incorporelle.
1188 191 255 74 Pourquoy
1477 195 154 46 cräin-

153 267 167 28 <orpoita,
342 267 65 18 cum

157 299 98 42 Deuim
269 295 145 29 faceamar
468 257 292 91 drons-nous
789 255 168 91 qu'elle
996 255 228 88 deuienne
1263 279 92 31 vne
1396 260 237 49 fubftance

159 343 288 28 iacorporeum,nec
471 347 160 40 vaine,
654 350 25 26 à
700 327 126 50 caufe
838 346 63 50 qu
918 327 85 48 elle
1015 328 61 48 et
1094 328 330 67 incorporelle,
1438 342 88 36 veu
1541 346 94 49 que

159 382 66 20 eum
236 371 78 29 caffæ
326 373 91 26 inati-

157 412 71 67 cuis
239 409 51 29 ff
301 410 146 43 dicamns?
469 415 118 29 NOUS
600 401 214 43 auoüons
832 413 92 49 que
936 399 121 45 Dieu
1081 397 67 47 eft
1161 397 288 65 incorporel,
1464 406 44 39 &
1524 413 112 31 tou-

221 458 96 18 itaque
346 457 75 18 potuit
535 474 3 3 ,
597 468 6 6 .
819 475 2 2 .
906 468 4 8 4
1298 466 8 12 3

164 458 185 66 incorporeus
361 488 78 25 Deus
471 461 157 50 teSfois
651 482 119 30 nous
791 482 59 29 ne
870 460 154 51 difons
1045 482 75 46 pas
1133 480 103 50 que
1257 463 115 48 c’eft
1402 482 93 32 vne
1525 461 113 50 fub-

165 527 203 34 incorpoream

697 535 6 6 ,
944 534 5 6 .
1011 533 5 7 ‘
1117 524 21 29 la
1235 524 11 30 SJ
1526 529 13 17 \

165 573 96 18 Dear
273 563 149 32 anima
398 526 13 73 ,
451 526 172 86 flance
633 549 149 31 vaine,
799 530 239 49 Auroit-il
1051 526 253 84 cftémoins
1317 526 194 86 pofhble
1524 550 25 29 à
1572 549 66 31 van

164 600 252 44 quemadmodum
475 604 121 43 Djeu
612 597 287 67 incorporel,
920 597 57 48 de
991 597 215 67 produire
1225 615 93 30 vne
1337 601 122 44 Ame
1479 616 161 29 incot-

163 648 102 33 viuens
279 644 160 37 viucnrem?
771 664 27 15 Nu
951 668 5 5 |
1067 667 6 7 .
1337 663 12 17 ;

476 665 201 67 porelle,
701 683 182 48 qu'avn
898 670 119 49 Dieu
1029 679 165 33 viuant
1207 664 57 46 de
1278 682 118 29 créer
1407 682 93 32 vne
1521 666 122 47 Ame

454 725 333 77 viuanre,puis
796 725 118 77 qu'il
927 729 58 48 eft
1006 729 265 67 également
1292 730 95 48 l'vn
1401 741 45 38 &
1471 731 169 52 l’autre.

480 804 61 44 Et
562 799 31 48 il
618 800 265 46 condamne
904 815 110 29 ceux
1042 802 83 61 qui
1153 801 243 61 croyoient
1419 798 112 66 qu'il
1565 811 79 54 n’y

481 870 127 44 auoic
633 870 97 53 rien
754 865 57 48 de
834 862 87 49 réel
946 873 43 55 &
1027 865 56 47 de
1113 864 224 49 veritable
1363 884 91 49 que
1484 884 49 29 ce
1562 872 83 63 qui

483 932 209 49 romboit
712 930 111 51 fous
846 932 61 47 les
942 928 98 50 fens
1074 940 31 38 &
1111 932 374 66 l'imagination
1509 968 14 21 ,
1560 952 81 47 par

464 1018 87 31 ces
580 999 175 66 paroles
790 1000 63 47 du
886 1001 137 45 Liure
1057 998 47 47 de
1126 1001 46 44 la
1202 998 182 67 quantité
1404 1000 47 45 de
1473 1002 158 56 l'Ame.

173 1061 172 49 Quidenim
344 1061 103 49 miqus
641 1095 22 8 yat
690 1071 35 30 _i
916 1069 6 6 :
1126 1098 4 6 :
1363 1094 2 2 se
1432 1067 28 15 À?
1591 1076 20 8 A

175 1103 256 45 Rrndmea
480 1070 119 70 QU
612 1067 134 47 ya-t-il
760 1066 57 48 de
827 1084 154 30 moins
994 1063 287 81 fuportable,
1314 1084 89 48 que
1416 1084 219 32 d'auouër

174 1143 287 37 diendum
304 1127 59 77 ef
362 1143 99 37 quam
481 1151 93 49 que
585 1152 276 30 nousauons
887 1134 44 47 la
952 1131 152 51 raifon
1126 1151 58 30 au
1203 1133 144 49 deffus
1365 1134 76 47 des
1461 1132 172 61 beîtes,

174 1181 88 29 fateri
271 1191 52 20 nos
333 1183 114 31 ratione

174 1220 134 37 preftare
320 1220 137 29 beñtis
423 1195 40 78 &
481 1210 45 43 &
548 1202 57 48 de
626 1199 219 51 confeffer
866 1220 89 49 que
973 1220 53 29 ce
1051 1202 149 66 quela
1211 1201 201 48 lumiere
1446 1207 191 60 Corpo-

174 1259 108 30 camre
292 1257 86 30 faceri
388 1257 53 28 effe
799 1274 6 6 .
958 1273 6 6 .
1626 1272 7 7 .

180 1262 111 78 liquid
291 1262 91 78 quam
401 1305 61 18 cor.
479 1269 107 53 telle
601 1288 123 31 nous
747 1266 83 50 fait
853 1269 163 57 fentir,,
1039 1269 60 48 eft
1111 1268 212 68 quelque
1344 1266 143 50 chofe
1554 1284 83 50 qui

175 1343 90 29 poreo
276 1335 111 27 lumine
397 1333 61 28 fen-

174 1373 86 28 Fee
268 1328 67 90 qua
374 1373 88 41 cam
480 1335 59 50 eft
554 1329 173 77 mefme
727 1329 328 77 quelquesfois
1066 1354 152 30 mieux
1239 1328 191 90 aperçeu
1454 1335 76 47 des
1558 1335 84 78 be-

175 1410 157 36 nonnullæ
346 1410 95 28 betiæ
481 1401 82 47 ftes
586 1418 91 47 que
696 1402 55 52 de
781 1420 117 30 nous
925 1421 12 33 ;
968 1407 59 44 Et
1057 1401 241 51 routesfois
1329 1403 58 47 de
1408 1400 231 51 fouftenir

176 1448 109 37 melits
294 1456 134 23 cernunt;

173 1488 34 31 id
216 1497 97 19 autem
327 1486 136 38 quodra-
483 1485 90 50 Que
587 1487 48 28 ce
652 1467 153 69 que:la
825 1467 150 53 raifon
995 1488 118 31 nous
1132 1468 94 50 fait
1249 1474 261 63 aperceuoir
1533 1469 106 49 n'eft

163 1530 58 88 nil
223 1530 62 88 elfe
284 1534 179 73 comende.
484 1541 97 43 rien
596 1536 57 47 de
674 1534 121 80 réel,
829 1552 199 60 veu.que
1048 1557 48 34 ce
1118 1538 135 47 feroit
1282 1556 91 29 vne
1396 1534 135 78 chofe
1562 1540 78 44 in-

175 1602 291 75 etn.
485 1605 142 64 digne
657 1603 109 48 d'vn
797 1600 157 69 Efprit
979 1603 297 52 raifonnable
1301 1605 69 45 de
1405 1605 96 45 dire
1536 1601 105 49 feu-

175 1663 110 80 Jeillud
297 1680 169 26 quodoeuli
485 1672 279 65 Jement-que
784 1689 50 28 ce
853 1688 93 51 que
964 1668 44 49 la
1031 1669 151 50 raifon
1201 1688 117 30 nous
1331 1667 91 52 fait
1447 1674 104 44 voir
1572 1668 70 49 fe-

172 1718 108 34 svident
290 1738 9 13 ,
309 1716 137 40 profeét
420 1712 24 48 d

176 1756 235 38 nihilindigeits
483 1743 92 45 _roit
587 1736 249 52 femblable
849 1756 94 39 aux
963 1736 156 53 chofes
1132 1757 182 49 quenos
1326 1753 117 46 yeux
1465 1733 178 52 décou-

175 1789 64 48 dici
251 1789 76 48 poffe
347 1795 113 32 videre-

173 1828 59 44 tur,
479 1824 148 34 urent.

210 1877 143 26 oi
558 1875 37 50 Il
620 1892 26 45 y
670 1892 26 33 a
715 1873 108 45 bien
843 1888 165 29 encore
1026 1871 193 46 d'autres
1243 1871 289 65 points.dans
1551 1869 91 50 lef-

479 1943 134 65 quels
629 1941 47 48 la
698 1940 229 48 Doctrine
948 1937 56 47 de
1025 1941 42 45 S.
1104 1938 229 67 Augultin
1355 1937 61 47 eft
1447 1935 195 53 confor-

479 2026 76 30 me
566 1998 84 70 aux
657 2005 252 53 fentimens
923 2005 55 49 de
992 2003 244 52 Monfieut
1247 2002 251 51 Defcartes.
1514 2009 129 52 Pour

478 2093 120 34 vous
618 2078 41 49 le
678 2074 111 53 faire
810 2077 102 44 voir
927 2110 14 21 ,
966 2089 253 50 permettez
1236 2088 150 46 -moy
1413 2069 232 69 d'aporter

476 2159 168 54 encore
656 2144 219 69 quelques
888 2141 222 69 paflages,
1129 2144 82 66 qui
1226 2153 298 40 montreront
1538 2138 107 63 éui-
