<?xml version="1.0" encoding="UTF-8"?>
<alto xmlns="http://www.loc.gov/standards/alto/ns-v3#" xmlns:xlink="http://www.w3.org/1999/xlink" xmlns:xsi="http://www.w3.org/2001/XMLSchema-instance" xsi:schemaLocation="http://www.loc.gov/standards/alto/ns-v3# http://www.loc.gov/alto/v3/alto-3-0.xsd">
	<Description>
		<MeasurementUnit>pixel</MeasurementUnit>
		<sourceImageInformation>
			<fileName>			</fileName>
		</sourceImageInformation>
		<OCRProcessing ID="OCR_0">
			<ocrProcessingStep>
				<processingSoftware>
					<softwareName>tesseract v4.1.0-elag2019</softwareName>
				</processingSoftware>
			</ocrProcessingStep>
		</OCRProcessing>
	</Description>
	<Layout>
		<Page WIDTH="1776" HEIGHT="2528" PHYSICAL_IMG_NR="0" ID="page_0">
			<PrintSpace HPOS="0" VPOS="0" WIDTH="1776" HEIGHT="2528">
				<TextBlock ID="block_0" HPOS="1387" VPOS="132" WIDTH="27" HEIGHT="34">
					<TextLine ID="line_0" HPOS="1387" VPOS="132" WIDTH="27" HEIGHT="34">
						<String ID="string_0" HPOS="1387" VPOS="132" WIDTH="27" HEIGHT="34" WC="0.3" CONTENT="{"/>
					</TextLine>
				</TextBlock>
				<TextBlock ID="block_1" HPOS="1396" VPOS="221" WIDTH="22" HEIGHT="21">
					<TextLine ID="line_1" HPOS="1396" VPOS="221" WIDTH="22" HEIGHT="21">
						<String ID="string_1" HPOS="1396" VPOS="221" WIDTH="22" HEIGHT="21" WC="0.48" CONTENT="$"/>
					</TextLine>
				</TextBlock>
				<TextBlock ID="block_2" HPOS="155" VPOS="187" WIDTH="1261" HEIGHT="79">
					<TextLine ID="line_2" HPOS="155" VPOS="187" WIDTH="1261" HEIGHT="79">
						<String ID="string_2" HPOS="155" VPOS="189" WIDTH="356" HEIGHT="73" WC="0.0" CONTENT="LÉRRRTE"/><SP WIDTH="-31" VPOS="189" HPOS="511"/>
						<String ID="string_3" HPOS="480" VPOS="183" WIDTH="131" HEIGHT="104" WC="0.16" CONTENT="SE"/><SP WIDTH="16" VPOS="183" HPOS="611"/>
						<String ID="string_4" HPOS="627" VPOS="187" WIDTH="194" HEIGHT="72" WC="0.0" CONTENT="EEE"/><SP WIDTH="242" VPOS="187" HPOS="821"/>
						<String ID="string_5" HPOS="1063" VPOS="189" WIDTH="353" HEIGHT="77" WC="0.7" CONTENT="here"/>
					</TextLine>
				</TextBlock>
				<TextBlock ID="block_3" HPOS="157" VPOS="198" WIDTH="606" HEIGHT="162">
					<TextLine ID="line_3" HPOS="157" VPOS="198" WIDTH="606" HEIGHT="162">
						<String ID="string_6" HPOS="157" VPOS="198" WIDTH="606" HEIGHT="162" WC="0.0" CONTENT="ES"/>
					</TextLine>
				</TextBlock>
				<TextBlock ID="block_4" HPOS="155" VPOS="290" WIDTH="1277" HEIGHT="194">
					<TextLine ID="line_4" HPOS="232" VPOS="290" WIDTH="1200" HEIGHT="98">
						<String ID="string_7" HPOS="232" VPOS="292" WIDTH="133" HEIGHT="95" WC="0.28" CONTENT="SR"/><SP WIDTH="35" VPOS="292" HPOS="365"/>
						<String ID="string_8" HPOS="400" VPOS="291" WIDTH="129" HEIGHT="97" WC="0.7" CONTENT="OO"/><SP WIDTH="7" VPOS="291" HPOS="529"/>
						<String ID="string_9" HPOS="536" VPOS="291" WIDTH="141" HEIGHT="96" WC="0.10" CONTENT="NA"/><SP WIDTH="5" VPOS="291" HPOS="677"/>
						<String ID="string_10" HPOS="682" VPOS="290" WIDTH="133" HEIGHT="97" WC="0.33" CONTENT="PSE"/><SP WIDTH="-20" VPOS="290" HPOS="815"/>
						<String ID="string_11" HPOS="795" VPOS="291" WIDTH="618" HEIGHT="100" WC="0.16" CONTENT="RE"/><SP WIDTH="16" VPOS="291" HPOS="1413"/>
						<String ID="string_12" HPOS="1429" VPOS="290" WIDTH="3" HEIGHT="4" WC="0.37" CONTENT="RCE"/>
					</TextLine>
					<TextLine ID="line_5" HPOS="155" VPOS="361" WIDTH="1202" HEIGHT="123">
						<String ID="string_13" HPOS="155" VPOS="365" WIDTH="150" HEIGHT="96" WC="0.0" CONTENT="SC"/><SP WIDTH="0" VPOS="365" HPOS="305"/>
						<String ID="string_14" HPOS="305" VPOS="363" WIDTH="242" HEIGHT="98" WC="0.0" CONTENT="UEReR"/><SP WIDTH="0" VPOS="363" HPOS="547"/>
						<String ID="string_15" HPOS="547" VPOS="363" WIDTH="110" HEIGHT="98" WC="0.0" CONTENT="ed"/><SP WIDTH="6" VPOS="363" HPOS="657"/>
						<String ID="string_16" HPOS="663" VPOS="363" WIDTH="93" HEIGHT="98" WC="0.10" CONTENT="ee"/><SP WIDTH="0" VPOS="363" HPOS="756"/>
						<String ID="string_17" HPOS="756" VPOS="361" WIDTH="198" HEIGHT="123" WC="0.46" CONTENT="dote"/><SP WIDTH="99" VPOS="361" HPOS="954"/>
						<String ID="string_18" HPOS="1053" VPOS="364" WIDTH="88" HEIGHT="99" WC="0.0" CONTENT="eo"/><SP WIDTH="0" VPOS="364" HPOS="1141"/>
						<String ID="string_19" HPOS="1141" VPOS="365" WIDTH="216" HEIGHT="98" WC="0.4" CONTENT="de"/>
					</TextLine>
				</TextBlock>
				<TextBlock ID="block_5" HPOS="159" VPOS="523" WIDTH="1254" HEIGHT="174">
					<TextLine ID="line_6" HPOS="159" VPOS="523" WIDTH="1254" HEIGHT="174">
						<String ID="string_20" HPOS="159" VPOS="514" WIDTH="1254" HEIGHT="183" WC="0.89" CONTENT="TRAITTE"/>
					</TextLine>
				</TextBlock>
				<TextBlock ID="block_6" HPOS="161" VPOS="728" WIDTH="1255" HEIGHT="312">
					<TextLine ID="line_7" HPOS="377" VPOS="728" WIDTH="811" HEIGHT="81">
						<String ID="string_21" HPOS="377" VPOS="728" WIDTH="160" HEIGHT="73" WC="0.94" CONTENT="DE"/><SP WIDTH="91" VPOS="728" HPOS="537"/>
						<String ID="string_22" HPOS="628" VPOS="728" WIDTH="560" HEIGHT="81" WC="0.89" CONTENT="L&#39;ESPRIT"/>
					</TextLine>
					<TextLine ID="line_8" HPOS="161" VPOS="871" WIDTH="1255" HEIGHT="169">
						<String ID="string_23" HPOS="161" VPOS="871" WIDTH="242" HEIGHT="139" WC="0.96" CONTENT="DE"/><SP WIDTH="120" VPOS="871" HPOS="403"/>
						<String ID="string_24" HPOS="523" VPOS="874" WIDTH="893" HEIGHT="166" WC="0.95" CONTENT="L&#39;HOMME"/>
					</TextLine>
				</TextBlock>
				<TextBlock ID="block_7" HPOS="365" VPOS="1124" WIDTH="858" HEIGHT="193">
					<TextLine ID="line_9" HPOS="365" VPOS="1124" WIDTH="858" HEIGHT="73">
						<String ID="string_25" HPOS="365" VPOS="1124" WIDTH="196" HEIGHT="72" WC="0.4" CONTENT="Deffein"/><SP WIDTH="28" VPOS="1124" HPOS="561"/>
						<String ID="string_26" HPOS="589" VPOS="1134" WIDTH="66" HEIGHT="51" WC="0.59" CONTENT="€"/><SP WIDTH="31" VPOS="1134" HPOS="655"/>
						<String ID="string_27" HPOS="686" VPOS="1124" WIDTH="194" HEIGHT="73" WC="0.79" CONTENT="diuifion"/><SP WIDTH="24" VPOS="1124" HPOS="880"/>
						<String ID="string_28" HPOS="904" VPOS="1124" WIDTH="67" HEIGHT="71" WC="0.94" CONTENT="du"/><SP WIDTH="26" VPOS="1124" HPOS="971"/>
						<String ID="string_29" HPOS="997" VPOS="1126" WIDTH="226" HEIGHT="66" WC="0.2" CONTENT="Traité:"/>
					</TextLine>
					<TextLine ID="line_10" HPOS="534" VPOS="1260" WIDTH="534" HEIGHT="57">
						<String ID="string_30" HPOS="534" VPOS="1260" WIDTH="413" HEIGHT="57" WC="0.94" CONTENT="CHAPITRE"/><SP WIDTH="76" VPOS="1260" HPOS="947"/>
						<String ID="string_31" HPOS="1023" VPOS="1269" WIDTH="45" HEIGHT="48" WC="0.74" CONTENT="I."/>
					</TextLine>
				</TextBlock>
				<TextBlock ID="block_8" HPOS="165" VPOS="1049" WIDTH="1196" HEIGHT="22">
					<TextLine ID="line_11" HPOS="165" VPOS="1049" WIDTH="1196" HEIGHT="22">
						<String ID="string_32" HPOS="165" VPOS="1049" WIDTH="1196" HEIGHT="22" WC="0.95" CONTENT=" "/>
					</TextLine>
				</TextBlock>
				<TextBlock ID="block_9" HPOS="336" VPOS="1399" WIDTH="1086" HEIGHT="108">
					<TextLine ID="line_12" HPOS="336" VPOS="1399" WIDTH="1086" HEIGHT="108">
						<String ID="string_33" HPOS="336" VPOS="1409" WIDTH="56" HEIGHT="60" WC="0.14" CONTENT="OU"/><SP WIDTH="-19" VPOS="1409" HPOS="392"/>
						<String ID="string_34" HPOS="373" VPOS="1399" WIDTH="93" HEIGHT="108" WC="0.0" CONTENT="("/><SP WIDTH="23" VPOS="1399" HPOS="466"/>
						<String ID="string_35" HPOS="489" VPOS="1405" WIDTH="37" HEIGHT="47" WC="0.89" CONTENT="E"/><SP WIDTH="33" VPOS="1405" HPOS="526"/>
						<String ID="string_36" HPOS="559" VPOS="1421" WIDTH="59" HEIGHT="31" WC="0.96" CONTENT="ne"/><SP WIDTH="22" VPOS="1421" HPOS="618"/>
						<String ID="string_37" HPOS="640" VPOS="1404" WIDTH="144" HEIGHT="49" WC="0.96" CONTENT="doute"/><SP WIDTH="22" VPOS="1404" HPOS="784"/>
						<String ID="string_38" HPOS="806" VPOS="1404" WIDTH="137" HEIGHT="65" WC="0.96" CONTENT="point"/><SP WIDTH="23" VPOS="1404" HPOS="943"/>
						<String ID="string_39" HPOS="966" VPOS="1403" WIDTH="91" HEIGHT="67" WC="0.95" CONTENT="que"/><SP WIDTH="24" VPOS="1403" HPOS="1057"/>
						<String ID="string_40" HPOS="1081" VPOS="1410" WIDTH="111" HEIGHT="42" WC="0.96" CONTENT="ceux"/><SP WIDTH="33" VPOS="1410" HPOS="1192"/>
						<String ID="string_41" HPOS="1225" VPOS="1402" WIDTH="84" HEIGHT="66" WC="0.93" CONTENT="qui"/><SP WIDTH="26" VPOS="1402" HPOS="1309"/>
						<String ID="string_42" HPOS="1335" VPOS="1408" WIDTH="87" HEIGHT="44" WC="0.91" CONTENT="au-"/>
					</TextLine>
				</TextBlock>
				<TextBlock ID="block_10" HPOS="211" VPOS="1407" WIDTH="150" HEIGHT="61">
					<TextLine ID="line_13" HPOS="211" VPOS="1407" WIDTH="144" HEIGHT="33">
						<String ID="string_43" HPOS="211" VPOS="1410" WIDTH="91" HEIGHT="28" WC="0.56" CONTENT="DE"/><SP WIDTH="23" VPOS="1410" HPOS="302"/>
						<String ID="string_44" HPOS="325" VPOS="1407" WIDTH="30" HEIGHT="33" WC="0.43" CONTENT="Nu"/>
					</TextLine>
					<TextLine ID="line_14" HPOS="247" VPOS="1432" WIDTH="108" HEIGHT="21">
						<String ID="string_45" HPOS="247" VPOS="1432" WIDTH="11" HEIGHT="11" WC="0.62" CONTENT="ÿ"/><SP WIDTH="81" VPOS="1432" HPOS="258"/>
						<String ID="string_46" HPOS="339" VPOS="1432" WIDTH="9" HEIGHT="31" WC="0.44" CONTENT="KR"/>
					</TextLine>
					<TextLine ID="line_15" HPOS="338" VPOS="1454" WIDTH="23" HEIGHT="14">
						<String ID="string_47" HPOS="338" VPOS="1454" WIDTH="23" HEIGHT="14" WC="0.0" CONTENT="Cù"/>
					</TextLine>
				</TextBlock>
				<TextBlock ID="block_11" HPOS="159" VPOS="1397" WIDTH="312" HEIGHT="303">
					<TextLine ID="line_16" HPOS="159" VPOS="1397" WIDTH="232" HEIGHT="123">
						<String ID="string_48" HPOS="159" VPOS="1397" WIDTH="232" HEIGHT="123" WC="0.95" CONTENT="     "/>
					</TextLine>
					<TextLine ID="line_17" HPOS="159" VPOS="1561" WIDTH="312" HEIGHT="139">
						<String ID="string_49" HPOS="159" VPOS="1561" WIDTH="312" HEIGHT="139" WC="0.95" CONTENT="  "/>
					</TextLine>
				</TextBlock>
				<TextBlock ID="block_12" HPOS="136" VPOS="1462" WIDTH="1347" HEIGHT="756">
					<TextLine ID="line_18" HPOS="343" VPOS="1462" WIDTH="1122" HEIGHT="74">
						<String ID="string_50" HPOS="343" VPOS="1462" WIDTH="123" HEIGHT="72" WC="0.25" CONTENT="SES"/><SP WIDTH="25" VPOS="1462" HPOS="466"/>
						<String ID="string_51" HPOS="491" VPOS="1487" WIDTH="111" HEIGHT="33" WC="0.91" CONTENT="ront"/><SP WIDTH="37" VPOS="1487" HPOS="602"/>
						<String ID="string_52" HPOS="639" VPOS="1472" WIDTH="75" HEIGHT="48" WC="0.96" CONTENT="leu"/><SP WIDTH="48" VPOS="1472" HPOS="714"/>
						<String ID="string_53" HPOS="762" VPOS="1471" WIDTH="62" HEIGHT="48" WC="0.93" CONTENT="les"/><SP WIDTH="43" VPOS="1471" HPOS="824"/>
						<String ID="string_54" HPOS="867" VPOS="1468" WIDTH="167" HEIGHT="51" WC="0.90" CONTENT="Efcrits"/><SP WIDTH="40" VPOS="1468" HPOS="1034"/>
						<String ID="string_55" HPOS="1074" VPOS="1471" WIDTH="58" HEIGHT="48" WC="0.93" CONTENT="de"/><SP WIDTH="42" VPOS="1471" HPOS="1132"/>
						<String ID="string_56" HPOS="1174" VPOS="1470" WIDTH="245" HEIGHT="51" WC="0.60" CONTENT="Monfeur"/>
					</TextLine>
					<TextLine ID="line_19" HPOS="269" VPOS="1531" WIDTH="1147" HEIGHT="80">
						<String ID="string_57" HPOS="269" VPOS="1531" WIDTH="30" HEIGHT="38" WC="0.74" CONTENT="a"/><SP WIDTH="35" VPOS="1531" HPOS="299"/>
						<String ID="string_58" HPOS="334" VPOS="1545" WIDTH="60" HEIGHT="49" WC="0.41" CONTENT="ES"/><SP WIDTH="18" VPOS="1545" HPOS="394"/>
						<String ID="string_59" HPOS="412" VPOS="1533" WIDTH="49" HEIGHT="72" WC="0.4" CONTENT="5)"/><SP WIDTH="31" VPOS="1533" HPOS="461"/>
						<String ID="string_60" HPOS="492" VPOS="1536" WIDTH="239" HEIGHT="51" WC="0.88" CONTENT="Defcartes"/><SP WIDTH="24" VPOS="1536" HPOS="731"/>
						<String ID="string_61" HPOS="755" VPOS="1577" WIDTH="13" HEIGHT="20" WC="0.88" CONTENT=","/><SP WIDTH="24" VPOS="1577" HPOS="768"/>
						<String ID="string_62" HPOS="792" VPOS="1548" WIDTH="45" HEIGHT="39" WC="0.91" CONTENT="&amp;"/><SP WIDTH="23" VPOS="1548" HPOS="837"/>
						<String ID="string_63" HPOS="860" VPOS="1542" WIDTH="83" HEIGHT="62" WC="0.96" CONTENT="qui"/><SP WIDTH="20" VPOS="1542" HPOS="943"/>
						<String ID="string_64" HPOS="963" VPOS="1555" WIDTH="171" HEIGHT="32" WC="0.96" CONTENT="auront"/><SP WIDTH="21" VPOS="1555" HPOS="1134"/>
						<String ID="string_65" HPOS="1155" VPOS="1542" WIDTH="91" HEIGHT="64" WC="0.96" CONTENT="pris"/><SP WIDTH="30" VPOS="1542" HPOS="1246"/>
						<String ID="string_66" HPOS="1276" VPOS="1536" WIDTH="140" HEIGHT="75" WC="0.96" CONTENT="garde"/>
					</TextLine>
					<TextLine ID="line_20" HPOS="409" VPOS="1603" WIDTH="1012" HEIGHT="65">
						<String ID="string_67" HPOS="340" VPOS="1611" WIDTH="124" HEIGHT="57" WC="0.37" CONTENT="DR"/><SP WIDTH="28" VPOS="1611" HPOS="464"/>
						<String ID="string_68" HPOS="492" VPOS="1624" WIDTH="111" HEIGHT="29" WC="0.87" CONTENT="auec"/><SP WIDTH="36" VPOS="1624" HPOS="603"/>
						<String ID="string_69" HPOS="639" VPOS="1606" WIDTH="229" HEIGHT="48" WC="0.93" CONTENT="combien"/><SP WIDTH="12" VPOS="1606" HPOS="868"/>
						<String ID="string_70" HPOS="880" VPOS="1607" WIDTH="58" HEIGHT="47" WC="0.93" CONTENT="de"/><SP WIDTH="21" VPOS="1607" HPOS="938"/>
						<String ID="string_71" HPOS="959" VPOS="1603" WIDTH="172" HEIGHT="52" WC="0.93" CONTENT="facilité"/><SP WIDTH="24" VPOS="1603" HPOS="1131"/>
						<String ID="string_72" HPOS="1155" VPOS="1617" WIDTH="46" HEIGHT="38" WC="0.93" CONTENT="&amp;"/><SP WIDTH="32" VPOS="1617" HPOS="1201"/>
						<String ID="string_73" HPOS="1233" VPOS="1607" WIDTH="57" HEIGHT="46" WC="0.93" CONTENT="de"/><SP WIDTH="20" VPOS="1607" HPOS="1290"/>
						<String ID="string_74" HPOS="1310" VPOS="1605" WIDTH="111" HEIGHT="46" WC="0.93" CONTENT="clar-"/>
					</TextLine>
					<TextLine ID="line_21" HPOS="387" VPOS="1669" WIDTH="1034" HEIGHT="68">
						<String ID="string_75" HPOS="492" VPOS="1670" WIDTH="44" HEIGHT="45" WC="0.94" CONTENT="té"/><SP WIDTH="31" VPOS="1670" HPOS="536"/>
						<String ID="string_76" HPOS="567" VPOS="1672" WIDTH="31" HEIGHT="45" WC="0.94" CONTENT="il"/><SP WIDTH="22" VPOS="1672" HPOS="598"/>
						<String ID="string_77" HPOS="620" VPOS="1691" WIDTH="25" HEIGHT="27" WC="0.95" CONTENT="a"/><SP WIDTH="22" VPOS="1691" HPOS="645"/>
						<String ID="string_78" HPOS="667" VPOS="1672" WIDTH="219" HEIGHT="72" WC="0.96" CONTENT="expliqué"/><SP WIDTH="31" VPOS="1672" HPOS="886"/>
						<String ID="string_79" HPOS="917" VPOS="1690" WIDTH="105" HEIGHT="30" WC="0.92" CONTENT="tous"/><SP WIDTH="33" VPOS="1690" HPOS="1022"/>
						<String ID="string_80" HPOS="1055" VPOS="1674" WIDTH="62" HEIGHT="47" WC="0.93" CONTENT="les"/><SP WIDTH="28" VPOS="1674" HPOS="1117"/>
						<String ID="string_81" HPOS="1145" VPOS="1669" WIDTH="276" HEIGHT="52" WC="0.88" CONTENT="Phenomé-"/>
					</TextLine>
					<TextLine ID="line_22" HPOS="172" VPOS="1736" WIDTH="1249" HEIGHT="53">
						<String ID="string_82" HPOS="172" VPOS="1752" WIDTH="79" HEIGHT="32" WC="0.95" CONTENT="nes"/><SP WIDTH="33" VPOS="1752" HPOS="251"/>
						<String ID="string_83" HPOS="284" VPOS="1736" WIDTH="65" HEIGHT="48" WC="0.95" CONTENT="du"/><SP WIDTH="25" VPOS="1736" HPOS="349"/>
						<String ID="string_84" HPOS="374" VPOS="1736" WIDTH="166" HEIGHT="49" WC="0.96" CONTENT="Grand"/><SP WIDTH="24" VPOS="1736" HPOS="540"/>
						<String ID="string_85" HPOS="564" VPOS="1738" WIDTH="218" HEIGHT="51" WC="0.71" CONTENT="Monde,"/><SP WIDTH="34" VPOS="1738" HPOS="782"/>
						<String ID="string_86" HPOS="816" VPOS="1747" WIDTH="45" HEIGHT="36" WC="0.92" CONTENT="&amp;"/><SP WIDTH="28" VPOS="1747" HPOS="861"/>
						<String ID="string_87" HPOS="889" VPOS="1754" WIDTH="105" HEIGHT="29" WC="0.96" CONTENT="tous"/><SP WIDTH="23" VPOS="1754" HPOS="994"/>
						<String ID="string_88" HPOS="1017" VPOS="1739" WIDTH="63" HEIGHT="44" WC="0.92" CONTENT="les"/><SP WIDTH="23" VPOS="1739" HPOS="1080"/>
						<String ID="string_89" HPOS="1103" VPOS="1744" WIDTH="318" HEIGHT="41" WC="0.91" CONTENT="Mouuemens"/>
					</TextLine>
					<TextLine ID="line_23" HPOS="170" VPOS="1803" WIDTH="1254" HEIGHT="69">
						<String ID="string_90" HPOS="170" VPOS="1803" WIDTH="66" HEIGHT="48" WC="0.96" CONTENT="du"/><SP WIDTH="31" VPOS="1803" HPOS="236"/>
						<String ID="string_91" HPOS="267" VPOS="1808" WIDTH="162" HEIGHT="54" WC="0.91" CONTENT="Petit,"/><SP WIDTH="42" VPOS="1808" HPOS="429"/>
						<String ID="string_92" HPOS="471" VPOS="1807" WIDTH="191" HEIGHT="64" WC="0.49" CONTENT="n&#39;agent"/><SP WIDTH="37" VPOS="1807" HPOS="662"/>
						<String ID="string_93" HPOS="699" VPOS="1803" WIDTH="242" HEIGHT="69" WC="0.96" CONTENT="beaucoup"/><SP WIDTH="34" VPOS="1803" HPOS="941"/>
						<String ID="string_94" HPOS="975" VPOS="1803" WIDTH="57" HEIGHT="49" WC="0.96" CONTENT="de"/><SP WIDTH="36" VPOS="1803" HPOS="1032"/>
						<String ID="string_95" HPOS="1068" VPOS="1818" WIDTH="151" HEIGHT="54" WC="0.96" CONTENT="regret"/><SP WIDTH="40" VPOS="1818" HPOS="1219"/>
						<String ID="string_96" HPOS="1259" VPOS="1819" WIDTH="93" HEIGHT="51" WC="0.96" CONTENT="que"/><SP WIDTH="29" VPOS="1819" HPOS="1352"/>
						<String ID="string_97" HPOS="1381" VPOS="1805" WIDTH="43" HEIGHT="49" WC="0.94" CONTENT="la"/>
					</TextLine>
					<TextLine ID="line_24" HPOS="173" VPOS="1867" WIDTH="1248" HEIGHT="95">
						<String ID="string_98" HPOS="173" VPOS="1872" WIDTH="138" HEIGHT="48" WC="0.95" CONTENT="Mort"/><SP WIDTH="39" VPOS="1872" HPOS="311"/>
						<String ID="string_99" HPOS="350" VPOS="1873" WIDTH="96" HEIGHT="48" WC="0.83" CONTENT="l&#39;ait"/><SP WIDTH="22" VPOS="1873" HPOS="446"/>
						<String ID="string_100" HPOS="468" VPOS="1867" WIDTH="262" HEIGHT="95" WC="0.19" CONTENT="empefché"/><SP WIDTH="48" VPOS="1867" HPOS="730"/>
						<String ID="string_101" HPOS="778" VPOS="1874" WIDTH="59" HEIGHT="49" WC="0.95" CONTENT="de"/><SP WIDTH="41" VPOS="1874" HPOS="837"/>
						<String ID="string_102" HPOS="878" VPOS="1891" WIDTH="121" HEIGHT="32" WC="0.95" CONTENT="nous"/><SP WIDTH="39" VPOS="1891" HPOS="999"/>
						<String ID="string_103" HPOS="1038" VPOS="1872" WIDTH="183" HEIGHT="49" WC="0.94" CONTENT="donner"/><SP WIDTH="37" VPOS="1872" HPOS="1221"/>
						<String ID="string_104" HPOS="1258" VPOS="1890" WIDTH="50" HEIGHT="29" WC="0.96" CONTENT="ce"/><SP WIDTH="32" VPOS="1890" HPOS="1308"/>
						<String ID="string_105" HPOS="1340" VPOS="1877" WIDTH="81" HEIGHT="64" WC="0.96" CONTENT="qui"/>
					</TextLine>
					<TextLine ID="line_25" HPOS="177" VPOS="1934" WIDTH="1248" HEIGHT="74">
						<String ID="string_106" HPOS="177" VPOS="1937" WIDTH="77" HEIGHT="78" WC="0.28" CONTENT="luy"/><SP WIDTH="26" VPOS="1937" HPOS="254"/>
						<String ID="string_107" HPOS="280" VPOS="1940" WIDTH="200" HEIGHT="50" WC="0.88" CONTENT="reftoit"/><SP WIDTH="-33" VPOS="1940" HPOS="480"/>
						<String ID="string_108" HPOS="447" VPOS="1930" WIDTH="60" HEIGHT="89" WC="0.93" CONTENT="à"/><SP WIDTH="24" VPOS="1930" HPOS="507"/>
						<String ID="string_109" HPOS="531" VPOS="1942" WIDTH="289" HEIGHT="48" WC="0.92" CONTENT="demonftrer"/><SP WIDTH="31" VPOS="1942" HPOS="820"/>
						<String ID="string_110" HPOS="851" VPOS="1980" WIDTH="13" HEIGHT="21" WC="0.88" CONTENT=","/><SP WIDTH="39" VPOS="1980" HPOS="864"/>
						<String ID="string_111" HPOS="903" VPOS="1958" WIDTH="119" HEIGHT="50" WC="0.96" CONTENT="pour"/><SP WIDTH="28" VPOS="1958" HPOS="1022"/>
						<String ID="string_112" HPOS="1050" VPOS="1957" WIDTH="121" HEIGHT="32" WC="0.96" CONTENT="nous"/><SP WIDTH="28" VPOS="1957" HPOS="1171"/>
						<String ID="string_113" HPOS="1199" VPOS="1934" WIDTH="111" HEIGHT="55" WC="0.93" CONTENT="faire"/><SP WIDTH="28" VPOS="1934" HPOS="1310"/>
						<String ID="string_114" HPOS="1338" VPOS="1960" WIDTH="88" HEIGHT="41" WC="0.87" CONTENT="en-"/>
					</TextLine>
					<TextLine ID="line_26" HPOS="177" VPOS="2007" WIDTH="1246" HEIGHT="56">
						<String ID="string_115" HPOS="177" VPOS="2009" WIDTH="247" HEIGHT="66" WC="0.54" CONTENT="ticrement"/><SP WIDTH="44" VPOS="2009" HPOS="424"/>
						<String ID="string_116" HPOS="468" VPOS="2009" WIDTH="267" HEIGHT="50" WC="0.13" CONTENT="connoïftre"/><SP WIDTH="34" VPOS="2009" HPOS="735"/>
						<String ID="string_117" HPOS="769" VPOS="2010" WIDTH="43" HEIGHT="47" WC="0.96" CONTENT="la"/><SP WIDTH="31" VPOS="2010" HPOS="812"/>
						<String ID="string_118" HPOS="843" VPOS="2013" WIDTH="182" HEIGHT="46" WC="0.96" CONTENT="Nature"/><SP WIDTH="37" VPOS="2013" HPOS="1025"/>
						<String ID="string_119" HPOS="1062" VPOS="2009" WIDTH="57" HEIGHT="46" WC="0.96" CONTENT="de"/><SP WIDTH="36" VPOS="2009" HPOS="1119"/>
						<String ID="string_120" HPOS="1155" VPOS="2007" WIDTH="268" HEIGHT="56" WC="0.93" CONTENT="l&#39;Homme,"/>
					</TextLine>
					<TextLine ID="line_27" HPOS="136" VPOS="2071" WIDTH="1291" HEIGHT="92">
						<String ID="string_121" HPOS="178" VPOS="2075" WIDTH="51" HEIGHT="43" WC="0.1" CONTENT="Ie"/><SP WIDTH="38" VPOS="2075" HPOS="229"/>
						<String ID="string_122" HPOS="267" VPOS="2081" WIDTH="144" HEIGHT="45" WC="0.95" CONTENT="crains"/><SP WIDTH="58" VPOS="2081" HPOS="411"/>
						<String ID="string_123" HPOS="469" VPOS="2078" WIDTH="110" HEIGHT="51" WC="0.92" CONTENT="bien"/><SP WIDTH="61" VPOS="2078" HPOS="579"/>
						<String ID="string_124" HPOS="640" VPOS="2076" WIDTH="280" HEIGHT="62" WC="0.91" CONTENT="neanmoins"/><SP WIDTH="40" VPOS="2076" HPOS="920"/>
						<String ID="string_125" HPOS="960" VPOS="2071" WIDTH="137" HEIGHT="92" WC="0.92" CONTENT="qu&#39;au"/><SP WIDTH="38" VPOS="2071" HPOS="1097"/>
						<String ID="string_126" HPOS="1135" VPOS="2075" WIDTH="92" HEIGHT="49" WC="0.96" CONTENT="lieu"/><SP WIDTH="38" VPOS="2075" HPOS="1227"/>
						<String ID="string_127" HPOS="1265" VPOS="2077" WIDTH="57" HEIGHT="50" WC="0.96" CONTENT="de"/><SP WIDTH="38" VPOS="2077" HPOS="1322"/>
						<String ID="string_128" HPOS="1360" VPOS="2079" WIDTH="67" HEIGHT="50" WC="0.71" CONTENT="les"/>
					</TextLine>
					<TextLine ID="line_28" HPOS="180" VPOS="2137" WIDTH="1303" HEIGHT="81">
						<String ID="string_129" HPOS="179" VPOS="2137" WIDTH="219" HEIGHT="74" WC="0.90" CONTENT="confoler"/><SP WIDTH="15" VPOS="2137" HPOS="398"/>
						<String ID="string_130" HPOS="413" VPOS="2146" WIDTH="58" HEIGHT="72" WC="0.96" CONTENT="de"/><SP WIDTH="22" VPOS="2146" HPOS="471"/>
						<String ID="string_131" HPOS="493" VPOS="2164" WIDTH="120" HEIGHT="49" WC="0.94" CONTENT="cette"/><SP WIDTH="19" VPOS="2164" HPOS="613"/>
						<String ID="string_132" HPOS="632" VPOS="2163" WIDTH="203" HEIGHT="55" WC="0.96" CONTENT="perte,"/><SP WIDTH="-24" VPOS="2163" HPOS="835"/>
						<String ID="string_133" HPOS="811" VPOS="2168" WIDTH="49" HEIGHT="48" WC="0.92" CONTENT="ce"/><SP WIDTH="19" VPOS="2168" HPOS="860"/>
						<String ID="string_134" HPOS="879" VPOS="2141" WIDTH="179" HEIGHT="75" WC="0.92" CONTENT="Traitté"/><SP WIDTH="10" VPOS="2141" HPOS="1058"/>
						<String ID="string_135" HPOS="1068" VPOS="2160" WIDTH="107" HEIGHT="75" WC="0.95" CONTENT="que"/><SP WIDTH="30" VPOS="2160" HPOS="1175"/>
						<String ID="string_136" HPOS="1205" VPOS="2147" WIDTH="41" HEIGHT="47" WC="0.76" CONTENT="ic"/><SP WIDTH="20" VPOS="2147" HPOS="1246"/>
						<String ID="string_137" HPOS="1266" VPOS="2147" WIDTH="164" HEIGHT="66" WC="0.76" CONTENT="donne"/>
					</TextLine>
				</TextBlock>
				<TextBlock ID="block_13" HPOS="1212" VPOS="2218" WIDTH="46" HEIGHT="48">
					<TextLine ID="line_29" HPOS="1212" VPOS="2218" WIDTH="46" HEIGHT="48">
						<String ID="string_138" HPOS="1212" VPOS="2218" WIDTH="46" HEIGHT="48" WC="0.91" CONTENT="À"/>
					</TextLine>
				</TextBlock>
			</PrintSpace>
		</Page>
	</Layout>
</alto>
