1776 2528
1300 91 16 10 LL

519 90 384 57 PREFACE:

131 159 120 72 palle
270 198 14 22 ,
316 158 41 50 ie
377 161 60 47 ne
456 155 69 52 dis
546 178 75 48 pas
645 160 113 47 dans
789 156 87 51 fon
897 163 152 63 Corps
1068 170 18 46 ;
1109 161 219 49 maisen’

120 232 115 64 Juy;
251 227 121 51 C’eft
384 244 247 53 pourquoy
645 227 161 67 quand
818 245 90 32 vne
919 225 137 49 chofe
1071 230 82 63 qui
1164 225 136 68 penfe

120 296 207 51 cherche
348 315 50 29 ce
421 313 91 52 que
531 295 256 67 c'eftqu'vn
808 293 175 69 Efprit,
1013 294 101 67 c'eft
1135 292 26 50 à
1184 294 114 59 dire,

134 384 47 29 ce
191 364 169 68 qu'elle
381 365 87 56 eft,
487 366 339 45 certainement
842 363 91 53 elle
962 366 105 45 doit
1096 367 204 44 coanoi-

117 431 98 49 ftre
237 431 167 69 qu'elle
424 430 285 65 cherche,
653 424 40 80 &
732 430 168 69 qu’elle
921 430 60 47 eft
1004 428 92 52 vne
1117 433 182 46 Nature

132 504 82 63 qui
226 496 163 71 penfe,
413 496 251 69 laquellefe
677 497 196 48 cherche
896 497 85 47 elle
994 494 198 57 mefme;
1208 502 91 44 Car

132 567 84 47 clle
237 586 60 29 ne
315 582 109 50 peut
436 584 78 49 pas
528 564 43 48 fe
594 564 217 49 chercher
832 580 264 31 autrement
1116 581 184 49 quepar

130 635 89 47 elle
241 631 210 60 mefme,
477 630 100 48 c'eft
597 629 27 49 à
645 631 97 47 dire
760 667 13 21 ,
797 649 79 49 par
898 629 64 49 fes
975 630 199 66 pensées.
1200 636 102 45 Re-

121 698 311 51 ‘connoiffant
455 697 358 70 doncqu'ellefe
826 697 218 58 cherche,
1068 698 86 48 elle
1174 696 135 51 fere-

122 767 226 51 connoift
379 785 78 50 par
471 764 175 50 mefme
659 784 175 47 moyen
858 787 11 32 ;
898 775 44 39 &
958 781 105 33 tout
1075 772 48 42 ce
1136 767 167 66 qu'elle

134 834 213 58 connoift
358 851 118 50 pour
490 835 116 56 lors,
628 833 84 47 elle
726 834 40 46 le
777 832 213 50 connoift
1002 850 130 32 toute
1153 838 149 44 entie-

124 919 78 35 te;
226 912 45 40 &
265 895 135 70 ainfi
408 901 97 48 elle
529 900 44 49 fe
585 900 213 49 connoift
823 916 130 33 toute
971 904 171 45 entiere
1161 921 11 33 ;
1199 900 113 51 c'eft

124 966 169 62 âdire,
328 970 85 47 elle
459 972 269 64 s’'apperçoit
764 969 77 46 des
875 969 119 48 deux
1024 969 274 67 principales

133 1034 178 51 {ources
333 1038 57 46 de
411 1035 63 49 fes
496 1034 199 68 penfées.
719 1029 97 77 Que
815 1054 219 30 fiellene
1048 1033 250 52 fecherche

128 1121 81 48 pas
233 1120 104 33 tout
356 1108 203 53 entiere,
581 1119 138 49 ayant
738 1100 119 52 defia
869 1101 162 51 trouué
1050 1121 88 31 vne
1146 1109 153 61 partie

132 1170 131 49 d'elle
275 1170 202 59 mefme,
501 1170 98 49 c'eft
622 1169 26 49 à
672 1168 187 64 fçauoir
881 1171 417 57 l'Entendement,

125 1238 333 67 parexemple,
489 1242 82 64 qui
595 1237 59 48 eft
675 1238 41 48 la
736 1241 224 63 premiere
987 1234 159 51 fource
1166 1235 131 51 defes

133 1304 209 65 penfées,
363 1302 282 54 toutes-fois
666 1322 132 51 parce
819 1304 168 67 qu'elle
1008 1323 59 33 ne
1091 1321 107 51 peut
1223 1324 76 49 pas

128 1368 50 50 e
199 1374 216 48 chercher
437 1370 100 52 fans
567 1375 62 64 s’y
652 1371 240 68 employer
922 1388 133 33 toute
1090 1377 210 53 entiere,

130 1439 284 59 c'eftà.dire,
441 1438 99 51 fans
553 1457 165 32 mettre
730 1437 93 52 fon
834 1441 348 50 Entendement
1199 1449 43 40 &
1257 1439 46 50 fa

126 1506 229 47 Volonté
370 1517 64 38 en
454 1512 197 43 exercice
666 1528 18 33 ;
710 1510 122 47 L’vn
854 1523 162 33 entant
1040 1508 263 67 qu'elleap-

123 1575 219 61 perçoit,
368 1583 46 38 &
436 1574 158 48 l’autre
611 1591 165 32 entant
788 1592 90 51 que
902 1574 99 49 c'eft
1020 1574 286 54 d'elle-mef-

128 1655 86 30 me
237 1637 169 66 qu'elle
435 1637 43 47 fe
500 1658 133 45 porte
652 1640 26 49 à
704 1658 118 31 cette
847 1643 281 59 recherche,
1152 1658 151 37 toutes

128 1703 72 48 les
223 1703 184 68 fources
423 1704 58 48 de
498 1703 64 50 fes
584 1706 184 64 pensées
769 1707 125 49 font
918 1710 173 45 deuant
1112 1709 105 46 elles
1247 1709 58 45 de

126 1770 118 50 telle
269 1771 121 50 forte
409 1776 211 64 que'rien
642 1790 60 29 ne
725 1769 77 68 luy
834 1769 201 65 fçauroit
1068 1770 110 49 eftre
1202 1771 101 68 plus

111 1836 207 70 “prefent
343 1840 168 68 qu'elle
523 1838 186 50 mefme.
1211 1860 50 26 =

137 1968 6 9 _
214 1914 72 42 Ce
305 1908 183 68 paffage
515 1927 59 30 ne
597 1923 291 52 permetpas,
913 1908 27 49 à
962 1927 121 31 mon
1102 1908 203 56 auis;-de

113 1972 193 50 -douter
350 1975 356 51 durfentiment
741 1976 56 47 de
843 1980 129 44 Saint
1011 1974 230 68 Auguftin
1269 1973 34 52 fi

136 2037 174 79 toute-
309 2037 100 79 fois
443 2044 32 49 il
493 2063 30 47 y
548 2064 25 30 a
599 2042 258 70 quelqu'vn
879 2041 25 50 à
935 2045 82 65 qui
1037 2042 36 52 il
1094 2041 209 50 refteen-

140 2122 110 45 core
272 2111 200 68 quelque
490 2111 206 71 fcrupule
689 2107 27 79 ,
751 2117 39 46 ie
806 2111 41 51 le
857 2116 97 64 prie
965 2111 279 63 d'examiner
1257 2131 49 31 ce

125 2206 53 14 der
