1776 2528
329 151 21 6 _
537 95 392 52 PREFACE.
1373 118 3 1 |

117 165 117 28 nee
338 161 172 41 Des.
641 177 74 19 a
790 159 24 20 ‘t
902 164 5 2 :
1038 166 83 19 rec
1232 161 65 7 ‘nyg_
1330 172 56 19 non
1400 157 34 44 de
1444 164 63 28 loco
1510 157 30 44 in
1570 164 51 28 lo=

119 179 121 54 part
263 162 59 52 de
338 168 126 46 Dieu
475 202 18 21 ;
515 170 70 43 Ce
603 184 34 30 n’eft
651 165 152 68 pas
825 162 246 51 toütesfois
1092 176 222 70 VIMOU-
1332 174 141 72 ner
1483 174 138 72 canne

116 248 217 34 xuement
347 231 150 59 local,
522 250 188 31 comme
731 232 126 66 celuy
880 233 76 48 des
981 238 178 60 Corps,
1182 231 131 48 d’au-
1332 248 141 30 corporis:
1490 240 101 28 locali-

1331 285 44 20 ter
1400 280 78 26 enim
1508 279 113 28 moueri

120 310 123 51 “tant
265 312 88 61 que
376 301 42 47 lé
438 316 305 32 mouuement
763 300 121 49 local
903 319 58 28 ne
992 311 105 59 peut
1135 316 177 31 CONUE-
1331 319 129 35 corporis
1471 317 150 38 proprium

180 371 8 7 .
736 372 6 7 +
1181 359 2 2 |
1331 354 39 27 eft
1385 364 6 16 :
1405 358 27 25 &
1446 365 65 18 cum
1521 356 100 30 anima

83 384 130 44 ._«nir
236 386 27 29 à
284 386 92 32 vne
383 361 255 79 fubftance
664 387 83 49 qui
780 366 110 54 n'eft
922 386 79 48 pas
1039 372 180 48 Corps;
1253 370 60 43 Et

1331 388 144 74 volunrare
1493 416 8 10 ;
1523 393 30 28 id
1579 394 41 27 eft

425 437 10 12 >
514 461 2 2 e
700 460 4 5 °
942 434 11 17 !
1057 436 9 13 ,
1164 433 14 16 x
1254 437 6 6 ‘
1321 431 64 27 .]illo
1403 441 83 19 motu
1523 433 29 26 qui
1571 431 49 27 lo-

119 451 153 50 -quoy
293 435 126 69 que
439 440 122 73 l'Ame
581 454 81 47 par
684 434 45 49 fa
758 435 228 57 volonté,
1031 434 101 78 c'eft
1148 454 42 62 à
1215 434 98 47 dire
1412 469 39 32 3
1462 442 158 67 nrerus

121 520 100 48 «par
235 520 117 31 cette
376 520 206 32 maniere
601 504 55 46 de
678 518 308 32 mouuement
1010 519 135 48 qun
1162 496 59 62 eft
1234 519 77 47 pas
1331 514 97 24 fimen
1445 509 80 28 fuum
1535 509 85 27 loca-

1329 539 64 34 liter
1405 556 216 24 mOouEet,nencx

142 569 121 49 local
293 594 15 33 ,
349 587 167 30 meuuc
544 567 87 48 fon
661 574 149 59 Corps
833 567 288 57 localement
1118 563 26 74 ,
1185 568 32 46 il
1254 585 59 31 ne
1330 584 97 44 codem
1442 563 178 74 monftratur

108 635 222 59 “s'enfuit
360 655 77 47 pas
467 652 225 51 pourtant
741 634 164 69 qu'elle
941 632 44 49 fe
1021 635 142 47 doiue
1204 631 110 56 auf
1332 622 122 70 MO,
1464 624 135 29 PAIE

130 706 237 58 .mouuoir
377 704 59 47 de
450 701 188 49 mefme.

135 789 27 24 »
236 770 172 58 Enfin,
427 771 109 46 c'eft
559 771 56 47 de
640 770 42 47 la
704 767 175 51 mefime
898 767 143 66 façon
1063 788 91 50 que
1172 788 147 39 nous,

146 839 117 66 Qu'il
276 839 257 47 determine
546 836 183 69 qu'elles
743 836 107 50 font
863 838 61 47 les
938 836 180 69 penfées
1133 841 57 46 de
1211 836 109 54 l'Ef-

149 911 92 61 ptit
266 916 45 40 &
333 907 61 48 les
415 923 309 31 mouuemens
748 907 61 46 du
843 912 184 58 Corps,
1069 922 129 32 entre
1229 904 90 49 lef-

151 974 129 66 quels
315 990 117 32 cette
459 977 150 46 vnion
628 971 53 50 fe
717 989 164 32 trouue
905 972 411 68 principalement,

147 1039 95 50 lors
257 1042 112 66 qu'il
393 1043 69 46 dit
486 1059 59 29 au
565 1063 71 37 14.
664 1040 225 67 Chapitre
909 1042 61 46 du
993 1044 137 46 Liure
1152 1043 47 45 de
1215 1038 103 66 l'Ef-

141 1109 176 65 prit
241 1102 52 78 ©
337 1109 48 46 de
402 1111 133 44 l'Ame
556 1146 14 19 ,
600 1113 105 61 Que
726 1108 42 47 le
789 1113 147 61 Corps
963 1117 45 39 &
1030 1106 183 70 l’Efprit
1234 1127 84 31 ont
1336 1116 71 27 Sun:
1419 1113 88 29 eriam
1519 1112 104 30 vrriuf.

1334 1149 52 48 que
1397 1151 131 39 quæedam
1544 1151 80 28 fimi-

151 1175 110 48 aufli
274 1176 114 48 dela
401 1172 328 52 reflemblance
743 1176 109 47 dans
874 1176 366 66 quelques-vnes
1262 1178 57 47 de
1314 1172 61 74 lia,
1378 1192 148 50 corporis
1543 1189 86 67 Ci

151 1241 118 49 leurs
280 1247 194 63 parties,
493 1242 105 48 c’eft
613 1241 194 50 affauoir
826 1242 177 49 dans.la
1022 1247 143 64 partie
1180 1241 139 71 fupe-
1335 1239 44 18 fi
1392 1238 159 29 pme

1335 1267 118 39 fpiritüs
1472 1267 152 33 infimum,

153 1313 144 46 rieure
316 1329 71 31 ou
397 1311 97 67 plus
508 1309 144 50 noble
673 1312 63 47 du
759 1305 176 72 Corps,
959 1320 44 39 &
1019 1312 114 48 dans
1156 1312 43 48 La
1218 1312 101 67 plus
1337 1308 146 37 FT
1571 1316 55 18 pa

1339 1354 127 29 turarum
1478 1343 148 29 confufo-

151 1374 123 52 baffe
286 1383 144 61 partie
443 1380 57 46 de
515 1378 202 68 l'Efprit,
739 1377 359 68 danslefquelles
1112 1399 68 29 ces
1204 1382 117 47 deux
1338 1394 36 17 n°
1385 1382 144 45 perfonali
1546 1382 82 29 ramé

1341 1431 107 21 vnionc
1456 1420 87 29 facile
1554 1430 74 19 con-

151 1437 314 67 fubftancesfe
478 1462 202 50 peuuent
691 1447 188 65 joindre
901 1447 136 48 d'vne
1058 1451 146 45 vnion
1228 1467 96 48 per-
1341 1461 80 37 iunsi
1443 1458 129 39 pofune,
1588 1458 40 29 f-

920 1518 7 6 .
1376 1499 49 26 ilia
1434 1498 76 26 enim
1530 1497 101 27 fimili.

154 1508 177 52 fonelle
356 1550 15 20 ,
407 1512 102 49 fans
528 1515 160 64 perdre
708 1511 243 51 toutesfois
972 1532 63 48 ny
1060 1513 265 52 confondre
1330 1504 63 80 bus
1397 1509 142 64 gaudent.
1565 1536 65 28 Ira-

158 1574 97 49 leur
275 1595 161 31 nature
455 1581 284 64 particuliere
760 1603 11 26 :
804 1599 74 30 car
897 1581 180 67 chaque
1100 1582 136 49 chofe
1255 1589 85 42 ai-
1355 1582 162 68 Hier,
1523 1583 24 56 à
1582 1583 42 58 ro

324 1677 4 4 ;
710 1651 9 11 ’
1086 1652 9 13 »
1338 1659 65 18 QUE
1420 1648 68 29 VErÈ
1504 1660 34 18 co

155 1659 80 33 me
254 1640 85 50 fon
358 1642 268 52 femblable.
663 1648 120 46 C'’eft
795 1667 248 47 pourquoy
1069 1650 150 47 l'Ame
1241 1666 83 49 qui
1342 1660 58 58 qe
1420 1688 30 26 veré
1468 1661 165 58 éorpus

158 1706 60 69 eft
245 1701 138 81 Efprit
410 1747 20 22 ,
466 1718 45 40 &
539 1710 43 50 la
607 1712 125 45 chair
754 1717 82 58 qui
864 1714 60 44 eft
970 1715 355 46 veritablement
1342 1706 147 73 miraribus
1488 1706 99 73 facile
1599 1732 24 25 &

254 1785 3 2 -
630 1780 8 11 ;
713 1780 6 6 «
1342 1772 204 23 conwenienter
1563 1769 70 27 vais

160 1783 154 62 Corps
340 1815 14 21 ,
388 1794 201 50 peuuent
606 1795 140 31 s'vnir
769 1776 423 51 conuenablement
1212 1779 114 49 dans
1343 1811 86 19 untur
1448 1823 8 11 ,
1475 1805 30 28 id
1526 1807 38 28 ef
1581 1808 26 26 in
1627 1798 7 7 -

161 1842 119 52 leurs
311 1849 269 45 extremitez
606 1883 19 20 ,
667 1846 113 48 dans
820 1842 236 70 lefquelles
1093 1846 105 50 elles
1240 1865 85 30 ont
1344 1839 180 38 Pmaiico
1544 1847 60 26 ani-

632 1916 9 12 ;
896 1918 5 6 :
1296 1920 2 5 7
1344 1889 52 18 mæ
1414 1882 79 35 quod
1512 1893 103 34 corpus

159 1909 208 121 quelque
391 1929 184 52 raport,
606 1913 99 47 c'eft
734 1913 194 49 affauoir
970 1915 113 48 dans
1114 1915 42 48 la
1186 1931 141 49 partie
1345 1928 56 18 no
1420 1920 38 28 eft
1478 1920 47 29 fed
1540 1921 94 30 mile

339 1986 5 5 .
552 1985 7 8 ,
686 1984 6 7 .
787 1985 6 4 -
974 1983 9 12 ;
1188 1986 26 11 L
1345 1960 127 34 corpori,
1487 1963 27 23 &
1529 1959 105 29 infen+

188 1981 256 67 antaitique
465 2000 63 29 ou
549 1996 307 51 imaginatiue
880 1980 56 46 de
955 1980 177 59 l’Ame,
1154 1981 175 51 laquel-
1347 1996 133 30 fualitate
1493 2001 142 35 corporis,

155 2048 118 12 Li
1027 2052 5 5 .
1433 2035 62 29 ferè
1517 2036 39 28 fpiri

166 2046 43 50 le
231 2048 107 46 n'eft
355 2067 84 46 pas
466 2054 180 61 Corps,
678 2066 115 30 mais
816 2043 242 53 toutesfois
1079 2047 253 55 femblable
1348 2045 53 63 d°
1417 2045 69 66 auia
1502 2039 51 76 fre
1562 2047 73 56 ani.

158 2129 71 49 au
252 2115 175 68 Corps,
451 2125 44 40 &
510 2117 111 50 dans
636 2116 41 49 la
700 2120 143 65 partie
848 2108 230 85 fenfitiue
1087 2117 75 63 du
1183 2125 150 64 Corps
1351 2113 108 31 "+
1470 2114 169 39 2potet.

939 2183 67 69 42
1046 2188 15 46 i
