1776 2528
557 83 21 22 *
918 94 19 22 ..
1070 83 27 24 e

566 106 363 43 PREFZACE

163 173 95 46 dite,
317 168 34 48 fi
373 186 116 34 vous
511 168 179 49 n'efliez
748 172 136 53 point,
897 188 116 28 vous
1029 163 296 66 nepourriez'
1325 163 73 66 non
1418 182 87 34 effes,
1533 182 68 30 falli

271 207 13 19 ;
716 188 28 47 P
1112 188 26 47 P

576 235 10 15 /
764 238 6 9 4
1115 214 11 43 NS
1341 223 122 26 emnino
1485 231 58 19 non
1560 219 69 42 pof-

164 257 76 48 pas
261 237 109 46 eftre
403 254 183 50 trompé
610 248 12 34 ?
649 242 87 41 Car
762 236 29 47 il
813 234 173 49 femble
1000 255 77 48 par
1099 238 42 46 là
1165 244 255 60 queS,ns:

165 304 227 66 Auguftin
413 308 61 43 ait
496 321 204 30 reconnu
722 305 144 64 qu'on
899 308 198 61 pouuoit
1120 307 222 46 craindre.

166 374 56 46 de
251 375 337 61 fetromperen
617 386 149 31 toutes
800 370 182 58 chofes,
1002 370 179 48 hormis
1212 375 131 45 dans:

167 440 42 46 la
234 438 400 48 connoiflance
556 432 75 63 de
658 436 42 48 fa
755 456 131 29 propre
909 438 241 49 exiftence,
1179 440 55 46 de
1258 441 69 45 la-

721 457 116 47 prop
1142 477 12 19 ÿ

168 506 194 66 quelleil
383 524 25 28 a
424 506 178 66 crûque
614 502 179 67 l’'Efprit
808 507 55 46 de
885 506 317 48 l’'Hommence
1213 525 116 48 pou-

168 577 101 43 uoit
280 592 76 47 pas
369 572 163 63 douter
549 592 10 32 ;
574 577 107 49 Car,
697 572 227 45 commeil
923 567 85 76 dit
1021 570 94 49 fort
1128 573 107 47 bien
1247 573 97 48 däs:
1639 635 2 2 |

171 641 40 44 le
214 660 47 39 3.
283 640 225 64 Chapitre
527 637 397 54 dur0.liuredela
937 638 195 50 Trinité,
1158 641 171 58 Qu'eft.
1341 630 91 41 RS
1449 642 59 18 dis
1533 644 25 17 ci
1577 638 85 25 ram”

1348 681 103 17 nocuim
1462 672 37 27 eft
1511 682 86 28 quam
1611 674 28 27 fe
1651 681 7 6 *

138 721 8 6 *
173 703 421 69 cequel'Efprit
531 699 59 77 de
609 704 283 48 l'Homme:
911 705 147 64 enluy
1083 708 112 63 qu'il
1212 726 115 29 con-
1340 699 123 77 vinere?
1476 720 49 17 sen
1545 712 114 36 porc

1348 757 96 19 autem
1464 750 64 26 més
1541 748 52 28 cile
1606 754 28 23 &

173 773 145 48 noifle
340 790 157 33 mieux
517 789 90 50 que
626 770 44 47 fa
693 789 164 48 propre
877 777 72 43 vie
973 785 15 34 ?
1010 775 119 45 Oril
1145 793 56 28 ne
1220 791 186 50 peut/non
1419 787 242 53 viuere…fieue

173 858 77 49 pas
247 833 134 78 eftre
393 833 106 78 fans
525 844 126 45 viure
674 859 9 32 ;
694 841 317 45 &-comme
949 833 59 78 il
1039 840 73 47 eft:
1132 860 63 29 vn
1227 823 68 86 LOU
1330 834 80 56 sota
1423 834 106 62 viuits
1538 827 105 78 roue
1655 870 7 7 :

174 909 118 46 dont
331 908 60 46 les
424 904 289 69 parties-font
744 903 300 69 infeparables
1068 945 11 19 ,
1122 927 63 28 ou
1216 927 114 48 pour
1363 905 257 29 "#8

176 979 153 42 mieux
366 975 125 55 dire,
515 977 82 62 qui
625 975 76 45 n'a
718 977 135 62 point
886 975 56 46 de
962 979 189 60 parties,
1174 977 170 67 quand:

176 1041 30 46 il
220 1045 103 53 vic,
345 1041 31 47 il
399 1045 67 44 vit
487 1056 103 31 tout
611 1045 143 43 entier
778 1060 11 32 ;
817 1044 52 43 Et
890 1041 30 45 il
944 1044 244 63 s'aperçoit
1217 1042 121 67 qu'il

177 1112 99 52 vit,
302 1126 130 48 parce
464 1102 227 82 qu'eftant
702 1119 105 35 vne
849 1106 133 48 chofe
990 1113 98 63 qui
1110 1108 134 66 penfe,
1264 1109 75 57 it

179 1192 58 28 ne
255 1192 106 48 peut
381 1178 99 62 agir
499 1179 101 42 fans
628 1176 96 44 s'en
759 1179 277 60 apcrceuoir.
1065 1180 46 41 Si
1124 1180 102 58 Pay
1249 1177 106 50 ad-

178 1240 130 63 joûté
342 1241 204 67 quelque
585 1238 135 50 chofe
746 1259 58 28 au
832 1257 120 31 texte
983 1242 56 45 de
1060 1261 48 27 ce
1128 1241 206 67 paflage,

179 1326 116 47 pour
321 1309 41 48 le
393 1309 163 47 rendré
589 1308 100 66 plus
714 1307 106 48 clair
843 1345 13 20 ,
873 1306 193 69 i'efpere
1100 1327 91 50 que
1224 1327 115 31 ceux

182 1369 87 78 que
282 1376 305 66 j'allegueray
617 1391 56 32 en
672 1369 140 78 fuite
828 1373 170 50 feront
1016 1369 116 78 voir
1167 1393 89 50 que
1298 1380 41 42 ie
1662 1384 13 15 /

182 1444 101 61 n'ay
307 1446 96 44 rien
415 1443 68 46 dit
497 1460 56 30 en
567 1443 91 47 cela
679 1441 428 69 quifoit:contraire
1121 1442 23 48 à
1165 1444 42 47 la
1222 1461 116 49 pen-

183 1505 137 50 féede
343 1514 41 41 S.
410 1510 231 65 Auguftin
664 1547 12 19 ,
701 1508 181 49 témoin
902 1530 49 28 ce
962 1511 125 66 qu'il
1107 1511 156 63 ajoûte
1276 1528 64 31 vn
1362 1531 113 45 cam
1439 1501 114 80 fenoffe
1559 1522 81 39 ms
1655 1530 16 12 *

184 1576 240 62 peuaprés.
439 1571 178 76 Quand
616 1571 217 76 l'Efpric,
863 1577 97 48 c’eft
976 1577 21 48 à
1013 1571 118 76 dire;
1138 1584 205 37 lachoft
1360 1581 59 56 De
1425 1579 78 68 jar
1510 1567 79 84 most

187 1638 254 67 quipenfe,
464 1643 198 47 cherche
677 1642 24 48 à
721 1642 43 49 fe
778 1644 284 57 connoiftre,
1085 1645 118 47 ellea
1223 1641 121 49 defia

187 1710 203 44 reconnu
408 1702 179 75 qu'elle
626 1708 130 44 eftoit
789 1726 109 28 vne
917 1709 135 47 chofe
1086 1715 83 56 qui
1190 1708 153 62 penfe

185 1777 127 46 Mais
334 1792 47 28 ce
403 1791 19 29 n
439 1772 77 49 eft
532 1791 77 49 pas
629 1789 165 32 encore
815 1773 41 46 le
873 1788 149 51 temps
1045 1773 57 47 de
1120 1772 145 67 parler
1279 1774 67 46 de

190 1856 117 33 cette
335 1844 220 55 matiere,
584 1841 99 48 c'eft
720 1857 248 51 pourquoy
1008 1856 276 33 retournons
1318 1838 45 66 à.

188 1904 205 66 Euodius,
448 1906 24 50 à
487 1902 137 79 quiS.
635 1902 231 79 Auguftin
886 1911 85 46 dit
988 1928 61 30 en
1062 1911 282 47 continuant
1478 1953 88 27 vont
1584 1944 64 37 one
1666 1905 29 16 |

190 1972 84 49 fon
297 1973 216 51 difcours.
530 1980 105 45 Puis
649 1977 113 68 qu’il
784 1977 59 46 eft
858 1975 238 49 manifefte
1116 1992 90 47 que
1229 1995 113 29 vous
1363 1956 108 84 pifefta
1480 1991 40 43 ef
1530 1956 51 84 elle
1610 2001 55 37 ce,

468 2048 6 7 ‘
793 2048 7 6 :
1052 2048 4 5 :
1364 2038 50 18 nec
1433 2030 148 26 tibialiter
1593 2037 68 19 ma-

194 2040 129 75 eftes
293 2036 29 83 ;
337 2062 49 28 ce
397 2062 81 51 qui
493 2062 56 30 ne
562 2062 115 30 vous
689 2042 136 49 feroit
844 2062 77 48 pas
934 2041 236 51 manifefte
1183 2040 29 48 fi
1229 2062 115 30 vous
1345 2036 146 83 sifetum
1490 2036 94 83 effer,
1598 2067 74 47 if.

193 2121 63 46 ne
270 2113 149 61 viuiez
438 2131 12 34 ;
469 2111 33 50 il
516 2111 60 51 eft
588 2111 118 51 aufli
729 2109 187 52 éuident
938 2129 91 50 que
1048 2127 131 64 vous
1196 2115 147 47 vitez:
1366 2115 67 67 de
1439 2101 108 85 manif
1560 2115 79 63 tam
1675 2155 10 9 à

1160 2198 14 31 1
1202 2211 4 4 :

1159 2235 19 7 te
