1776 2528
837 91 383 51 PREEACE.

377 182 79 31 me
485 162 85 51 ſuis
602 159 127 68 ſeruy
743 161 74 48 de
848 166 193 43 certains
1070 176 134 36 mots
1228 157 243 52 conſacrez
1486 160 44 50 à
1560 163 126 49 cette

378 236 209 52 Science,
620 229 254 64 commede
887 245 110 32 ceux
1017 228 57 49 de
1095 244 216 50 concept,
1335 229 268 59 d'identitè,
1630 240 53 40 &

375 300 58 46 de
453 298 224 67 quelques
705 291 174 78 autres,
894 291 83 78 qui
1021 291 191 123 Eront
1239 290 112 77 peut
1369 290 122 77 eſtre
1508 295 176 64 bleſſer

372 365 44 48 la
429 364 255 51 dclicateſſe
696 365 56 48 de
764 364 116 48 leurs
894 363 200 49 oreilles.

467 436 85 44 Les
575 431 229 58 ſeconds,
831 425 105 78 ſont
948 425 94 78 les
1046 429 317 70 Philoſophes
1389 432 59 48 de
1480 433 205 57 lEcole⸗

371 504 123 46 Mais
507 498 101 51 ſous
622 519 48 28 ce
683 517 117 31 nom,
813 502 74 55 ie
900 517 57 29 ne
968 516 117 31 veux
1100 517 77 49 pas
1196 514 103 37 tant
1318 497 148 69 parler
1488 502 59 47 de
1567 519 116 34 ceux

369 571 83 62 qui
463 566 271 68 enſeignent
753 566 43 48 la
822 563 302 69 Philoſophic
1143 566 284 59 dAriſtote,
1458 566 222 64 ſcachant

368 635 108 48 bien
499 635 116 66 qu'il
629 651 114 48 y.en
757 651 34 28 a
810 627 231 79 pluſicurs
1049 636 83 62 qui
1154 651 61 30 ne
1237 633 43 47 le
1300 632 111 52 font
1431 650 93 50 que
1556 655 125 47 pour

367 702 132 49 obeir
537 701 26 48 à
584 702 40 47 la
661 699 234 50 couſtume
920 708 45 40 &
989 716 163 32 contre
1174 700 94 48 leur
1287 698 276 61 ſentiment,
1590 723 94 50 que

365 771 57 47 de
435 788 109 29 ceux
560 773 80 63 qui
659 786 123 49 apres
795 771 128 47 auoir
935 763 82 52 fait
1034 766 94 48 leur
1144 773 181 51 Cours,
1352 776 35 40 &
1401 767 122 49 eſtre
1545 768 134 52 ſottis

365 838 63 47 du
441 837 215 66 College,
676 851 102 33 tout
790 834 183 67 remplis
993 836 56 46 de
1070 834 41 48 la
1123 834 160 49 bonne
1300 840 204 62 opinion
1517 837 163 49 d'eux-

362 902 228 59 meſmes,
621 920 118 49 pour
769 906 130 43 auoit
922 899 232 69 reſpondu
1186 902 400 68 publiquement,
1621 915 49 41 &

360 978 130 42 auoir
511 988 128 30 receũ
653 969 48 48 le
727 973 215 53 bonnet,
965 987 65 29 ne
1048 974 168 59 jettent
1237 971 100 65 plus
1358 971 60 47 les
1435 990 125 46 yeux
1590 971 75 53 ſur

359 1057 149 31 aucun
526 1042 136 43 Liure
675 1037 57 47 de
748 1034 328 69 Philoſophic;
1097 1040 57 44 Et
1166 1055 58 29 ne
1238 1036 199 64 ſcauent
1457 1040 77 59 des
1556 1038 108 50 ſen-

357 1111 168 53 timens
539 1106 56 47 de
610 1105 168 48 Platon
794 1113 44 40 &
853 1104 271 58 dAriſtote,
1145 1107 246 65 qu'autant
1403 1108 146 64 qu'on
1563 1107 98 49 leur

356 1193 91 29 ena
468 1170 123 57 dictè
615 1174 113 47 dans
745 1171 123 49 leurs
889 1170 174 60 eſcrits,
1078 1181 55 40 &
1158 1173 133 68 qu'ils
1313 1192 57 31 en
1391 1190 88 31 ont
1500 1190 160 34 retenu

352 1243 78 46 des
443 1241 293 48 explications
749 1241 56 47 de
816 1240 120 51 leurs
952 1234 288 74 Profeſſeurs.
1260 1246 192 58 Ceux-cy
1476 1239 107 49 ſont
1594 1242 64 49 les

353 1302 100 75 plus
691 1304 237 50 auerſaires
958 1307 78 46 des
1068 1305 227 68 Diſciples
1319 1307 58 47 de
1412 1307 244 52 Monſicur

355 1372 257 55 Deſcartes;
635 1378 59 43 Et
706 1389 130 97 —
851 1389 91 50 que
954 1392 49 28 ce
1025 1391 61 33 ne
1099 1371 154 51 ſoient
1268 1391 83 50 pas
1372 1373 62 49 les
1456 1375 100 68 plus
1582 1395 74 31 re-

349 1441 270 57 doutables,
651 1459 48 29 ce
731 1456 86 32 ſont
832 1457 220 48 pourtant
1071 1441 60 48 les
1153 1441 101 67 plus
1274 1440 205 51 difficiles
1498 1442 26 49 à
1548 1463 108 48 per-

335 1506 210 55 ſuader;
572 1514 215 46 Dautant
809 1525 83 48 que
910 1510 184 62 jugeant
1123 1509 59 47 de
1185 1501 139 81 tout,
1344 1527 86 48 par
1443 1530 54 28 ce
1519 1512 135 66 quils

333 1593 103 31 ont
455 1575 204 50 entendu
679 1574 56 48 de
759 1573 117 49 leurs
908 1574 245 58 Maiſtres,
1192 1573 101 49 ſans
1315 1592 208 50 penetrer
1553 1579 100 65 plus

343 1660 141 32 auant
496 1635 110 80 dans
621 1642 115 50 leurs
745 1635 275 80 ſentimens,
1056 1642 52 49 ils
1121 1660 58 30 ne
1186 1639 196 71 penſent
1400 1664 77 47 pas
1503 1649 150 61 quon

342 1710 141 66 puiſſe
498 1715 102 44 rien
620 1711 95 47 dire
737 1710 58 48 de
817 1714 226 46 contraire
1063 1710 26 49 à
1110 1730 48 28 ce
1188 1706 160 77 qu'ils,
1352 1725 88 31 ont
1469 1716 149 63 appris,

342 1776 103 49 ſans
468 1778 132 48 ceſſer
618 1778 158 47 deſtre
797 1777 329 49 raiſonnable;
1155 1779 61 42 Et
1238 1792 188 32 comme
1454 1777 32 48 il
1512 1783 77 63 ny
1620 1800 28 32 a

340 1848 136 62 point
488 1847 56 47 de
556 1843 234 69 queſtion,
802 1859 61 48 qu
870 1843 67 45 ils
955 1859 58 29 ne
1024 1840 195 49 rendent
1243 1842 403 72 Problematique,

340 1910 132 67 par
417 1902 75 89 le
486 1930 174 48 moyende
671 1908 162 50 leut
851 1908 297 68 Hialectique;
1170 1928 86 50 ny
1277 1912 57 47 de
1355 1912 140 52 verit
1517 1912 34 51 ſi
1571 1934 76 53 rer

337 1972 198 78 connuẽ,
556 1972 134 78 qu'ils
702 1996 56 32 ne
770 1976 195 66 puiſſent
978 1978 260 49 combattre
1249 1998 79 48 par
1351 1981 96 49 leur
1477 1981 169 55 diſtin-

313 2037 181 81 ctions,
509 2037 89 81 ilĩ
597 2047 173 67 paſſent
780 2042 141 68 ſans
887 2037 41 81 y
945 2043 161 69 penſer
1126 2047 59 47 de
1207 2046 169 50 Vfcole
1396 2047 31 47 d
1429 2047 213 56 Ariſtote

274 2113 176 63 Cans
461 2111 113 68 celle
584 2117 58 55 de
655 2113 237 71 Pyrrhon,
897 2117 99 64 qui
1011 2112 59 49 eſt
1079 2118 309 58 entierement
1406 2123 236 61 contraire

360 2243 14 14 *
915 2244 19 17 9
