<?xml version="1.0" encoding="UTF-8"?>
<alto xmlns="http://www.loc.gov/standards/alto/ns-v3#" xmlns:xlink="http://www.w3.org/1999/xlink" xmlns:xsi="http://www.w3.org/2001/XMLSchema-instance" xsi:schemaLocation="http://www.loc.gov/standards/alto/ns-v3# http://www.loc.gov/alto/v3/alto-3-0.xsd">
	<Description>
		<MeasurementUnit>pixel</MeasurementUnit>
		<sourceImageInformation>
			<fileName>			</fileName>
		</sourceImageInformation>
		<OCRProcessing ID="OCR_0">
			<ocrProcessingStep>
				<processingSoftware>
					<softwareName>tesseract v4.1.0-elag2019</softwareName>
				</processingSoftware>
			</ocrProcessingStep>
		</OCRProcessing>
	</Description>
	<Layout>
		<Page WIDTH="1776" HEIGHT="2528" PHYSICAL_IMG_NR="0" ID="page_0">
			<PrintSpace HPOS="0" VPOS="0" WIDTH="1776" HEIGHT="2528">
				<TextBlock ID="block_0" HPOS="161" VPOS="113" WIDTH="1296" HEIGHT="2165">
					<TextLine ID="line_0" HPOS="351" VPOS="113" WIDTH="1101" HEIGHT="72">
						<String ID="string_0" HPOS="351" VPOS="122" WIDTH="84" HEIGHT="48" WC="0.43" CONTENT="DE"/><SP WIDTH="51" VPOS="122" HPOS="435"/>
						<String ID="string_1" HPOS="486" VPOS="113" WIDTH="784" HEIGHT="60" WC="0.19" CONTENT="ESERENDEIHOMME."/>
					</TextLine>
					<TextLine ID="line_1" HPOS="194" VPOS="185" WIDTH="1242" HEIGHT="69">
						<String ID="string_2" HPOS="194" VPOS="202" WIDTH="66" HEIGHT="35" WC="0.90" CONTENT="tes"/><SP WIDTH="40" VPOS="202" HPOS="260"/>
						<String ID="string_3" HPOS="300" VPOS="187" WIDTH="63" HEIGHT="50" WC="0.91" CONTENT="les"/><SP WIDTH="49" VPOS="187" HPOS="363"/>
						<String ID="string_4" HPOS="412" VPOS="192" WIDTH="213" HEIGHT="45" WC="0.89" CONTENT="marieres"/><SP WIDTH="43" VPOS="192" HPOS="625"/>
						<String ID="string_5" HPOS="668" VPOS="188" WIDTH="58" HEIGHT="48" WC="0.91" CONTENT="de"/><SP WIDTH="28" VPOS="188" HPOS="726"/>
						<String ID="string_6" HPOS="754" VPOS="187" WIDTH="43" HEIGHT="48" WC="0.91" CONTENT="la"/><SP WIDTH="26" VPOS="187" HPOS="797"/>
						<String ID="string_7" HPOS="823" VPOS="185" WIDTH="329" HEIGHT="69" WC="0.91" CONTENT="Philoſophie,"/><SP WIDTH="21" VPOS="185" HPOS="1152"/>
						<String ID="string_8" HPOS="1173" VPOS="187" WIDTH="56" HEIGHT="48" WC="0.92" CONTENT="il"/><SP WIDTH="19" VPOS="187" HPOS="1229"/>
						<String ID="string_9" HPOS="1248" VPOS="188" WIDTH="59" HEIGHT="65" WC="0.57" CONTENT="Ny"/><SP WIDTH="7" VPOS="188" HPOS="1307"/>
						<String ID="string_10" HPOS="1314" VPOS="208" WIDTH="76" HEIGHT="31" WC="0.87" CONTENT="en"/><SP WIDTH="6" VPOS="208" HPOS="1390"/>
						<String ID="string_11" HPOS="1396" VPOS="209" WIDTH="39" HEIGHT="30" WC="0.62" CONTENT="à"/>
					</TextLine>
					<TextLine ID="line_2" HPOS="190" VPOS="251" WIDTH="1243" HEIGHT="73">
						<String ID="string_12" HPOS="190" VPOS="271" WIDTH="225" HEIGHT="53" WC="0.91" CONTENT="pouttant"/><SP WIDTH="22" VPOS="271" HPOS="415"/>
						<String ID="string_13" HPOS="437" VPOS="272" WIDTH="177" HEIGHT="32" WC="0.92" CONTENT="aucune"/><SP WIDTH="19" VPOS="272" HPOS="614"/>
						<String ID="string_14" HPOS="633" VPOS="256" WIDTH="120" HEIGHT="48" WC="0.92" CONTENT="dont"/><SP WIDTH="18" VPOS="256" HPOS="753"/>
						<String ID="string_15" HPOS="771" VPOS="254" WIDTH="34" HEIGHT="49" WC="0.89" CONTENT="il"/><SP WIDTH="24" VPOS="254" HPOS="805"/>
						<String ID="string_16" HPOS="829" VPOS="274" WIDTH="59" HEIGHT="29" WC="0.77" CONTENT="no"/><SP WIDTH="11" VPOS="274" HPOS="888"/>
						<String ID="string_17" HPOS="899" VPOS="273" WIDTH="119" HEIGHT="30" WC="0.77" CONTENT="nous"/><SP WIDTH="24" VPOS="273" HPOS="1018"/>
						<String ID="string_18" HPOS="1042" VPOS="259" WIDTH="64" HEIGHT="44" WC="0.90" CONTENT="ait"/><SP WIDTH="21" VPOS="259" HPOS="1106"/>
						<String ID="string_19" HPOS="1127" VPOS="251" WIDTH="148" HEIGHT="71" WC="0.89" CONTENT="appris"/><SP WIDTH="19" VPOS="251" HPOS="1275"/>
						<String ID="string_20" HPOS="1294" VPOS="255" WIDTH="27" HEIGHT="49" WC="0.92" CONTENT="à"/><SP WIDTH="13" VPOS="255" HPOS="1321"/>
						<String ID="string_21" HPOS="1334" VPOS="255" WIDTH="99" HEIGHT="50" WC="0.92" CONTENT="ſur-"/>
					</TextLine>
					<TextLine ID="line_3" HPOS="190" VPOS="321" WIDTH="1245" HEIGHT="69">
						<String ID="string_22" HPOS="190" VPOS="342" WIDTH="191" HEIGHT="31" WC="0.91" CONTENT="monter"/><SP WIDTH="14" VPOS="342" HPOS="381"/>
						<String ID="string_23" HPOS="395" VPOS="325" WIDTH="71" HEIGHT="47" WC="0.91" CONTENT="les"/><SP WIDTH="21" VPOS="325" HPOS="466"/>
						<String ID="string_24" HPOS="487" VPOS="323" WIDTH="288" HEIGHT="58" WC="0.45" CONTENT="difficultes,"/><SP WIDTH="63" VPOS="323" HPOS="775"/>
						<String ID="string_25" HPOS="838" VPOS="322" WIDTH="96" HEIGHT="48" WC="0.89" CONTENT="cela"/><SP WIDTH="28" VPOS="322" HPOS="934"/>
						<String ID="string_26" HPOS="962" VPOS="321" WIDTH="44" HEIGHT="49" WC="0.92" CONTENT="ſe"/><SP WIDTH="29" VPOS="321" HPOS="1006"/>
						<String ID="string_27" HPOS="1035" VPOS="340" WIDTH="246" HEIGHT="31" WC="0.82" CONTENT="rencontre"/><SP WIDTH="21" VPOS="340" HPOS="1281"/>
						<String ID="string_28" HPOS="1302" VPOS="329" WIDTH="133" HEIGHT="61" WC="0.92" CONTENT="prin-"/>
					</TextLine>
					<TextLine ID="line_4" HPOS="190" VPOS="390" WIDTH="1243" HEIGHT="69">
						<String ID="string_29" HPOS="190" VPOS="392" WIDTH="360" HEIGHT="67" WC="0.61" CONTENT="cipalement"/><SP WIDTH="-82" VPOS="392" HPOS="550"/>
						<String ID="string_30" HPOS="468" VPOS="386" WIDTH="78" HEIGHT="77" WC="0.92" CONTENT="en"/><SP WIDTH="28" VPOS="386" HPOS="546"/>
						<String ID="string_31" HPOS="574" VPOS="391" WIDTH="232" HEIGHT="66" WC="0.33" CONTENT="celle-cy:"/><SP WIDTH="32" VPOS="391" HPOS="806"/>
						<String ID="string_32" HPOS="838" VPOS="396" WIDTH="94" HEIGHT="44" WC="0.92" CONTENT="Car"/><SP WIDTH="20" VPOS="396" HPOS="932"/>
						<String ID="string_33" HPOS="952" VPOS="390" WIDTH="109" HEIGHT="48" WC="0.92" CONTENT="bien"/><SP WIDTH="21" VPOS="390" HPOS="1061"/>
						<String ID="string_34" HPOS="1082" VPOS="391" WIDTH="112" HEIGHT="64" WC="0.50" CONTENT="qu&#39;il"/><SP WIDTH="29" VPOS="391" HPOS="1194"/>
						<String ID="string_35" HPOS="1223" VPOS="394" WIDTH="111" HEIGHT="46" WC="0.25" CONTENT="malt"/><SP WIDTH="29" VPOS="394" HPOS="1334"/>
						<String ID="string_36" HPOS="1363" VPOS="396" WIDTH="70" HEIGHT="45" WC="0.87" CONTENT="ia-"/>
					</TextLine>
					<TextLine ID="line_5" HPOS="188" VPOS="451" WIDTH="1245" HEIGHT="73">
						<String ID="string_37" HPOS="188" VPOS="464" WIDTH="119" HEIGHT="43" WC="0.92" CONTENT="mais"/><SP WIDTH="20" VPOS="464" HPOS="307"/>
						<String ID="string_38" HPOS="327" VPOS="457" WIDTH="73" HEIGHT="50" WC="0.91" CONTENT="ſur"/><SP WIDTH="22" VPOS="457" HPOS="400"/>
						<String ID="string_39" HPOS="422" VPOS="458" WIDTH="95" HEIGHT="49" WC="0.85" CONTENT="cola"/><SP WIDTH="22" VPOS="458" HPOS="517"/>
						<String ID="string_40" HPOS="539" VPOS="458" WIDTH="179" HEIGHT="49" WC="0.30" CONTENT="declarẽ"/><SP WIDTH="22" VPOS="458" HPOS="718"/>
						<String ID="string_41" HPOS="740" VPOS="451" WIDTH="306" HEIGHT="57" WC="0.90" CONTENT="entierement"/><SP WIDTH="20" VPOS="451" HPOS="1046"/>
						<String ID="string_42" HPOS="1066" VPOS="455" WIDTH="45" HEIGHT="50" WC="0.80" CONTENT="ſa"/><SP WIDTH="20" VPOS="455" HPOS="1111"/>
						<String ID="string_43" HPOS="1131" VPOS="456" WIDTH="190" HEIGHT="68" WC="0.4" CONTENT="penſee;"/><SP WIDTH="22" VPOS="456" HPOS="1321"/>
						<String ID="string_44" HPOS="1343" VPOS="457" WIDTH="90" HEIGHT="52" WC="0.84" CONTENT="ſoit"/>
					</TextLine>
					<TextLine ID="line_6" HPOS="189" VPOS="523" WIDTH="1245" HEIGHT="115">
						<String ID="string_45" HPOS="189" VPOS="542" WIDTH="120" HEIGHT="52" WC="0.92" CONTENT="pour"/><SP WIDTH="21" VPOS="542" HPOS="309"/>
						<String ID="string_46" HPOS="330" VPOS="527" WIDTH="145" HEIGHT="48" WC="0.92" CONTENT="laiſſer"/><SP WIDTH="23" VPOS="527" HPOS="475"/>
						<String ID="string_47" HPOS="498" VPOS="527" WIDTH="207" HEIGHT="65" WC="0.92" CONTENT="quelque"/><SP WIDTH="25" VPOS="527" HPOS="705"/>
						<String ID="string_48" HPOS="730" VPOS="523" WIDTH="165" HEIGHT="65" WC="0.87" CONTENT="ſujet"/><SP WIDTH="-46" VPOS="523" HPOS="895"/>
						<String ID="string_49" HPOS="849" VPOS="519" WIDTH="41" HEIGHT="79" WC="0.87" CONTENT="à"/><SP WIDTH="18" VPOS="519" HPOS="890"/>
						<String ID="string_50" HPOS="908" VPOS="523" WIDTH="70" HEIGHT="49" WC="0.91" CONTENT="ſes"/><SP WIDTH="31" VPOS="523" HPOS="978"/>
						<String ID="string_51" HPOS="1009" VPOS="525" WIDTH="222" HEIGHT="113" WC="0.55" CONTENT="—"/><SP WIDTH="38" VPOS="525" HPOS="1231"/>
						<String ID="string_52" HPOS="1269" VPOS="523" WIDTH="72" HEIGHT="52" WC="0.92" CONTENT="ſur"/><SP WIDTH="17" VPOS="523" HPOS="1341"/>
						<String ID="string_53" HPOS="1358" VPOS="528" WIDTH="76" HEIGHT="48" WC="0.87" CONTENT="le-"/>
					</TextLine>
					<TextLine ID="line_7" HPOS="190" VPOS="588" WIDTH="1246" HEIGHT="72">
						<String ID="string_54" HPOS="190" VPOS="594" WIDTH="113" HEIGHT="66" WC="0.91" CONTENT="quel"/><SP WIDTH="21" VPOS="594" HPOS="303"/>
						<String ID="string_55" HPOS="324" VPOS="594" WIDTH="55" HEIGHT="47" WC="0.91" CONTENT="ils"/><SP WIDTH="17" VPOS="594" HPOS="379"/>
						<String ID="string_56" HPOS="396" VPOS="593" WIDTH="221" HEIGHT="66" WC="0.47" CONTENT="peuſſent"/><SP WIDTH="11" VPOS="593" HPOS="617"/>
						<String ID="string_57" HPOS="628" VPOS="608" WIDTH="177" HEIGHT="30" WC="0.70" CONTENT="exercer"/><SP WIDTH="21" VPOS="608" HPOS="805"/>
						<String ID="string_58" HPOS="826" VPOS="590" WIDTH="101" HEIGHT="47" WC="0.91" CONTENT="leur"/><SP WIDTH="16" VPOS="590" HPOS="927"/>
						<String ID="string_59" HPOS="943" VPOS="588" WIDTH="164" HEIGHT="69" WC="0.91" CONTENT="eſprit,"/><SP WIDTH="41" VPOS="588" HPOS="1107"/>
						<String ID="string_60" HPOS="1148" VPOS="596" WIDTH="69" HEIGHT="42" WC="0.91" CONTENT="ſoit"/><SP WIDTH="21" VPOS="596" HPOS="1217"/>
						<String ID="string_61" HPOS="1238" VPOS="611" WIDTH="119" HEIGHT="47" WC="0.86" CONTENT="pour"/><SP WIDTH="15" VPOS="611" HPOS="1357"/>
						<String ID="string_62" HPOS="1372" VPOS="613" WIDTH="64" HEIGHT="31" WC="0.91" CONTENT="ne"/>
					</TextLine>
					<TextLine ID="line_8" HPOS="188" VPOS="654" WIDTH="1248" HEIGHT="73">
						<String ID="string_63" HPOS="188" VPOS="678" WIDTH="81" HEIGHT="49" WC="0.69" CONTENT="pas"/><SP WIDTH="14" VPOS="678" HPOS="269"/>
						<String ID="string_64" HPOS="283" VPOS="660" WIDTH="192" HEIGHT="47" WC="0.80" CONTENT="donner"/><SP WIDTH="20" VPOS="660" HPOS="475"/>
						<String ID="string_65" HPOS="495" VPOS="659" WIDTH="271" HEIGHT="64" WC="0.87" CONTENT="dauantage"/><SP WIDTH="11" VPOS="659" HPOS="766"/>
						<String ID="string_66" HPOS="777" VPOS="650" WIDTH="49" HEIGHT="81" WC="0.87" CONTENT="de"/><SP WIDTH="-13" VPOS="650" HPOS="826"/>
						<String ID="string_67" HPOS="813" VPOS="654" WIDTH="160" HEIGHT="70" WC="0.87" CONTENT="priſe"/><SP WIDTH="20" VPOS="654" HPOS="973"/>
						<String ID="string_68" HPOS="993" VPOS="675" WIDTH="88" HEIGHT="30" WC="0.92" CONTENT="aux"/><SP WIDTH="21" VPOS="675" HPOS="1081"/>
						<String ID="string_69" HPOS="1102" VPOS="658" WIDTH="255" HEIGHT="50" WC="0.69" CONTENT="calomnies"/><SP WIDTH="20" VPOS="658" HPOS="1357"/>
						<String ID="string_70" HPOS="1377" VPOS="663" WIDTH="59" HEIGHT="46" WC="0.92" CONTENT="de"/>
					</TextLine>
					<TextLine ID="line_9" HPOS="187" VPOS="721" WIDTH="1248" HEIGHT="72">
						<String ID="string_71" HPOS="187" VPOS="725" WIDTH="68" HEIGHT="51" WC="0.79" CONTENT="fes"/><SP WIDTH="22" VPOS="725" HPOS="255"/>
						<String ID="string_72" HPOS="277" VPOS="731" WIDTH="221" HEIGHT="49" WC="0.80" CONTENT="enuieux,"/><SP WIDTH="22" VPOS="731" HPOS="498"/>
						<String ID="string_73" HPOS="520" VPOS="726" WIDTH="33" HEIGHT="48" WC="0.85" CONTENT="il"/><SP WIDTH="24" VPOS="726" HPOS="553"/>
						<String ID="string_74" HPOS="577" VPOS="727" WIDTH="76" HEIGHT="47" WC="0.39" CONTENT="nia"/><SP WIDTH="26" VPOS="727" HPOS="653"/>
						<String ID="string_75" HPOS="679" VPOS="742" WIDTH="90" HEIGHT="51" WC="0.90" CONTENT="peu"/><SP WIDTH="30" VPOS="742" HPOS="769"/>
						<String ID="string_76" HPOS="799" VPOS="721" WIDTH="222" HEIGHT="52" WC="0.8" CONTENT="toutefois"/><SP WIDTH="15" VPOS="721" HPOS="1021"/>
						<String ID="string_77" HPOS="1036" VPOS="717" WIDTH="74" HEIGHT="80" WC="0.91" CONTENT="en"/><SP WIDTH="10" VPOS="717" HPOS="1110"/>
						<String ID="string_78" HPOS="1120" VPOS="726" WIDTH="161" HEIGHT="64" WC="0.92" CONTENT="parler"/><SP WIDTH="18" VPOS="726" HPOS="1281"/>
						<String ID="string_79" HPOS="1299" VPOS="724" WIDTH="35" HEIGHT="52" WC="0.92" CONTENT="ſi"/><SP WIDTH="20" VPOS="724" HPOS="1334"/>
						<String ID="string_80" HPOS="1354" VPOS="727" WIDTH="81" HEIGHT="62" WC="0.87" CONTENT="ſo-"/>
					</TextLine>
					<TextLine ID="line_10" HPOS="189" VPOS="790" WIDTH="1244" HEIGHT="70">
						<String ID="string_81" HPOS="189" VPOS="794" WIDTH="243" HEIGHT="59" WC="0.90" CONTENT="brement,"/><SP WIDTH="60" VPOS="794" HPOS="432"/>
						<String ID="string_82" HPOS="492" VPOS="794" WIDTH="86" HEIGHT="48" WC="0.80" CONTENT="qu&#39;il"/><SP WIDTH="19" VPOS="794" HPOS="578"/>
						<String ID="string_83" HPOS="597" VPOS="812" WIDTH="61" HEIGHT="31" WC="0.83" CONTENT="ne"/><SP WIDTH="26" VPOS="812" HPOS="658"/>
						<String ID="string_84" HPOS="684" VPOS="810" WIDTH="120" HEIGHT="31" WC="0.88" CONTENT="nous"/><SP WIDTH="15" VPOS="810" HPOS="804"/>
						<String ID="string_85" HPOS="819" VPOS="796" WIDTH="64" HEIGHT="44" WC="0.93" CONTENT="ait"/><SP WIDTH="26" VPOS="796" HPOS="883"/>
						<String ID="string_86" HPOS="909" VPOS="790" WIDTH="124" HEIGHT="51" WC="0.86" CONTENT="laiſſé"/><SP WIDTH="21" VPOS="790" HPOS="1033"/>
						<String ID="string_87" HPOS="1054" VPOS="790" WIDTH="218" HEIGHT="70" WC="0.90" CONTENT="pluſieurs"/><SP WIDTH="32" VPOS="790" HPOS="1272"/>
						<String ID="string_88" HPOS="1304" VPOS="808" WIDTH="129" HEIGHT="37" WC="0.92" CONTENT="mar-"/>
					</TextLine>
					<TextLine ID="line_11" HPOS="191" VPOS="812" WIDTH="1266" HEIGHT="118">
						<String ID="string_89" HPOS="191" VPOS="880" WIDTH="113" HEIGHT="50" WC="0.93" CONTENT="ques"/><SP WIDTH="13" VPOS="880" HPOS="304"/>
						<String ID="string_90" HPOS="317" VPOS="858" WIDTH="129" HEIGHT="54" WC="0.48" CONTENT="danis"/><SP WIDTH="12" VPOS="858" HPOS="446"/>
						<String ID="string_91" HPOS="458" VPOS="812" WIDTH="69" HEIGHT="99" WC="0.0" CONTENT="E"/><SP WIDTH="28" VPOS="812" HPOS="527"/>
						<String ID="string_92" HPOS="555" VPOS="859" WIDTH="194" HEIGHT="60" WC="0.87" CONTENT="Eſcrits,"/><SP WIDTH="14" VPOS="859" HPOS="749"/>
						<String ID="string_93" HPOS="763" VPOS="878" WIDTH="78" HEIGHT="50" WC="0.93" CONTENT="par"/><SP WIDTH="20" VPOS="878" HPOS="841"/>
						<String ID="string_94" HPOS="861" VPOS="858" WIDTH="65" HEIGHT="50" WC="0.71" CONTENT="oà"/><SP WIDTH="20" VPOS="858" HPOS="926"/>
						<String ID="string_95" HPOS="946" VPOS="878" WIDTH="118" HEIGHT="30" WC="0.93" CONTENT="nous"/><SP WIDTH="14" VPOS="878" HPOS="1064"/>
						<String ID="string_96" HPOS="1078" VPOS="878" WIDTH="217" HEIGHT="50" WC="0.90" CONTENT="pouuons"/><SP WIDTH="18" VPOS="878" HPOS="1295"/>
						<String ID="string_97" HPOS="1313" VPOS="863" WIDTH="119" HEIGHT="52" WC="0.83" CONTENT="aſſes"/>
					</TextLine>
					<TextLine ID="line_12" HPOS="189" VPOS="928" WIDTH="1241" HEIGHT="72">
						<String ID="string_98" HPOS="189" VPOS="928" WIDTH="225" HEIGHT="51" WC="0.0" CONTENT="iſement"/><SP WIDTH="12" VPOS="928" HPOS="414"/>
						<String ID="string_99" HPOS="426" VPOS="928" WIDTH="327" HEIGHT="51" WC="0.79" CONTENT="reconnoiſtte"/><SP WIDTH="18" VPOS="928" HPOS="753"/>
						<String ID="string_100" HPOS="771" VPOS="944" WIDTH="246" HEIGHT="33" WC="0.91" CONTENT="comment"/><SP WIDTH="12" VPOS="944" HPOS="1017"/>
						<String ID="string_101" HPOS="1029" VPOS="928" WIDTH="34" HEIGHT="48" WC="0.92" CONTENT="il"/><SP WIDTH="20" VPOS="928" HPOS="1063"/>
						<String ID="string_102" HPOS="1083" VPOS="945" WIDTH="58" HEIGHT="32" WC="0.92" CONTENT="en"/><SP WIDTH="12" VPOS="945" HPOS="1141"/>
						<String ID="string_103" HPOS="1153" VPOS="935" WIDTH="152" HEIGHT="44" WC="0.92" CONTENT="auroit"/><SP WIDTH="11" VPOS="935" HPOS="1305"/>
						<String ID="string_104" HPOS="1316" VPOS="950" WIDTH="114" HEIGHT="50" WC="0.92" CONTENT="par-"/>
					</TextLine>
					<TextLine ID="line_13" HPOS="190" VPOS="993" WIDTH="1242" HEIGHT="72">
						<String ID="string_105" HPOS="190" VPOS="996" WIDTH="69" HEIGHT="60" WC="0.26" CONTENT="le,"/><SP WIDTH="21" VPOS="996" HPOS="259"/>
						<String ID="string_106" HPOS="280" VPOS="999" WIDTH="71" HEIGHT="48" WC="0.46" CONTENT="Sil"/><SP WIDTH="23" VPOS="999" HPOS="351"/>
						<String ID="string_107" HPOS="374" VPOS="1017" WIDTH="59" HEIGHT="30" WC="0.88" CONTENT="en"/><SP WIDTH="19" VPOS="1017" HPOS="433"/>
						<String ID="string_108" HPOS="452" VPOS="1002" WIDTH="130" HEIGHT="44" WC="0.91" CONTENT="auoit"/><SP WIDTH="9" VPOS="1002" HPOS="582"/>
						<String ID="string_109" HPOS="591" VPOS="996" WIDTH="157" HEIGHT="50" WC="0.91" CONTENT="voulu"/><SP WIDTH="19" VPOS="996" HPOS="748"/>
						<String ID="string_110" HPOS="767" VPOS="993" WIDTH="171" HEIGHT="53" WC="0.89" CONTENT="eſcrire."/><SP WIDTH="58" VPOS="993" HPOS="938"/>
						<String ID="string_111" HPOS="996" VPOS="1000" WIDTH="123" HEIGHT="45" WC="0.91" CONTENT="Mais"/><SP WIDTH="16" VPOS="1000" HPOS="1119"/>
						<String ID="string_112" HPOS="1135" VPOS="1011" WIDTH="129" HEIGHT="54" WC="0.91" CONTENT="quoy"/><SP WIDTH="-5" VPOS="1011" HPOS="1264"/>
						<String ID="string_113" HPOS="1259" VPOS="989" WIDTH="101" HEIGHT="80" WC="0.0" CONTENT="qùe"/><SP WIDTH="20" VPOS="989" HPOS="1360"/>
						<String ID="string_114" HPOS="1380" VPOS="1005" WIDTH="52" HEIGHT="44" WC="0.63" CONTENT="ic"/>
					</TextLine>
					<TextLine ID="line_14" HPOS="190" VPOS="1065" WIDTH="1242" HEIGHT="68">
						<String ID="string_115" HPOS="190" VPOS="1083" WIDTH="133" HEIGHT="48" WC="0.72" CONTENT="croye"/><SP WIDTH="12" VPOS="1083" HPOS="323"/>
						<String ID="string_116" HPOS="335" VPOS="1067" WIDTH="73" HEIGHT="47" WC="0.72" CONTENT="les"/><SP WIDTH="22" VPOS="1067" HPOS="408"/>
						<String ID="string_117" HPOS="430" VPOS="1069" WIDTH="132" HEIGHT="45" WC="0.86" CONTENT="auoir"/><SP WIDTH="19" VPOS="1069" HPOS="562"/>
						<String ID="string_118" HPOS="581" VPOS="1071" WIDTH="299" HEIGHT="62" WC="0.44" CONTENT="appergeuẽs,"/><SP WIDTH="29" VPOS="1071" HPOS="880"/>
						<String ID="string_119" HPOS="909" VPOS="1065" WIDTH="90" HEIGHT="47" WC="0.0" CONTENT="i&#39;en"/><SP WIDTH="23" VPOS="1065" HPOS="999"/>
						<String ID="string_120" HPOS="1022" VPOS="1070" WIDTH="152" HEIGHT="42" WC="0.86" CONTENT="aurois"/><SP WIDTH="27" VPOS="1070" HPOS="1174"/>
						<String ID="string_121" HPOS="1201" VPOS="1067" WIDTH="231" HEIGHT="50" WC="0.73" CONTENT="renfermé"/>
					</TextLine>
					<TextLine ID="line_15" HPOS="188" VPOS="1129" WIDTH="1243" HEIGHT="72">
						<String ID="string_122" HPOS="188" VPOS="1132" WIDTH="44" HEIGHT="48" WC="0.82" CONTENT="la"/><SP WIDTH="22" VPOS="1132" HPOS="232"/>
						<String ID="string_123" HPOS="254" VPOS="1133" WIDTH="332" HEIGHT="49" WC="0.92" CONTENT="connoiſſance"/><SP WIDTH="18" VPOS="1133" HPOS="586"/>
						<String ID="string_124" HPOS="604" VPOS="1133" WIDTH="117" HEIGHT="47" WC="0.90" CONTENT="dans"/><SP WIDTH="18" VPOS="1133" HPOS="721"/>
						<String ID="string_125" HPOS="739" VPOS="1129" WIDTH="398" HEIGHT="69" WC="0.53" CONTENT="moycmeſme,"/><SP WIDTH="-60" VPOS="1129" HPOS="1137"/>
						<String ID="string_126" HPOS="1077" VPOS="1125" WIDTH="61" HEIGHT="80" WC="0.85" CONTENT="ſi"/><SP WIDTH="19" VPOS="1125" HPOS="1138"/>
						<String ID="string_127" HPOS="1157" VPOS="1131" WIDTH="46" HEIGHT="51" WC="0.89" CONTENT="la"/><SP WIDTH="9" VPOS="1131" HPOS="1203"/>
						<String ID="string_128" HPOS="1212" VPOS="1135" WIDTH="149" HEIGHT="66" WC="0.90" CONTENT="gloire"/><SP WIDTH="9" VPOS="1135" HPOS="1361"/>
						<String ID="string_129" HPOS="1370" VPOS="1137" WIDTH="61" HEIGHT="47" WC="0.90" CONTENT="de"/>
					</TextLine>
					<TextLine ID="line_16" HPOS="161" VPOS="1198" WIDTH="1268" HEIGHT="70">
						<String ID="string_130" HPOS="161" VPOS="1218" WIDTH="148" HEIGHT="31" WC="0.74" CONTENT="mon"/><SP WIDTH="22" VPOS="1218" HPOS="309"/>
						<String ID="string_131" HPOS="331" VPOS="1200" WIDTH="237" HEIGHT="58" WC="0.76" CONTENT="Maiſtre,"/><SP WIDTH="15" VPOS="1200" HPOS="568"/>
						<String ID="string_132" HPOS="583" VPOS="1199" WIDTH="43" HEIGHT="48" WC="0.84" CONTENT="le"/><SP WIDTH="11" VPOS="1199" HPOS="626"/>
						<String ID="string_133" HPOS="637" VPOS="1199" WIDTH="178" HEIGHT="48" WC="0.84" CONTENT="deſſein"/><SP WIDTH="12" VPOS="1199" HPOS="815"/>
						<String ID="string_134" HPOS="827" VPOS="1200" WIDTH="64" HEIGHT="46" WC="0.88" CONTENT="de"/><SP WIDTH="22" VPOS="1200" HPOS="891"/>
						<String ID="string_135" HPOS="913" VPOS="1199" WIDTH="142" HEIGHT="66" WC="0.90" CONTENT="plaire"/><SP WIDTH="20" VPOS="1199" HPOS="1055"/>
						<String ID="string_136" HPOS="1075" VPOS="1198" WIDTH="27" HEIGHT="48" WC="0.76" CONTENT="à"/><SP WIDTH="3" VPOS="1198" HPOS="1102"/>
						<String ID="string_137" HPOS="1105" VPOS="1217" WIDTH="131" HEIGHT="30" WC="0.76" CONTENT="ceux"/><SP WIDTH="21" VPOS="1217" HPOS="1236"/>
						<String ID="string_138" HPOS="1257" VPOS="1206" WIDTH="83" HEIGHT="62" WC="0.86" CONTENT="qui"/><SP WIDTH="20" VPOS="1206" HPOS="1340"/>
						<String ID="string_139" HPOS="1360" VPOS="1207" WIDTH="69" HEIGHT="44" WC="0.92" CONTENT="ai-"/>
					</TextLine>
					<TextLine ID="line_17" HPOS="187" VPOS="1262" WIDTH="1243" HEIGHT="120">
						<String ID="string_140" HPOS="187" VPOS="1285" WIDTH="135" HEIGHT="32" WC="0.92" CONTENT="ment"/><SP WIDTH="20" VPOS="1285" HPOS="322"/>
						<String ID="string_141" HPOS="342" VPOS="1266" WIDTH="47" HEIGHT="51" WC="0.92" CONTENT="ſa"/><SP WIDTH="21" VPOS="1266" HPOS="389"/>
						<String ID="string_142" HPOS="410" VPOS="1271" WIDTH="258" HEIGHT="55" WC="0.39" CONTENT="memoirs,"/><SP WIDTH="25" VPOS="1271" HPOS="668"/>
						<String ID="string_143" HPOS="693" VPOS="1275" WIDTH="45" HEIGHT="40" WC="0.91" CONTENT="&amp;"/><SP WIDTH="22" VPOS="1275" HPOS="738"/>
						<String ID="string_144" HPOS="760" VPOS="1267" WIDTH="50" HEIGHT="67" WC="0.91" CONTENT="la"/><SP WIDTH="12" VPOS="1267" HPOS="810"/>
						<String ID="string_145" HPOS="822" VPOS="1262" WIDTH="245" HEIGHT="72" WC="0.85" CONTENT="deference"/><SP WIDTH="28" VPOS="1262" HPOS="1067"/>
						<String ID="string_146" HPOS="1095" VPOS="1282" WIDTH="92" HEIGHT="100" WC="0.36" CONTENT="*"/><SP WIDTH="19" VPOS="1282" HPOS="1187"/>
						<String ID="string_147" HPOS="1206" VPOS="1270" WIDTH="85" HEIGHT="65" WC="0.61" CONTENT="iay"/><SP WIDTH="20" VPOS="1270" HPOS="1291"/>
						<String ID="string_148" HPOS="1311" VPOS="1288" WIDTH="119" HEIGHT="48" WC="0.93" CONTENT="pour"/>
					</TextLine>
					<TextLine ID="line_18" HPOS="187" VPOS="1332" WIDTH="1243" HEIGHT="72">
						<String ID="string_149" HPOS="187" VPOS="1352" WIDTH="98" HEIGHT="32" WC="0.91" CONTENT="mes"/><SP WIDTH="25" VPOS="1352" HPOS="285"/>
						<String ID="string_150" HPOS="310" VPOS="1341" WIDTH="145" HEIGHT="54" WC="0.92" CONTENT="amis,"/><SP WIDTH="22" VPOS="1341" HPOS="455"/>
						<String ID="string_151" HPOS="477" VPOS="1355" WIDTH="59" HEIGHT="30" WC="0.92" CONTENT="ne"/><SP WIDTH="20" VPOS="1355" HPOS="536"/>
						<String ID="string_152" HPOS="556" VPOS="1336" WIDTH="63" HEIGHT="48" WC="0.92" CONTENT="les"/><SP WIDTH="18" VPOS="1336" HPOS="619"/>
						<String ID="string_153" HPOS="637" VPOS="1353" WIDTH="58" HEIGHT="31" WC="0.92" CONTENT="en"/><SP WIDTH="22" VPOS="1353" HPOS="695"/>
						<String ID="string_154" HPOS="717" VPOS="1328" WIDTH="120" HEIGHT="80" WC="0.30" CONTENT="auoit"/><SP WIDTH="13" VPOS="1328" HPOS="837"/>
						<String ID="string_155" HPOS="850" VPOS="1332" WIDTH="151" HEIGHT="51" WC="0.25" CONTENT="tirees"/><SP WIDTH="127" VPOS="1332" HPOS="1001"/>
						<String ID="string_156" HPOS="1128" VPOS="1351" WIDTH="93" HEIGHT="51" WC="0.73" CONTENT="preſque"/><SP WIDTH="27" VPOS="1351" HPOS="1221"/>
						<String ID="string_157" HPOS="1248" VPOS="1336" WIDTH="182" HEIGHT="68" WC="0.0" CONTENT="malgré"/>
					</TextLine>
					<TextLine ID="line_19" HPOS="186" VPOS="1400" WIDTH="1245" HEIGHT="72">
						<String ID="string_158" HPOS="186" VPOS="1419" WIDTH="131" HEIGHT="50" WC="0.91" CONTENT="moy."/><SP WIDTH="41" VPOS="1419" HPOS="317"/>
						<String ID="string_159" HPOS="358" VPOS="1409" WIDTH="155" HEIGHT="44" WC="0.91" CONTENT="Outre"/><SP WIDTH="20" VPOS="1409" HPOS="513"/>
						<String ID="string_160" HPOS="533" VPOS="1422" WIDTH="70" HEIGHT="30" WC="0.92" CONTENT="ces"/><SP WIDTH="35" VPOS="1422" HPOS="603"/>
						<String ID="string_161" HPOS="638" VPOS="1400" WIDTH="184" HEIGHT="52" WC="0.84" CONTENT="raiſons"/><SP WIDTH="15" VPOS="1400" HPOS="822"/>
						<String ID="string_162" HPOS="837" VPOS="1404" WIDTH="90" HEIGHT="65" WC="0.10" CONTENT="iay"/><SP WIDTH="21" VPOS="1404" HPOS="927"/>
						<String ID="string_163" HPOS="948" VPOS="1402" WIDTH="80" HEIGHT="49" WC="0.21" CONTENT="cru"/><SP WIDTH="21" VPOS="1402" HPOS="1028"/>
						<String ID="string_164" HPOS="1049" VPOS="1402" WIDTH="108" HEIGHT="48" WC="0.54" CONTENT="eſtrẽ"/><SP WIDTH="21" VPOS="1402" HPOS="1157"/>
						<String ID="string_165" HPOS="1178" VPOS="1404" WIDTH="162" HEIGHT="68" WC="0.63" CONTENT="obligé"/><SP WIDTH="31" VPOS="1404" HPOS="1340"/>
						<String ID="string_166" HPOS="1371" VPOS="1407" WIDTH="60" HEIGHT="48" WC="0.82" CONTENT="de"/>
					</TextLine>
					<TextLine ID="line_20" HPOS="184" VPOS="1468" WIDTH="1247" HEIGHT="69">
						<String ID="string_167" HPOS="184" VPOS="1464" WIDTH="189" HEIGHT="77" WC="0.41" CONTENT="publier"/><SP WIDTH="13" VPOS="1464" HPOS="373"/>
						<String ID="string_168" HPOS="386" VPOS="1491" WIDTH="50" HEIGHT="28" WC="0.41" CONTENT="ce"/><SP WIDTH="9" VPOS="1491" HPOS="436"/>
						<String ID="string_169" HPOS="445" VPOS="1469" WIDTH="204" HEIGHT="61" WC="0.89" CONTENT="Traittè,"/><SP WIDTH="14" VPOS="1469" HPOS="649"/>
						<String ID="string_170" HPOS="663" VPOS="1489" WIDTH="126" HEIGHT="48" WC="0.92" CONTENT="apres"/><SP WIDTH="15" VPOS="1489" HPOS="789"/>
						<String ID="string_171" HPOS="804" VPOS="1490" WIDTH="50" HEIGHT="29" WC="0.92" CONTENT="ce"/><SP WIDTH="20" VPOS="1490" HPOS="854"/>
						<String ID="string_172" HPOS="874" VPOS="1488" WIDTH="93" HEIGHT="49" WC="0.92" CONTENT="que"/><SP WIDTH="19" VPOS="1488" HPOS="967"/>
						<String ID="string_173" HPOS="986" VPOS="1468" WIDTH="243" HEIGHT="52" WC="0.84" CONTENT="Monſieur"/><SP WIDTH="14" VPOS="1468" HPOS="1229"/>
						<String ID="string_174" HPOS="1243" VPOS="1470" WIDTH="188" HEIGHT="51" WC="0.87" CONTENT="Clerſe-"/>
					</TextLine>
					<TextLine ID="line_21" HPOS="187" VPOS="1536" WIDTH="1240" HEIGHT="70">
						<String ID="string_175" HPOS="187" VPOS="1536" WIDTH="108" HEIGHT="55" WC="0.84" CONTENT="lier,"/><SP WIDTH="23" VPOS="1536" HPOS="295"/>
						<String ID="string_176" HPOS="318" VPOS="1536" WIDTH="25" HEIGHT="47" WC="0.90" CONTENT="à"/><SP WIDTH="20" VPOS="1536" HPOS="343"/>
						<String ID="string_177" HPOS="363" VPOS="1542" WIDTH="81" HEIGHT="60" WC="0.87" CONTENT="qui"/><SP WIDTH="19" VPOS="1542" HPOS="444"/>
						<String ID="string_178" HPOS="463" VPOS="1539" WIDTH="90" HEIGHT="47" WC="0.61" CONTENT="ien"/><SP WIDTH="17" VPOS="1539" HPOS="553"/>
						<String ID="string_179" HPOS="570" VPOS="1542" WIDTH="128" HEIGHT="44" WC="0.69" CONTENT="auois"/><SP WIDTH="15" VPOS="1542" HPOS="698"/>
						<String ID="string_180" HPOS="713" VPOS="1536" WIDTH="93" HEIGHT="51" WC="0.84" CONTENT="fait"/><SP WIDTH="22" VPOS="1536" HPOS="806"/>
						<String ID="string_181" HPOS="828" VPOS="1542" WIDTH="105" HEIGHT="46" WC="0.22" CONTENT="voir"/><SP WIDTH="20" VPOS="1542" HPOS="933"/>
						<String ID="string_182" HPOS="953" VPOS="1538" WIDTH="207" HEIGHT="68" WC="0.90" CONTENT="quelque"/><SP WIDTH="22" VPOS="1538" HPOS="1160"/>
						<String ID="string_183" HPOS="1182" VPOS="1538" WIDTH="163" HEIGHT="59" WC="0.91" CONTENT="choſe,"/><SP WIDTH="25" VPOS="1538" HPOS="1345"/>
						<String ID="string_184" HPOS="1370" VPOS="1558" WIDTH="57" HEIGHT="29" WC="0.92" CONTENT="en"/>
					</TextLine>
					<TextLine ID="line_22" HPOS="185" VPOS="1601" WIDTH="1244" HEIGHT="72">
						<String ID="string_185" HPOS="185" VPOS="1618" WIDTH="30" HEIGHT="30" WC="0.91" CONTENT="a"/><SP WIDTH="6" VPOS="1618" HPOS="215"/>
						<String ID="string_186" HPOS="221" VPOS="1601" WIDTH="82" HEIGHT="48" WC="0.91" CONTENT="dit"/><SP WIDTH="20" VPOS="1601" HPOS="303"/>
						<String ID="string_187" HPOS="323" VPOS="1602" WIDTH="115" HEIGHT="48" WC="0.91" CONTENT="dans"/><SP WIDTH="31" VPOS="1602" HPOS="438"/>
						<String ID="string_188" HPOS="469" VPOS="1605" WIDTH="43" HEIGHT="46" WC="0.89" CONTENT="la"/><SP WIDTH="11" VPOS="1605" HPOS="512"/>
						<String ID="string_189" HPOS="523" VPOS="1602" WIDTH="223" HEIGHT="62" WC="0.88" CONTENT="Preface,"/><SP WIDTH="24" VPOS="1602" HPOS="746"/>
						<String ID="string_190" HPOS="770" VPOS="1615" WIDTH="46" HEIGHT="39" WC="0.88" CONTENT="&amp;"/><SP WIDTH="24" VPOS="1615" HPOS="816"/>
						<String ID="string_191" HPOS="840" VPOS="1625" WIDTH="50" HEIGHT="29" WC="0.47" CONTENT="ce"/><SP WIDTH="20" VPOS="1625" HPOS="890"/>
						<String ID="string_192" HPOS="910" VPOS="1621" WIDTH="99" HEIGHT="52" WC="0.75" CONTENT="que"/><SP WIDTH="13" VPOS="1621" HPOS="1009"/>
						<String ID="string_193" HPOS="1022" VPOS="1608" WIDTH="26" HEIGHT="45" WC="0.28" CONTENT="i"/><SP WIDTH="6" VPOS="1608" HPOS="1048"/>
						<String ID="string_194" HPOS="1054" VPOS="1624" WIDTH="58" HEIGHT="30" WC="0.28" CONTENT="en"/><SP WIDTH="15" VPOS="1624" HPOS="1112"/>
						<String ID="string_195" HPOS="1127" VPOS="1624" WIDTH="61" HEIGHT="47" WC="0.90" CONTENT="ay"/><SP WIDTH="21" VPOS="1624" HPOS="1188"/>
						<String ID="string_196" HPOS="1209" VPOS="1608" WIDTH="72" HEIGHT="47" WC="0.92" CONTENT="dit"/><SP WIDTH="30" VPOS="1608" HPOS="1281"/>
						<String ID="string_197" HPOS="1311" VPOS="1624" WIDTH="118" HEIGHT="47" WC="0.92" CONTENT="moy"/>
					</TextLine>
					<TextLine ID="line_23" HPOS="186" VPOS="1665" WIDTH="1243" HEIGHT="73">
						<String ID="string_198" HPOS="186" VPOS="1665" WIDTH="177" HEIGHT="52" WC="0.90" CONTENT="meſme"/><SP WIDTH="14" VPOS="1665" HPOS="363"/>
						<String ID="string_199" HPOS="377" VPOS="1669" WIDTH="137" HEIGHT="48" WC="0.79" CONTENT="dans"/><SP WIDTH="5" VPOS="1669" HPOS="514"/>
						<String ID="string_200" HPOS="519" VPOS="1661" WIDTH="97" HEIGHT="81" WC="0.79" CONTENT="mes"/><SP WIDTH="30" VPOS="1661" HPOS="616"/>
						<String ID="string_201" HPOS="646" VPOS="1677" WIDTH="291" HEIGHT="61" WC="0.79" CONTENT="Remarques"/><SP WIDTH="12" VPOS="1677" HPOS="937"/>
						<String ID="string_202" HPOS="949" VPOS="1671" WIDTH="98" HEIGHT="49" WC="0.84" CONTENT="ſur"/><SP WIDTH="17" VPOS="1671" HPOS="1047"/>
						<String ID="string_203" HPOS="1064" VPOS="1673" WIDTH="254" HEIGHT="47" WC="0.79" CONTENT="Homme"/><SP WIDTH="51" VPOS="1673" HPOS="1318"/>
						<String ID="string_204" HPOS="1369" VPOS="1674" WIDTH="60" HEIGHT="47" WC="0.66" CONTENT="de"/>
					</TextLine>
					<TextLine ID="line_24" HPOS="188" VPOS="1731" WIDTH="1239" HEIGHT="71">
						<String ID="string_205" HPOS="188" VPOS="1733" WIDTH="245" HEIGHT="53" WC="0.50" CONTENT="Monſieur"/><SP WIDTH="21" VPOS="1733" HPOS="433"/>
						<String ID="string_206" HPOS="454" VPOS="1731" WIDTH="237" HEIGHT="55" WC="0.91" CONTENT="Deſcartes,"/><SP WIDTH="18" VPOS="1731" HPOS="691"/>
						<String ID="string_207" HPOS="709" VPOS="1736" WIDTH="140" HEIGHT="57" WC="0.68" CONTENT="afin"/><SP WIDTH="27" VPOS="1736" HPOS="849"/>
						<String ID="string_208" HPOS="876" VPOS="1738" WIDTH="60" HEIGHT="44" WC="0.75" CONTENT="de"/><SP WIDTH="25" VPOS="1738" HPOS="936"/>
						<String ID="string_209" HPOS="961" VPOS="1736" WIDTH="204" HEIGHT="64" WC="0.85" CONTENT="degager"/><SP WIDTH="29" VPOS="1736" HPOS="1165"/>
						<String ID="string_210" HPOS="1194" VPOS="1736" WIDTH="45" HEIGHT="45" WC="0.92" CONTENT="ſa"/><SP WIDTH="27" VPOS="1736" HPOS="1239"/>
						<String ID="string_211" HPOS="1266" VPOS="1740" WIDTH="161" HEIGHT="62" WC="0.91" CONTENT="parole"/>
					</TextLine>
					<TextLine ID="line_25" HPOS="187" VPOS="1799" WIDTH="1238" HEIGHT="64">
						<String ID="string_212" HPOS="187" VPOS="1812" WIDTH="44" HEIGHT="39" WC="0.89" CONTENT="&amp;"/><SP WIDTH="10" VPOS="1812" HPOS="231"/>
						<String ID="string_213" HPOS="241" VPOS="1803" WIDTH="60" HEIGHT="49" WC="0.89" CONTENT="la"/><SP WIDTH="21" VPOS="1803" HPOS="301"/>
						<String ID="string_214" HPOS="322" VPOS="1809" WIDTH="191" HEIGHT="44" WC="0.76" CONTENT="mienne,"/><SP WIDTH="11" VPOS="1809" HPOS="513"/>
						<String ID="string_215" HPOS="524" VPOS="1812" WIDTH="85" HEIGHT="51" WC="0.85" CONTENT="&amp;"/><SP WIDTH="-6" VPOS="1812" HPOS="609"/>
						<String ID="string_216" HPOS="603" VPOS="1795" WIDTH="155" HEIGHT="72" WC="0.89" CONTENT="faire"/><SP WIDTH="7" VPOS="1795" HPOS="758"/>
						<String ID="string_217" HPOS="765" VPOS="1795" WIDTH="279" HEIGHT="72" WC="0.12" CONTENT="connoiſtre"/><SP WIDTH="35" VPOS="1795" HPOS="1044"/>
						<String ID="string_218" HPOS="1079" VPOS="1800" WIDTH="269" HEIGHT="52" WC="0.67" CONTENT="clairemeht"/><SP WIDTH="32" VPOS="1800" HPOS="1348"/>
						<String ID="string_219" HPOS="1380" VPOS="1807" WIDTH="45" HEIGHT="50" WC="0.90" CONTENT="la"/>
					</TextLine>
					<TextLine ID="line_26" HPOS="185" VPOS="1869" WIDTH="1240" HEIGHT="72">
						<String ID="string_220" HPOS="185" VPOS="1887" WIDTH="103" HEIGHT="51" WC="0.70" CONTENT="part"/><SP WIDTH="12" VPOS="1887" HPOS="288"/>
						<String ID="string_221" HPOS="300" VPOS="1888" WIDTH="114" HEIGHT="53" WC="0.70" CONTENT="que"/><SP WIDTH="24" VPOS="1888" HPOS="414"/>
						<String ID="string_222" HPOS="438" VPOS="1873" WIDTH="150" HEIGHT="65" WC="0.81" CONTENT="prend"/><SP WIDTH="18" VPOS="1873" HPOS="588"/>
						<String ID="string_223" HPOS="606" VPOS="1869" WIDTH="285" HEIGHT="71" WC="0.19" CONTENT="Eſprit"/><SP WIDTH="-57" VPOS="1869" HPOS="891"/>
						<String ID="string_224" HPOS="834" VPOS="1865" WIDTH="94" HEIGHT="80" WC="0.91" CONTENT="de"/><SP WIDTH="0" VPOS="1865" HPOS="928"/>
						<String ID="string_225" HPOS="928" VPOS="1870" WIDTH="251" HEIGHT="49" WC="0.89" CONTENT="Homme"/><SP WIDTH="28" VPOS="1870" HPOS="1179"/>
						<String ID="string_226" HPOS="1207" VPOS="1871" WIDTH="114" HEIGHT="50" WC="0.89" CONTENT="dans"/><SP WIDTH="41" VPOS="1871" HPOS="1321"/>
						<String ID="string_227" HPOS="1362" VPOS="1873" WIDTH="63" HEIGHT="53" WC="0.87" CONTENT="les"/>
					</TextLine>
					<TextLine ID="line_27" HPOS="186" VPOS="1937" WIDTH="1238" HEIGHT="69">
						<String ID="string_228" HPOS="186" VPOS="1956" WIDTH="310" HEIGHT="35" WC="0.82" CONTENT="mouuemens"/><SP WIDTH="31" VPOS="1956" HPOS="496"/>
						<String ID="string_229" HPOS="527" VPOS="1937" WIDTH="165" HEIGHT="51" WC="0.50" CONTENT="deſon"/><SP WIDTH="22" VPOS="1937" HPOS="692"/>
						<String ID="string_230" HPOS="714" VPOS="1958" WIDTH="157" HEIGHT="30" WC="0.91" CONTENT="corps."/><SP WIDTH="45" VPOS="1958" HPOS="871"/>
						<String ID="string_231" HPOS="916" VPOS="1943" WIDTH="61" HEIGHT="44" WC="0.65" CONTENT="Et"/><SP WIDTH="14" VPOS="1943" HPOS="977"/>
						<String ID="string_232" HPOS="991" VPOS="1956" WIDTH="144" HEIGHT="50" WC="0.65" CONTENT="pour"/><SP WIDTH="12" VPOS="1956" HPOS="1135"/>
						<String ID="string_233" HPOS="1147" VPOS="1951" WIDTH="151" HEIGHT="37" WC="0.91" CONTENT="entrer"/><SP WIDTH="26" VPOS="1951" HPOS="1298"/>
						<String ID="string_234" HPOS="1324" VPOS="1943" WIDTH="100" HEIGHT="49" WC="0.7" CONTENT="d&#39;a-"/>
					</TextLine>
					<TextLine ID="line_28" HPOS="188" VPOS="2003" WIDTH="1236" HEIGHT="67">
						<String ID="string_235" HPOS="188" VPOS="2005" WIDTH="121" HEIGHT="51" WC="0.57" CONTENT="bord"/><SP WIDTH="32" VPOS="2005" HPOS="309"/>
						<String ID="string_236" HPOS="341" VPOS="2027" WIDTH="58" HEIGHT="31" WC="0.84" CONTENT="en"/><SP WIDTH="30" VPOS="2027" HPOS="399"/>
						<String ID="string_237" HPOS="429" VPOS="2011" WIDTH="231" HEIGHT="56" WC="0.91" CONTENT="matiere,"/><SP WIDTH="32" VPOS="2011" HPOS="660"/>
						<String ID="string_238" HPOS="692" VPOS="2016" WIDTH="46" HEIGHT="40" WC="0.92" CONTENT="&amp;"/><SP WIDTH="55" VPOS="2016" HPOS="738"/>
						<String ID="string_239" HPOS="793" VPOS="2010" WIDTH="91" HEIGHT="44" WC="0.89" CONTENT="faire"/><SP WIDTH="29" VPOS="2010" HPOS="884"/>
						<String ID="string_240" HPOS="913" VPOS="2009" WIDTH="104" HEIGHT="45" WC="0.71" CONTENT="voit"/><SP WIDTH="29" VPOS="2009" HPOS="1017"/>
						<String ID="string_241" HPOS="1046" VPOS="2005" WIDTH="42" HEIGHT="46" WC="0.90" CONTENT="le"/><SP WIDTH="33" VPOS="2005" HPOS="1088"/>
						<String ID="string_242" HPOS="1121" VPOS="2003" WIDTH="110" HEIGHT="67" WC="0.92" CONTENT="plan"/><SP WIDTH="31" VPOS="2003" HPOS="1231"/>
						<String ID="string_243" HPOS="1262" VPOS="2008" WIDTH="59" HEIGHT="48" WC="0.90" CONTENT="de"/><SP WIDTH="31" VPOS="2008" HPOS="1321"/>
						<String ID="string_244" HPOS="1352" VPOS="2010" WIDTH="72" HEIGHT="51" WC="0.24" CONTENT="cet"/>
					</TextLine>
					<TextLine ID="line_29" HPOS="189" VPOS="2070" WIDTH="1237" HEIGHT="74">
						<String ID="string_245" HPOS="189" VPOS="2077" WIDTH="267" HEIGHT="64" WC="0.38" CONTENT="OQuurage,"/><SP WIDTH="33" VPOS="2077" HPOS="456"/>
						<String ID="string_246" HPOS="489" VPOS="2080" WIDTH="142" HEIGHT="62" WC="0.91" CONTENT="voicy"/><SP WIDTH="33" VPOS="2080" HPOS="631"/>
						<String ID="string_247" HPOS="664" VPOS="2090" WIDTH="243" HEIGHT="35" WC="0.92" CONTENT="comment"/><SP WIDTH="31" VPOS="2090" HPOS="907"/>
						<String ID="string_248" HPOS="938" VPOS="2076" WIDTH="42" HEIGHT="47" WC="0.88" CONTENT="ie"/><SP WIDTH="29" VPOS="2076" HPOS="980"/>
						<String ID="string_249" HPOS="1009" VPOS="2070" WIDTH="43" HEIGHT="50" WC="0.90" CONTENT="le"/><SP WIDTH="30" VPOS="2070" HPOS="1052"/>
						<String ID="string_250" HPOS="1082" VPOS="2070" WIDTH="239" HEIGHT="74" WC="0.90" CONTENT="diuiſeray."/><SP WIDTH="55" VPOS="2070" HPOS="1321"/>
						<String ID="string_251" HPOS="1376" VPOS="2084" WIDTH="50" HEIGHT="45" WC="0.87" CONTENT="Ie"/>
					</TextLine>
					<TextLine ID="line_30" HPOS="182" VPOS="2133" WIDTH="1246" HEIGHT="131">
						<String ID="string_252" HPOS="182" VPOS="2135" WIDTH="123" HEIGHT="76" WC="0.84" CONTENT="diray"/><SP WIDTH="26" VPOS="2135" HPOS="305"/>
						<String ID="string_253" HPOS="331" VPOS="2147" WIDTH="392" HEIGHT="63" WC="0.47" CONTENT="Premierement,"/><SP WIDTH="27" VPOS="2147" HPOS="723"/>
						<String ID="string_254" HPOS="750" VPOS="2163" WIDTH="58" HEIGHT="33" WC="0.91" CONTENT="en"/><SP WIDTH="21" VPOS="2163" HPOS="808"/>
						<String ID="string_255" HPOS="829" VPOS="2160" WIDTH="129" HEIGHT="52" WC="0.90" CONTENT="quoy"/><SP WIDTH="21" VPOS="2160" HPOS="958"/>
						<String ID="string_256" HPOS="979" VPOS="2133" WIDTH="182" HEIGHT="131" WC="0.0" CONTENT="contitz"/><SP WIDTH="31" VPOS="2133" HPOS="1161"/>
						<String ID="string_257" HPOS="1192" VPOS="2141" WIDTH="42" HEIGHT="51" WC="0.92" CONTENT="la"/><SP WIDTH="28" VPOS="2141" HPOS="1234"/>
						<String ID="string_258" HPOS="1262" VPOS="2163" WIDTH="166" HEIGHT="38" WC="0.56" CONTENT="nature"/>
					</TextLine>
				</TextBlock>
			</PrintSpace>
		</Page>
	</Layout>
</alto>
