1776 2528
17 1142 6 16 ï

18 1165 3 7 !

18 1175 6 19 1

19 1207 5 7 :

20 1216 5 9 ï

19 1228 7 24 ;

3 1252 22 21 #

5 1275 20 21 is

4 1300 15 23 3

5 1334 3 13 &

0 1606 7 43 |

14 1932 24 17 PE

32 1948 8 31 Î

242 129 100 47 DE
377 122 315 57 L'EsPRIT
717 121 89 58 De
860 128 321 52 L'HOMME
1295 135 88 57 23

104 197 195 48 :“hotion
318 212 121 33 nous
460 214 58 30 en
531 196 206 51 refte-t'il
757 196 32 49 fi
811 216 119 30 nous
956 215 56 31 en
1033 196 257 52 détachons
1319 200 47 48 la

110 260 212 51 Penfée?
348 267 48 44 Ie
419 261 108 68 fçay
547 264 110 51 bien
670 281 93 56 que
783 266 189 48 l'action
992 266 63 47 du
1077 256 152 85 Corps
1242 256 132 85 doit

102 331 273 49 ‘interuenir
386 331 115 49 dans
514 350 87 30 nos
613 330 279 61 fenfations,
907 341 41 40 &
962 350 97 50 que
1080 350 118 50 pour
1222 330 142 51 fentir

103 396 53 49 ail
168 394 100 52 faut
284 415 93 68 que
387 399 209 66 Porigine
607 400 57 48 de
715 401 231 68 quelquvn
966 402 57 47 de
1043 418 87 30 nos
1150 398 99 50 fens
1271 398 93 51 foit

102 463 201 69 «difpofé
314 468 142 47 d’vne
470 472 199 43 certaine
679 413 142 125 Écon
835 504 17 21 ;
866 472 212 61 cequine
1089 464 43 50 fe
1143 483 110 51 peut
1273 465 90 51 fai-

101 548 67 31 ste
179 550 93 49 que
281 552 81 48 par
374 535 41 47 le
428 551 331 35 mouuement;
774 538 116 43 mais
902 552 63 46 ny
977 534 194 48 l’action
1180 533 184 49 del'ob-

104 601 78 60 jet
202 605 225 43 exterieur
446 605 83 61 qui
551 600 129 47 meut
702 609 46 39 &
748 593 187 77 dipofe
948 593 249 77 l’organe,
1227 616 64 49 ny
1321 601 43 48 le

105 667 336 68 changement
455 667 60 47 de
525 665 165 67 figure
712 676 46 38 &
782 667 60 47 de
834 659 255 80 fituation
1098 659 103 80 que
1233 665 132 50 caufe

123 733 147 67 en'lyy
281 737 295 45 cetteaétion
590 771 14 20 ,
619 751 62 48 ny
694 733 43 51 le
751 732 231 69 tranfport
993 737 82 64 qui
1089 735 95 46 s’en
1198 730 85 52 fait
1304 751 59 33 au

125 818 186 32 cerueau
303 795 26 78 ,
352 820 58 30 ne
423 800 106 50 font
540 806 138 63 point
689 804 80 46 des
782 799 272 51 fentiments
1070 818 64 48 ny
1155 801 76 49 des
1244 820 120 48 pen-

124 864 114 65 fes,
265 873 115 45 mais
402 867 255 51 feulement
678 889 64 28 ce
757 873 84 62 qui
860 867 163 64 refulte
1053 869 309 49 immediate-

125 951 130 35 ment
266 957 60 29 en
337 936 312 69 l'Efpritdece
662 937 117 68 qu'il
795 936 61 48 eft
868 951 94 51 vny
957 930 27 79 à
1013 936 220 66 l'organe
1255 955 106 30 cor-

125 1004 254 63 porclainfi
398 1023 110 31 meu
534 1001 248 70 &-difpolé
800 1022 79 49 par
903 1001 65 51 fes
999 1002 168 66 objets.
1224 1004 41 47 Il
1285 1022 76 48 ya

125 1069 122 51 donc
269 1091 94 32 vne
385 1073 180 68 grande
585 1070 247 51 difference
853 1087 129 34 entre
1001 1089 50 30 ce
1071 1074 84 64 qui
1192 1089 169 49 appar-

111 1140 355 62 tientauGorps
479 1142 114 48 dans
606 1137 422 60 nosfenfations,&
1047 1142 338 63 cequiappar-.
1426 1145 3 48 |

125 1206 113 50 tient
249 1207 25 50 à
285 1204 269 72 l'Efpritsle
565 1221 310 36 mouuement
886 1207 298 64 qu'imprime
1203 1203 157 66 lobjet

124 1280 243 57 exterieur,
391 1286 46 40 &
460 1276 44 49 le
523 1274 397 68 changement
841 1268 79 78 de
947 1272 213 67 l'organe
1190 1290 169 49 appar-

88 1342 245 53 ‘tiennens
352 1362 60 32 au
431 1351 179 61 Corps,
633 1347 116 44 mais
756 1341 108 49 cela
896 1336 257 53 n'enferme
1181 1357 179 31 aucune

105 1408 177 63 .penfée;
293 1410 200 55 la‘feule
506 1414 294 66 perception,
820 1409 43 48 le
875 1405 94 51 feul
990 1405 278 60 fentiment,
1295 1425 65 29 ou

122 1471 42 47 la
175 1473 120 51 feule
304 1478 437 68 penfécappartient
760 1476 29 49 à
804 1475 210 67 l'Efprit,
1036 1474 165 49 &-cela
1220 1485 142 37 n’en-

106 1535 237 56 ‘fermeen
353 1545 82 66 foy
449 1542 178 53 aucune
646 1544 243 49 Eftenduë.
903 1547 62 44 Et
975 1557 184 53 partant
1171 1556 189 33 tout.ce

117 1621 228 49 quenous
358 1610 422 68 auonsditiufques
771 1603 112 79 ici,
889 1603 190 79 conclut
1093 1607 266 68 également

110 1669 127 75 pour
241 1675 390 64 toutes
399 1669 76 75 les
474 1675 157 64 fortes
644 1679 62 44 de
714 1674 189 49 Penfées
919 1679 81 59 qui
1020 1673 109 48 font
1145 1691 61 30 en
1219 1690 140 39 nous,

123 1750 46 40 &
183 1760 179 47 prouue
373 1740 448 67 clairementqueles
834 1756 112 31 vnes
968 1748 46 37 &
1037 1738 64 44 les
1123 1751 151 31 autres
1289 1754 71 30 ne

114 1808 344 69 prefuppofant
469 1828 179 38 aucune
660 1806 258 65 Éftenduë,
943 1819 105 37 tout
1060 1821 51 32 ce
1122 1801 242 70 quiPenfe
1387 1846 4 3 .

112 1877 72 50 it
201 1878 312 68 Immareriel.
1339 1909 2 2 |
