1776 2528
287 116 901 53 DEESDRITIDELHOMME.
1323 140 62 40 29

122 189 137 48 cune
272 184 404 70 Pense
443 180 78 78 au
521 184 182 70 Corps,
717 206 64 47 ny
793 205 179 31 aucune
985 187 233 50 Eſtendue
1229 187 154 51 lEſ-

120 260 126 61 prit.
1322 276 48 14 J

207 327 126 44 Pour
358 321 142 51 cuiter
523 323 44 48 la
587 320 126 51 force
742 323 59 47 de
832 339 118 41 cette
979 323 400 61 demonſtration,

128 388 95 50 nos
236 395 163 62 parties
421 388 206 51 aduerſes
649 389 150 49 diſent
817 394 115 44 trois
955 388 172 50 choſes.
1187 396 65 42 La
1274 410 105 48 pre-

135 461 168 54 miere,
326 477 90 47 que
440 459 43 46 la
505 459 330 49 connoiſſance
855 455 212 50 ſenſitiue
1094 458 129 65 qu'ils
1243 465 133 41 attti-

124 520 157 52 buent
294 524 26 48 à
330 525 221 65 quelques
565 532 151 57 Corps
739 523 61 46 eſt
820 524 112 47 diun
961 516 134 78 genre
1114 516 111 78 tout
1249 523 22 48 à
1283 522 92 52 fait

128 590 224 50 different
365 592 56 45 de
435 590 110 46 celle
570 590 57 46 de
648 589 392 52 lentendement;
1066 594 67 43 La
1158 589 215 61 ſcconde,

131 653 92 67 que
235 654 100 50 ſans
350 673 121 31 cette
480 654 329 50 connoiſſance
831 656 61 47 les
914 660 188 43 actions
1120 653 77 51 des
1219 658 153 48 brutes

126 739 61 31 ne
202 721 273 64 ſcauroient
496 724 308 66 sexpliquer,
838 733 44 38 &
918 740 187 50 partant
1133 725 111 63 qu'il
1272 722 99 51 faut

134 790 336 58 reconnoiſtre,
497 809 64 29 ou
581 809 90 47 que
693 790 61 48 les
776 796 152 61 Corps
949 789 107 50 ſont
1078 790 206 68 capables
1314 794 57 47 de

128 856 227 68 quelques
385 856 219 69 penſces,
640 878 63 27 ou
697 852 231 80 eſtablir
941 876 95 30 vne
1048 859 324 68 ntelligence

126 940 121 48 pour
260 926 42 48 la
315 928 220 47 conduite
548 926 57 47 de
618 925 181 67 chaque
808 925 202 54 animal;
1028 930 66 43 La
1115 926 250 66 troiſiéme,

129 1003 88 52 que
227 991 182 50 ſuiuant
422 993 152 50 noſtte
585 997 228 63 opinion,
831 994 60 46 les
906 999 152 61 Corps
1081 1012 59 29 ne
1165 991 200 52 ſeroient

131 1075 78 47 pas
218 1058 252 51 ſeulement
484 1064 155 64 priues
651 1062 57 47 de
721 1060 43 48 la
775 1058 189 69 penſe,
980 1066 113 42 mais
1118 1080 167 30 encore
1307 1064 66 61 de

121 1123 54 49 la
186 1119 83 80 vie,
277 1134 99 61 puis
390 1128 161 66 qu'clle
577 1125 43 49 ſe
632 1141 245 35 rencontre
892 1127 114 48 auſſi
1028 1129 114 48 dans
1160 1128 68 49 les
1251 1128 123 49 ſubb

124 1189 172 55 ſtances
320 1195 296 68 Spitituelles.
679 1198 290 48 Examinons
995 1213 69 28 ces
1080 1195 177 47 chofes
1283 1214 80 47 par

117 1262 158 50 Ordre.
306 1268 62 43 Ic
390 1262 167 69 rpons
570 1267 488 63 premierement,
946 1257 105 78 que
1073 1261 42 48 la
1137 1262 224 49 connoiſ-

76 1322 181 56 ſance
267 1328 237 61 ſenſitiue,
521 1341 46 38 &
580 1330 351 48 lintellectuelle
944 1349 57 29 nẽ
1020 1327 106 50 ſont
1148 1349 76 46 pas
1247 1332 113 48 d'vn

120 1409 145 48 genre
277 1398 214 48 different
501 1400 163 65 quand
680 1416 64 31 on
757 1399 63 46 les
830 1398 194 66 regarde
1034 1415 56 30 en
1103 1397 105 49 elles
1236 1397 124 49 meſ-

118 1460 129 77 mes,
255 1475 52 38 &
334 1466 189 65 qu'elles
549 1485 60 29 ne
629 1464 107 49 ſont
757 1470 137 63 point
915 1481 262 37 autrement
1202 1473 156 60 oppo-

118 1524 94 49 ſees
233 1547 95 45 que
347 1551 189 30 comme
559 1535 119 45 deux
701 1533 260 48 differentes
981 1537 225 43 manieres
1228 1535 27 46 d
1264 1536 94 61 ap-

121 1600 252 59 perceuoir.
431 1599 415 57 Secondement,
789 1594 70 69 ſi
864 1600 94 47 cela
982 1600 158 56 eſtoit,
1162 1598 62 48 Gu
1248 1599 108 46 bien

122 1660 41 48 la
176 1665 204 45 maniere
398 1662 58 47 de
470 1665 273 45 connoiſtre
762 1684 78 45 par
860 1666 62 45 les
942 1664 97 47 ſens
1063 1663 139 47 ſeroit
1215 1654 141 62 xom-

115 1745 150 33 mune
276 1748 58 31 au
346 1736 153 62 Corps
512 1739 41 38 &
566 1727 237 68 àlEſprit,
819 1747 62 28 ou
895 1730 110 45 bien
1026 1729 86 44 elle
1133 1745 59 28 ne
1212 1746 144 46 pour-

121 1801 91 43 roit
226 1800 374 65 conuenirqu'au
616 1797 151 68 Corps
778 1794 135 50 ſeul.
924 1799 74 44 Or
1010 1813 65 29 on
1088 1813 59 29 ne
1158 1811 108 52 peut
1277 1814 78 46 pas

118 1864 100 48 dire
242 1864 41 49 le
306 1871 229 62 premier,
560 1866 150 67 parce
724 1884 91 48 que
845 1865 41 48 la
918 1863 328 49 connoiſſance
1276 1862 78 49 des

113 1927 106 52 ſens
231 1935 110 46 neſt
361 1954 78 48 pas
462 1953 65 31 vn
519 1928 105 78 des
638 1928 221 78 attributs
868 1932 126 47 dela
1019 1929 241 50 ſubſtance,
1269 1941 81 46 &

122 2013 118 34 nous
264 2019 145 32 auonᷣs
432 1998 264 53 demonſtrè
710 1996 326 69 que-Eſptit
1056 2006 43 38 &
1121 1996 52 47 le
1197 2003 153 63 Corps

122 2071 237 44 mauoient
377 2075 96 43 rien
496 2087 126 31 autre
644 2065 136 51 choſe
806 2068 204 48 entr'eux
1035 2064 57 46 de
1117 2072 234 61 commun

109 2145 109 50 que
231 2150 74 29 ces
325 2132 140 69 ſortes
480 2137 308 65 d'attributs:
815 2141 86 45 On
915 2151 74 51 ne
975 2128 136 81 peut
1124 2128 95 81 non
1252 2136 101 69 plus

1039 2207 46 46 D
1118 2204 46 63 iij
