<?xml version="1.0" encoding="UTF-8"?>
<alto xmlns="http://www.loc.gov/standards/alto/ns-v3#" xmlns:xlink="http://www.w3.org/1999/xlink" xmlns:xsi="http://www.w3.org/2001/XMLSchema-instance" xsi:schemaLocation="http://www.loc.gov/standards/alto/ns-v3# http://www.loc.gov/alto/v3/alto-3-0.xsd">
	<Description>
		<MeasurementUnit>pixel</MeasurementUnit>
		<sourceImageInformation>
			<fileName>			</fileName>
		</sourceImageInformation>
		<OCRProcessing ID="OCR_0">
			<ocrProcessingStep>
				<processingSoftware>
					<softwareName>tesseract v4.1.0-elag2019</softwareName>
				</processingSoftware>
			</ocrProcessingStep>
		</OCRProcessing>
	</Description>
	<Layout>
		<Page WIDTH="1776" HEIGHT="2528" PHYSICAL_IMG_NR="0" ID="page_0">
			<PrintSpace HPOS="0" VPOS="0" WIDTH="1776" HEIGHT="2528">
				<TextBlock ID="block_0" HPOS="86" VPOS="34" WIDTH="1264" HEIGHT="2158">
					<TextLine ID="line_0" HPOS="833" VPOS="34" WIDTH="9" HEIGHT="26">
						<String ID="string_0" HPOS="833" VPOS="34" WIDTH="9" HEIGHT="26" WC="0.90" CONTENT="("/>
					</TextLine>
					<TextLine ID="line_1" HPOS="257" VPOS="101" WIDTH="1093" HEIGHT="70">
						<String ID="string_1" HPOS="257" VPOS="102" WIDTH="83" HEIGHT="49" WC="0.64" CONTENT="DE"/><SP WIDTH="50" VPOS="102" HPOS="340"/>
						<String ID="string_2" HPOS="390" VPOS="102" WIDTH="410" HEIGHT="52" WC="0.39" CONTENT="LESERITDE"/><SP WIDTH="47" VPOS="102" HPOS="800"/>
						<String ID="string_3" HPOS="847" VPOS="101" WIDTH="323" HEIGHT="55" WC="0.0" CONTENT="THOMMX."/><SP WIDTH="112" VPOS="101" HPOS="1170"/>
						<String ID="string_4" HPOS="1282" VPOS="127" WIDTH="68" HEIGHT="44" WC="0.42" CONTENT="S9."/>
					</TextLine>
					<TextLine ID="line_2" HPOS="90" VPOS="168" WIDTH="1245" HEIGHT="72">
						<String ID="string_5" HPOS="90" VPOS="184" WIDTH="71" HEIGHT="34" WC="0.50" CONTENT="tes"/><SP WIDTH="21" VPOS="184" HPOS="161"/>
						<String ID="string_6" HPOS="182" VPOS="169" WIDTH="61" HEIGHT="49" WC="0.89" CONTENT="les"/><SP WIDTH="26" VPOS="169" HPOS="243"/>
						<String ID="string_7" HPOS="269" VPOS="168" WIDTH="159" HEIGHT="51" WC="0.93" CONTENT="choſes"/><SP WIDTH="20" VPOS="168" HPOS="428"/>
						<String ID="string_8" HPOS="448" VPOS="170" WIDTH="195" HEIGHT="50" WC="0.92" CONTENT="eſtoient"/><SP WIDTH="31" VPOS="170" HPOS="643"/>
						<String ID="string_9" HPOS="674" VPOS="173" WIDTH="277" HEIGHT="67" WC="0.92" CONTENT="corporelles"/><SP WIDTH="35" VPOS="173" HPOS="951"/>
						<String ID="string_10" HPOS="986" VPOS="192" WIDTH="64" HEIGHT="30" WC="0.93" CONTENT="ou"/><SP WIDTH="30" VPOS="192" HPOS="1050"/>
						<String ID="string_11" HPOS="1080" VPOS="174" WIDTH="255" HEIGHT="59" WC="0.84" CONTENT="eſtenduẽs,"/>
					</TextLine>
					<TextLine ID="line_3" HPOS="91" VPOS="236" WIDTH="1243" HEIGHT="70">
						<String ID="string_12" HPOS="91" VPOS="237" WIDTH="40" HEIGHT="48" WC="0.91" CONTENT="il"/><SP WIDTH="20" VPOS="237" HPOS="131"/>
						<String ID="string_13" HPOS="151" VPOS="237" WIDTH="97" HEIGHT="48" WC="0.25" CONTENT="Seſt"/><SP WIDTH="22" VPOS="237" HPOS="248"/>
						<String ID="string_14" HPOS="270" VPOS="236" WIDTH="188" HEIGHT="70" WC="0.35" CONTENT="trompè"/><SP WIDTH="21" VPOS="236" HPOS="458"/>
						<String ID="string_15" HPOS="479" VPOS="239" WIDTH="337" HEIGHT="60" WC="0.87" CONTENT="lourdement,"/><SP WIDTH="35" VPOS="239" HPOS="816"/>
						<String ID="string_16" HPOS="851" VPOS="250" WIDTH="45" HEIGHT="40" WC="0.90" CONTENT="&amp;"/><SP WIDTH="33" VPOS="250" HPOS="896"/>
						<String ID="string_17" HPOS="929" VPOS="241" WIDTH="60" HEIGHT="48" WC="0.90" CONTENT="eſt"/><SP WIDTH="34" VPOS="241" HPOS="989"/>
						<String ID="string_18" HPOS="1023" VPOS="240" WIDTH="166" HEIGHT="49" WC="0.75" CONTENT="tombé"/><SP WIDTH="30" VPOS="240" HPOS="1189"/>
						<String ID="string_19" HPOS="1219" VPOS="242" WIDTH="115" HEIGHT="50" WC="0.91" CONTENT="dans"/>
					</TextLine>
					<TextLine ID="line_4" HPOS="100" VPOS="306" WIDTH="1233" HEIGHT="69">
						<String ID="string_20" HPOS="100" VPOS="323" WIDTH="87" HEIGHT="31" WC="0.39" CONTENT="vne"/><SP WIDTH="11" VPOS="323" HPOS="187"/>
						<String ID="string_21" HPOS="198" VPOS="324" WIDTH="173" HEIGHT="40" WC="0.87" CONTENT="erreur,"/><SP WIDTH="22" VPOS="324" HPOS="371"/>
						<String ID="string_22" HPOS="393" VPOS="307" WIDTH="58" HEIGHT="47" WC="0.92" CONTENT="de"/><SP WIDTH="15" VPOS="307" HPOS="451"/>
						<String ID="string_23" HPOS="466" VPOS="307" WIDTH="210" HEIGHT="68" WC="0.92" CONTENT="laquelle"/><SP WIDTH="20" VPOS="307" HPOS="676"/>
						<String ID="string_24" HPOS="696" VPOS="308" WIDTH="33" HEIGHT="48" WC="0.88" CONTENT="il"/><SP WIDTH="23" VPOS="308" HPOS="729"/>
						<String ID="string_25" HPOS="752" VPOS="307" WIDTH="44" HEIGHT="49" WC="0.93" CONTENT="ſe"/><SP WIDTH="20" VPOS="307" HPOS="796"/>
						<String ID="string_26" HPOS="816" VPOS="307" WIDTH="139" HEIGHT="50" WC="0.92" CONTENT="ſeroit"/><SP WIDTH="18" VPOS="307" HPOS="955"/>
						<String ID="string_27" HPOS="973" VPOS="306" WIDTH="277" HEIGHT="53" WC="0.91" CONTENT="facilement"/><SP WIDTH="21" VPOS="306" HPOS="1250"/>
						<String ID="string_28" HPOS="1271" VPOS="317" WIDTH="62" HEIGHT="40" WC="0.91" CONTENT="ti-"/>
					</TextLine>
					<TextLine ID="line_5" HPOS="90" VPOS="372" WIDTH="1244" HEIGHT="68">
						<String ID="string_29" HPOS="90" VPOS="372" WIDTH="53" HEIGHT="47" WC="0.16" CONTENT="té,"/><SP WIDTH="10" VPOS="372" HPOS="143"/>
						<String ID="string_30" HPOS="153" VPOS="372" WIDTH="102" HEIGHT="68" WC="0.91" CONTENT="luy"/><SP WIDTH="23" VPOS="372" HPOS="255"/>
						<String ID="string_31" HPOS="278" VPOS="383" WIDTH="44" HEIGHT="39" WC="0.90" CONTENT="&amp;"/><SP WIDTH="16" VPOS="383" HPOS="322"/>
						<String ID="string_32" HPOS="338" VPOS="393" WIDTH="111" HEIGHT="30" WC="0.76" CONTENT="ceux"/><SP WIDTH="12" VPOS="393" HPOS="449"/>
						<String ID="string_33" HPOS="461" VPOS="375" WIDTH="142" HEIGHT="65" WC="0.51" CONTENT="quũle"/><SP WIDTH="21" VPOS="375" HPOS="603"/>
						<String ID="string_34" HPOS="624" VPOS="374" WIDTH="208" HEIGHT="61" WC="0.92" CONTENT="ſuiuent,"/><SP WIDTH="19" VPOS="374" HPOS="832"/>
						<String ID="string_35" HPOS="851" VPOS="378" WIDTH="91" HEIGHT="47" WC="0.57" CONTENT="Sils"/><SP WIDTH="28" VPOS="378" HPOS="942"/>
						<String ID="string_36" HPOS="970" VPOS="381" WIDTH="192" HEIGHT="44" WC="0.87" CONTENT="auoient"/><SP WIDTH="23" VPOS="381" HPOS="1162"/>
						<String ID="string_37" HPOS="1185" VPOS="378" WIDTH="149" HEIGHT="47" WC="0.90" CONTENT="voulu"/>
					</TextLine>
					<TextLine ID="line_6" HPOS="89" VPOS="437" WIDTH="1241" HEIGHT="75">
						<String ID="string_38" HPOS="89" VPOS="437" WIDTH="116" HEIGHT="51" WC="0.92" CONTENT="faire"/><SP WIDTH="19" VPOS="437" HPOS="205"/>
						<String ID="string_39" HPOS="224" VPOS="461" WIDTH="65" HEIGHT="30" WC="0.83" CONTENT="vn"/><SP WIDTH="22" VPOS="461" HPOS="289"/>
						<String ID="string_40" HPOS="311" VPOS="460" WIDTH="90" HEIGHT="48" WC="0.90" CONTENT="peu"/><SP WIDTH="21" VPOS="460" HPOS="401"/>
						<String ID="string_41" HPOS="422" VPOS="442" WIDTH="100" HEIGHT="67" WC="0.86" CONTENT="plùs"/><SP WIDTH="22" VPOS="442" HPOS="522"/>
						<String ID="string_42" HPOS="544" VPOS="443" WIDTH="58" HEIGHT="47" WC="0.93" CONTENT="de"/><SP WIDTH="19" VPOS="443" HPOS="602"/>
						<String ID="string_43" HPOS="621" VPOS="442" WIDTH="221" HEIGHT="51" WC="0.82" CONTENT="reflexion"/><SP WIDTH="22" VPOS="442" HPOS="842"/>
						<String ID="string_44" HPOS="864" VPOS="442" WIDTH="72" HEIGHT="50" WC="0.91" CONTENT="ſur"/><SP WIDTH="33" VPOS="442" HPOS="936"/>
						<String ID="string_45" HPOS="969" VPOS="444" WIDTH="61" HEIGHT="49" WC="0.93" CONTENT="les"/><SP WIDTH="33" VPOS="444" HPOS="1030"/>
						<String ID="string_46" HPOS="1063" VPOS="448" WIDTH="267" HEIGHT="64" WC="0.92" CONTENT="operations"/>
					</TextLine>
					<TextLine ID="line_7" HPOS="87" VPOS="508" WIDTH="1244" HEIGHT="69">
						<String ID="string_47" HPOS="87" VPOS="509" WIDTH="65" HEIGHT="47" WC="0.90" CONTENT="de"/><SP WIDTH="28" VPOS="509" HPOS="152"/>
						<String ID="string_48" HPOS="180" VPOS="509" WIDTH="95" HEIGHT="48" WC="0.90" CONTENT="leur"/><SP WIDTH="34" VPOS="509" HPOS="275"/>
						<String ID="string_49" HPOS="309" VPOS="508" WIDTH="177" HEIGHT="69" WC="0.90" CONTENT="Eſprit,"/><SP WIDTH="35" VPOS="508" HPOS="486"/>
						<String ID="string_50" HPOS="521" VPOS="520" WIDTH="45" HEIGHT="39" WC="0.90" CONTENT="&amp;"/><SP WIDTH="30" VPOS="520" HPOS="566"/>
						<String ID="string_51" HPOS="596" VPOS="515" WIDTH="236" HEIGHT="43" WC="0.91" CONTENT="examiner"/><SP WIDTH="27" VPOS="515" HPOS="832"/>
						<String ID="string_52" HPOS="859" VPOS="529" WIDTH="116" HEIGHT="29" WC="0.92" CONTENT="auec"/><SP WIDTH="27" VPOS="529" HPOS="975"/>
						<String ID="string_53" HPOS="1002" VPOS="515" WIDTH="237" HEIGHT="54" WC="0.91" CONTENT="attention"/><SP WIDTH="31" VPOS="515" HPOS="1239"/>
						<String ID="string_54" HPOS="1270" VPOS="512" WIDTH="61" HEIGHT="48" WC="0.86" CONTENT="les"/>
					</TextLine>
					<TextLine ID="line_8" HPOS="90" VPOS="576" WIDTH="1238" HEIGHT="66">
						<String ID="string_55" HPOS="90" VPOS="576" WIDTH="123" HEIGHT="48" WC="0.40" CONTENT="ides"/><SP WIDTH="28" VPOS="576" HPOS="213"/>
						<String ID="string_56" HPOS="241" VPOS="576" WIDTH="137" HEIGHT="66" WC="0.66" CONTENT="qu&#39;ils"/><SP WIDTH="24" VPOS="576" HPOS="378"/>
						<String ID="string_57" HPOS="402" VPOS="581" WIDTH="263" HEIGHT="60" WC="0.92" CONTENT="pouuoient"/><SP WIDTH="28" VPOS="581" HPOS="665"/>
						<String ID="string_58" HPOS="693" VPOS="592" WIDTH="187" HEIGHT="32" WC="0.78" CONTENT="trouuer"/><SP WIDTH="29" VPOS="592" HPOS="880"/>
						<String ID="string_59" HPOS="909" VPOS="594" WIDTH="59" HEIGHT="31" WC="0.91" CONTENT="en"/><SP WIDTH="30" VPOS="594" HPOS="968"/>
						<String ID="string_60" HPOS="998" VPOS="595" WIDTH="84" HEIGHT="29" WC="0.63" CONTENT="cux"/><SP WIDTH="29" VPOS="595" HPOS="1082"/>
						<String ID="string_61" HPOS="1111" VPOS="577" WIDTH="217" HEIGHT="50" WC="0.90" CONTENT="meſmes."/>
					</TextLine>
					<TextLine ID="line_9" HPOS="96" VPOS="641" WIDTH="1234" HEIGHT="69">
						<String ID="string_62" HPOS="96" VPOS="646" WIDTH="55" HEIGHT="44" WC="0.90" CONTENT="Et"/><SP WIDTH="29" VPOS="646" HPOS="151"/>
						<String ID="string_63" HPOS="180" VPOS="641" WIDTH="181" HEIGHT="69" WC="0.44" CONTENT="ieſpere"/><SP WIDTH="23" VPOS="641" HPOS="361"/>
						<String ID="string_64" HPOS="384" VPOS="659" WIDTH="93" HEIGHT="51" WC="0.92" CONTENT="que"/><SP WIDTH="33" VPOS="659" HPOS="477"/>
						<String ID="string_65" HPOS="510" VPOS="661" WIDTH="112" HEIGHT="29" WC="0.91" CONTENT="ceux"/><SP WIDTH="28" VPOS="661" HPOS="622"/>
						<String ID="string_66" HPOS="650" VPOS="647" WIDTH="84" HEIGHT="63" WC="0.91" CONTENT="qui"/><SP WIDTH="34" VPOS="647" HPOS="734"/>
						<String ID="string_67" HPOS="768" VPOS="644" WIDTH="146" HEIGHT="48" WC="0.91" CONTENT="liront"/><SP WIDTH="32" VPOS="644" HPOS="914"/>
						<String ID="string_68" HPOS="946" VPOS="643" WIDTH="69" HEIGHT="48" WC="0.65" CONTENT="cõt"/><SP WIDTH="30" VPOS="643" HPOS="1015"/>
						<String ID="string_69" HPOS="1045" VPOS="642" WIDTH="145" HEIGHT="50" WC="0.92" CONTENT="Eſcrit"/><SP WIDTH="29" VPOS="642" HPOS="1190"/>
						<String ID="string_70" HPOS="1219" VPOS="663" WIDTH="111" HEIGHT="29" WC="0.87" CONTENT="auec"/>
					</TextLine>
					<TextLine ID="line_10" HPOS="99" VPOS="706" WIDTH="1230" HEIGHT="71">
						<String ID="string_71" HPOS="99" VPOS="707" WIDTH="94" HEIGHT="52" WC="0.89" CONTENT="ſoin"/><SP WIDTH="23" VPOS="707" HPOS="193"/>
						<String ID="string_72" HPOS="216" VPOS="720" WIDTH="45" HEIGHT="39" WC="0.89" CONTENT="&amp;"/><SP WIDTH="23" VPOS="720" HPOS="261"/>
						<String ID="string_73" HPOS="284" VPOS="706" WIDTH="104" HEIGHT="53" WC="0.89" CONTENT="ſans"/><SP WIDTH="22" VPOS="706" HPOS="388"/>
						<String ID="string_74" HPOS="410" VPOS="708" WIDTH="225" HEIGHT="69" WC="0.7" CONTENT="prejugé,"/><SP WIDTH="40" VPOS="708" HPOS="635"/>
						<String ID="string_75" HPOS="675" VPOS="712" WIDTH="330" HEIGHT="48" WC="0.90" CONTENT="connoiſtront"/><SP WIDTH="50" VPOS="712" HPOS="1005"/>
						<String ID="string_76" HPOS="1055" VPOS="712" WIDTH="122" HEIGHT="63" WC="0.60" CONTENT="qu&#39;ils"/><SP WIDTH="33" VPOS="712" HPOS="1177"/>
						<String ID="string_77" HPOS="1210" VPOS="731" WIDTH="119" HEIGHT="30" WC="0.90" CONTENT="con-"/>
					</TextLine>
					<TextLine ID="line_11" HPOS="94" VPOS="728" WIDTH="1121" HEIGHT="118">
						<String ID="string_78" HPOS="94" VPOS="783" WIDTH="189" HEIGHT="55" WC="0.42" CONTENT="goiuent"/><SP WIDTH="20" VPOS="783" HPOS="283"/>
						<String ID="string_79" HPOS="303" VPOS="778" WIDTH="242" HEIGHT="67" WC="0.0" CONTENT="beaucoup"/><SP WIDTH="30" VPOS="778" HPOS="545"/>
						<String ID="string_80" HPOS="575" VPOS="778" WIDTH="57" HEIGHT="48" WC="0.0" CONTENT="de"/><SP WIDTH="34" VPOS="778" HPOS="632"/>
						<String ID="string_81" HPOS="666" VPOS="777" WIDTH="157" HEIGHT="50" WC="0.86" CONTENT="choſes"/><SP WIDTH="29" VPOS="777" HPOS="823"/>
						<String ID="string_82" HPOS="852" VPOS="781" WIDTH="114" HEIGHT="48" WC="0.91" CONTENT="dans"/><SP WIDTH="32" VPOS="781" HPOS="966"/>
						<String ID="string_83" HPOS="998" VPOS="728" WIDTH="217" HEIGHT="118" WC="0.0" CONTENT="U"/>
					</TextLine>
					<TextLine ID="line_12" HPOS="99" VPOS="846" WIDTH="1229" HEIGHT="69">
						<String ID="string_84" HPOS="99" VPOS="846" WIDTH="370" HEIGHT="67" WC="0.41" CONTENT="mappercoiuent"/><SP WIDTH="13" VPOS="846" HPOS="469"/>
						<String ID="string_85" HPOS="482" VPOS="864" WIDTH="177" HEIGHT="30" WC="0.88" CONTENT="aucune"/><SP WIDTH="13" VPOS="864" HPOS="659"/>
						<String ID="string_86" HPOS="672" VPOS="846" WIDTH="245" HEIGHT="50" WC="0.0" CONTENT="Eſtendus."/><SP WIDTH="57" VPOS="846" HPOS="917"/>
						<String ID="string_87" HPOS="974" VPOS="853" WIDTH="70" HEIGHT="43" WC="0.78" CONTENT="Ce"/><SP WIDTH="13" VPOS="853" HPOS="1044"/>
						<String ID="string_88" HPOS="1057" VPOS="863" WIDTH="91" HEIGHT="51" WC="0.78" CONTENT="que"/><SP WIDTH="13" VPOS="863" HPOS="1148"/>
						<String ID="string_89" HPOS="1161" VPOS="851" WIDTH="39" HEIGHT="44" WC="0.63" CONTENT="ie"/><SP WIDTH="22" VPOS="851" HPOS="1200"/>
						<String ID="string_90" HPOS="1222" VPOS="865" WIDTH="106" HEIGHT="50" WC="0.92" CONTENT="pre-"/>
					</TextLine>
					<TextLine ID="line_13" HPOS="90" VPOS="912" WIDTH="1239" HEIGHT="71">
						<String ID="string_91" HPOS="90" VPOS="926" WIDTH="97" HEIGHT="35" WC="0.89" CONTENT="tens"/><SP WIDTH="20" VPOS="926" HPOS="187"/>
						<String ID="string_92" HPOS="207" VPOS="918" WIDTH="125" HEIGHT="45" WC="0.91" CONTENT="donc"/><SP WIDTH="21" VPOS="918" HPOS="332"/>
						<String ID="string_93" HPOS="353" VPOS="912" WIDTH="112" HEIGHT="51" WC="0.91" CONTENT="faire"/><SP WIDTH="21" VPOS="912" HPOS="465"/>
						<String ID="string_94" HPOS="486" VPOS="918" WIDTH="101" HEIGHT="47" WC="0.92" CONTENT="voir"/><SP WIDTH="23" VPOS="918" HPOS="587"/>
						<String ID="string_95" HPOS="610" VPOS="916" WIDTH="114" HEIGHT="49" WC="0.83" CONTENT="dans"/><SP WIDTH="12" VPOS="916" HPOS="724"/>
						<String ID="string_96" HPOS="736" VPOS="934" WIDTH="52" HEIGHT="28" WC="0.65" CONTENT="ce"/><SP WIDTH="12" VPOS="934" HPOS="788"/>
						<String ID="string_97" HPOS="800" VPOS="915" WIDTH="250" HEIGHT="67" WC="0.91" CONTENT="Chapitre,"/><SP WIDTH="25" VPOS="915" HPOS="1050"/>
						<String ID="string_98" HPOS="1075" VPOS="914" WIDTH="61" HEIGHT="48" WC="0.91" CONTENT="eſt"/><SP WIDTH="14" VPOS="914" HPOS="1136"/>
						<String ID="string_99" HPOS="1150" VPOS="916" WIDTH="113" HEIGHT="67" WC="0.42" CONTENT="quil"/><SP WIDTH="36" VPOS="916" HPOS="1263"/>
						<String ID="string_100" HPOS="1299" VPOS="932" WIDTH="30" HEIGHT="50" WC="0.87" CONTENT="y"/>
					</TextLine>
					<TextLine ID="line_14" HPOS="91" VPOS="980" WIDTH="1238" HEIGHT="70">
						<String ID="string_101" HPOS="91" VPOS="997" WIDTH="52" HEIGHT="39" WC="0.90" CONTENT="a,"/><SP WIDTH="13" VPOS="997" HPOS="143"/>
						<String ID="string_102" HPOS="156" VPOS="985" WIDTH="40" HEIGHT="44" WC="0.91" CONTENT="ie"/><SP WIDTH="8" VPOS="985" HPOS="196"/>
						<String ID="string_103" HPOS="204" VPOS="1000" WIDTH="58" HEIGHT="31" WC="0.76" CONTENT="ne"/><SP WIDTH="11" VPOS="1000" HPOS="262"/>
						<String ID="string_104" HPOS="273" VPOS="983" WIDTH="68" HEIGHT="48" WC="0.76" CONTENT="dis"/><SP WIDTH="12" VPOS="983" HPOS="341"/>
						<String ID="string_105" HPOS="353" VPOS="1001" WIDTH="77" HEIGHT="49" WC="0.92" CONTENT="pas"/><SP WIDTH="14" VPOS="1001" HPOS="430"/>
						<String ID="string_106" HPOS="444" VPOS="983" WIDTH="76" HEIGHT="47" WC="0.91" CONTENT="des"/><SP WIDTH="13" VPOS="983" HPOS="520"/>
						<String ID="string_107" HPOS="533" VPOS="980" WIDTH="198" HEIGHT="70" WC="0.92" CONTENT="Eſprits,"/><SP WIDTH="15" VPOS="980" HPOS="731"/>
						<String ID="string_108" HPOS="746" VPOS="1001" WIDTH="72" HEIGHT="30" WC="0.93" CONTENT="car"/><SP WIDTH="12" VPOS="1001" HPOS="818"/>
						<String ID="string_109" HPOS="830" VPOS="983" WIDTH="41" HEIGHT="47" WC="0.92" CONTENT="le"/><SP WIDTH="15" VPOS="983" HPOS="871"/>
						<String ID="string_110" HPOS="886" VPOS="999" WIDTH="104" HEIGHT="33" WC="0.91" CONTENT="mot"/><SP WIDTH="15" VPOS="999" HPOS="990"/>
						<String ID="string_111" HPOS="1005" VPOS="982" WIDTH="60" HEIGHT="48" WC="0.89" CONTENT="eſt"/><SP WIDTH="13" VPOS="982" HPOS="1065"/>
						<String ID="string_112" HPOS="1078" VPOS="999" WIDTH="110" HEIGHT="50" WC="0.70" CONTENT="trop"/><SP WIDTH="14" VPOS="999" HPOS="1188"/>
						<String ID="string_113" HPOS="1202" VPOS="982" WIDTH="127" HEIGHT="67" WC="0.64" CONTENT="équi-"/>
					</TextLine>
					<TextLine ID="line_15" HPOS="99" VPOS="1047" WIDTH="1229" HEIGHT="69">
						<String ID="string_114" HPOS="99" VPOS="1061" WIDTH="147" HEIGHT="55" WC="0.90" CONTENT="uoque"/><SP WIDTH="33" VPOS="1061" HPOS="246"/>
						<String ID="string_115" HPOS="279" VPOS="1069" WIDTH="59" HEIGHT="29" WC="0.74" CONTENT="en"/><SP WIDTH="35" VPOS="1069" HPOS="338"/>
						<String ID="string_116" HPOS="373" VPOS="1048" WIDTH="71" HEIGHT="50" WC="0.55" CONTENT="cet"/><SP WIDTH="21" VPOS="1048" HPOS="444"/>
						<String ID="string_117" HPOS="465" VPOS="1051" WIDTH="216" HEIGHT="57" WC="0.89" CONTENT="endroit,"/><SP WIDTH="24" VPOS="1051" HPOS="681"/>
						<String ID="string_118" HPOS="705" VPOS="1059" WIDTH="46" HEIGHT="40" WC="0.89" CONTENT="&amp;"/><SP WIDTH="21" VPOS="1059" HPOS="751"/>
						<String ID="string_119" HPOS="772" VPOS="1069" WIDTH="97" HEIGHT="29" WC="0.91" CONTENT="mes"/><SP WIDTH="26" VPOS="1069" HPOS="869"/>
						<String ID="string_120" HPOS="895" VPOS="1047" WIDTH="280" HEIGHT="51" WC="0.91" CONTENT="aduerſaires"/><SP WIDTH="29" VPOS="1047" HPOS="1175"/>
						<String ID="string_121" HPOS="1204" VPOS="1049" WIDTH="124" HEIGHT="49" WC="0.92" CONTENT="meſ-"/>
					</TextLine>
					<TextLine ID="line_16" HPOS="95" VPOS="1115" WIDTH="1229" HEIGHT="61">
						<String ID="string_122" HPOS="95" VPOS="1130" WIDTH="141" HEIGHT="37" WC="0.69" CONTENT="meſen"/><SP WIDTH="15" VPOS="1130" HPOS="236"/>
						<String ID="string_123" HPOS="251" VPOS="1120" WIDTH="371" HEIGHT="47" WC="0.90" CONTENT="demcureroient"/><SP WIDTH="11" VPOS="1120" HPOS="622"/>
						<String ID="string_124" HPOS="633" VPOS="1118" WIDTH="240" HEIGHT="58" WC="0.79" CONTENT="d&#39;accord,"/><SP WIDTH="17" VPOS="1118" HPOS="873"/>
						<String ID="string_125" HPOS="890" VPOS="1121" WIDTH="115" HEIGHT="45" WC="0.92" CONTENT="mais"/><SP WIDTH="13" VPOS="1121" HPOS="1005"/>
						<String ID="string_126" HPOS="1018" VPOS="1118" WIDTH="75" HEIGHT="47" WC="0.92" CONTENT="des"/><SP WIDTH="17" VPOS="1118" HPOS="1093"/>
						<String ID="string_127" HPOS="1110" VPOS="1115" WIDTH="214" HEIGHT="51" WC="0.92" CONTENT="ſubſtan-"/>
					</TextLine>
					<TextLine ID="line_17" HPOS="90" VPOS="1183" WIDTH="1236" HEIGHT="59">
						<String ID="string_128" HPOS="90" VPOS="1199" WIDTH="68" HEIGHT="31" WC="0.92" CONTENT="ces"/><SP WIDTH="21" VPOS="1199" HPOS="158"/>
						<String ID="string_129" HPOS="179" VPOS="1183" WIDTH="98" HEIGHT="52" WC="0.91" CONTENT="ſans"/><SP WIDTH="26" VPOS="1183" HPOS="277"/>
						<String ID="string_130" HPOS="303" VPOS="1202" WIDTH="178" HEIGHT="32" WC="0.79" CONTENT="aucune"/><SP WIDTH="21" VPOS="1202" HPOS="481"/>
						<String ID="string_131" HPOS="502" VPOS="1184" WIDTH="254" HEIGHT="58" WC="0.28" CONTENT="eſtendus,"/><SP WIDTH="28" VPOS="1184" HPOS="756"/>
						<String ID="string_132" HPOS="784" VPOS="1194" WIDTH="44" HEIGHT="39" WC="0.91" CONTENT="&amp;"/><SP WIDTH="32" VPOS="1194" HPOS="828"/>
						<String ID="string_133" HPOS="860" VPOS="1189" WIDTH="306" HEIGHT="43" WC="0.90" CONTENT="entierement"/><SP WIDTH="26" VPOS="1189" HPOS="1166"/>
						<String ID="string_134" HPOS="1192" VPOS="1183" WIDTH="134" HEIGHT="48" WC="0.84" CONTENT="déta-"/>
					</TextLine>
					<TextLine ID="line_18" HPOS="89" VPOS="1248" WIDTH="1236" HEIGHT="70">
						<String ID="string_135" HPOS="89" VPOS="1248" WIDTH="129" HEIGHT="52" WC="0.53" CONTENT="chees"/><SP WIDTH="13" VPOS="1248" HPOS="218"/>
						<String ID="string_136" HPOS="231" VPOS="1255" WIDTH="56" HEIGHT="47" WC="0.82" CONTENT="de"/><SP WIDTH="13" VPOS="1255" HPOS="287"/>
						<String ID="string_137" HPOS="300" VPOS="1254" WIDTH="43" HEIGHT="47" WC="0.82" CONTENT="la"/><SP WIDTH="10" VPOS="1254" HPOS="343"/>
						<String ID="string_138" HPOS="353" VPOS="1253" WIDTH="208" HEIGHT="48" WC="0.89" CONTENT="matiere."/><SP WIDTH="38" VPOS="1253" HPOS="561"/>
						<String ID="string_139" HPOS="599" VPOS="1250" WIDTH="292" HEIGHT="51" WC="0.0" CONTENT="Conſiderez"/><SP WIDTH="19" VPOS="1250" HPOS="891"/>
						<String ID="string_140" HPOS="910" VPOS="1256" WIDTH="44" HEIGHT="44" WC="0.74" CONTENT="ic"/><SP WIDTH="18" VPOS="1256" HPOS="954"/>
						<String ID="string_141" HPOS="972" VPOS="1268" WIDTH="122" HEIGHT="32" WC="0.91" CONTENT="vous"/><SP WIDTH="23" VPOS="1268" HPOS="1094"/>
						<String ID="string_142" HPOS="1117" VPOS="1254" WIDTH="94" HEIGHT="64" WC="0.89" CONTENT="prie"/><SP WIDTH="23" VPOS="1254" HPOS="1211"/>
						<String ID="string_143" HPOS="1234" VPOS="1269" WIDTH="91" HEIGHT="47" WC="0.89" CONTENT="que"/>
					</TextLine>
					<TextLine ID="line_19" HPOS="91" VPOS="1313" WIDTH="1235" HEIGHT="73">
						<String ID="string_144" HPOS="91" VPOS="1313" WIDTH="44" HEIGHT="51" WC="0.91" CONTENT="la"/><SP WIDTH="13" VPOS="1313" HPOS="135"/>
						<String ID="string_145" HPOS="148" VPOS="1321" WIDTH="235" HEIGHT="49" WC="0.84" CONTENT="Puiſſance"/><SP WIDTH="12" VPOS="1321" HPOS="383"/>
						<String ID="string_146" HPOS="395" VPOS="1321" WIDTH="59" HEIGHT="48" WC="0.84" CONTENT="de"/><SP WIDTH="22" VPOS="1321" HPOS="454"/>
						<String ID="string_147" HPOS="476" VPOS="1325" WIDTH="125" HEIGHT="61" WC="0.74" CONTENT="Dicu"/><SP WIDTH="20" VPOS="1325" HPOS="601"/>
						<String ID="string_148" HPOS="621" VPOS="1321" WIDTH="144" HEIGHT="49" WC="0.88" CONTENT="eſtant"/><SP WIDTH="20" VPOS="1321" HPOS="765"/>
						<String ID="string_149" HPOS="785" VPOS="1319" WIDTH="188" HEIGHT="59" WC="0.87" CONTENT="infinie,"/><SP WIDTH="28" VPOS="1319" HPOS="973"/>
						<String ID="string_150" HPOS="1001" VPOS="1328" WIDTH="43" HEIGHT="39" WC="0.88" CONTENT="&amp;"/><SP WIDTH="24" VPOS="1328" HPOS="1044"/>
						<String ID="string_151" HPOS="1068" VPOS="1318" WIDTH="258" HEIGHT="50" WC="0.44" CONTENT="entende-"/>
					</TextLine>
					<TextLine ID="line_20" HPOS="89" VPOS="1386" WIDTH="1236" HEIGHT="69">
						<String ID="string_152" HPOS="89" VPOS="1398" WIDTH="108" HEIGHT="37" WC="0.92" CONTENT="ment"/><SP WIDTH="9" VPOS="1398" HPOS="197"/>
						<String ID="string_153" HPOS="206" VPOS="1389" WIDTH="64" HEIGHT="65" WC="0.90" CONTENT="de"/><SP WIDTH="46" VPOS="1389" HPOS="270"/>
						<String ID="string_154" HPOS="316" VPOS="1389" WIDTH="44" HEIGHT="48" WC="0.90" CONTENT="la"/><SP WIDTH="24" VPOS="1389" HPOS="360"/>
						<String ID="string_155" HPOS="384" VPOS="1389" WIDTH="100" HEIGHT="66" WC="0.92" CONTENT="plus"/><SP WIDTH="23" VPOS="1389" HPOS="484"/>
						<String ID="string_156" HPOS="507" VPOS="1386" WIDTH="215" HEIGHT="69" WC="0.89" CONTENT="parfaitte"/><SP WIDTH="21" VPOS="1386" HPOS="722"/>
						<String ID="string_157" HPOS="743" VPOS="1395" WIDTH="223" HEIGHT="42" WC="0.92" CONTENT="Creature"/><SP WIDTH="32" VPOS="1395" HPOS="966"/>
						<String ID="string_158" HPOS="998" VPOS="1387" WIDTH="145" HEIGHT="49" WC="0.92" CONTENT="eſtant"/><SP WIDTH="29" VPOS="1387" HPOS="1143"/>
						<String ID="string_159" HPOS="1172" VPOS="1403" WIDTH="153" HEIGHT="32" WC="0.92" CONTENT="extre-"/>
					</TextLine>
					<TextLine ID="line_21" HPOS="93" VPOS="1453" WIDTH="1232" HEIGHT="67">
						<String ID="string_160" HPOS="93" VPOS="1465" WIDTH="205" HEIGHT="38" WC="0.89" CONTENT="mement"/><SP WIDTH="18" VPOS="1465" HPOS="298"/>
						<String ID="string_161" HPOS="316" VPOS="1453" WIDTH="153" HEIGHT="50" WC="0.29" CONTENT="borné"/><SP WIDTH="22" VPOS="1453" HPOS="469"/>
						<String ID="string_162" HPOS="491" VPOS="1465" WIDTH="44" HEIGHT="38" WC="0.90" CONTENT="&amp;"/><SP WIDTH="22" VPOS="1465" HPOS="535"/>
						<String ID="string_163" HPOS="557" VPOS="1455" WIDTH="96" HEIGHT="65" WC="0.87" CONTENT="finy,"/><SP WIDTH="25" VPOS="1455" HPOS="653"/>
						<String ID="string_164" HPOS="678" VPOS="1456" WIDTH="67" HEIGHT="58" WC="0.92" CONTENT="il"/><SP WIDTH="22" VPOS="1456" HPOS="745"/>
						<String ID="string_165" HPOS="767" VPOS="1454" WIDTH="138" HEIGHT="50" WC="0.92" CONTENT="ſeroit"/><SP WIDTH="21" VPOS="1454" HPOS="905"/>
						<String ID="string_166" HPOS="926" VPOS="1454" WIDTH="191" HEIGHT="50" WC="0.90" CONTENT="ridicule"/><SP WIDTH="21" VPOS="1454" HPOS="1117"/>
						<String ID="string_167" HPOS="1138" VPOS="1455" WIDTH="57" HEIGHT="46" WC="0.92" CONTENT="de"/><SP WIDTH="32" VPOS="1455" HPOS="1195"/>
						<String ID="string_168" HPOS="1227" VPOS="1455" WIDTH="98" HEIGHT="47" WC="0.81" CONTENT="dire"/>
					</TextLine>
					<TextLine ID="line_22" HPOS="87" VPOS="1519" WIDTH="1238" HEIGHT="71">
						<String ID="string_169" HPOS="69" VPOS="1515" WIDTH="107" HEIGHT="79" WC="0.92" CONTENT="que"/><SP WIDTH="12" VPOS="1515" HPOS="176"/>
						<String ID="string_170" HPOS="188" VPOS="1515" WIDTH="119" HEIGHT="79" WC="0.82" CONTENT="nous"/><SP WIDTH="24" VPOS="1515" HPOS="307"/>
						<String ID="string_171" HPOS="331" VPOS="1521" WIDTH="231" HEIGHT="65" WC="0.92" CONTENT="peuſſions"/><SP WIDTH="21" VPOS="1521" HPOS="562"/>
						<String ID="string_172" HPOS="583" VPOS="1519" WIDTH="250" HEIGHT="53" WC="0.82" CONTENT="conceuoir"/><SP WIDTH="18" VPOS="1519" HPOS="833"/>
						<String ID="string_173" HPOS="851" VPOS="1524" WIDTH="102" HEIGHT="66" WC="0.91" CONTENT="plus"/><SP WIDTH="22" VPOS="1524" HPOS="953"/>
						<String ID="string_174" HPOS="975" VPOS="1524" WIDTH="58" HEIGHT="47" WC="0.91" CONTENT="de"/><SP WIDTH="20" VPOS="1524" HPOS="1033"/>
						<String ID="string_175" HPOS="1053" VPOS="1519" WIDTH="157" HEIGHT="51" WC="0.92" CONTENT="choſes"/><SP WIDTH="22" VPOS="1519" HPOS="1210"/>
						<String ID="string_176" HPOS="1232" VPOS="1539" WIDTH="93" HEIGHT="49" WC="0.90" CONTENT="que"/>
					</TextLine>
					<TextLine ID="line_23" HPOS="88" VPOS="1585" WIDTH="1234" HEIGHT="68">
						<String ID="string_177" HPOS="88" VPOS="1586" WIDTH="123" HEIGHT="47" WC="0.90" CONTENT="Dieu"/><SP WIDTH="49" VPOS="1586" HPOS="211"/>
						<String ID="string_178" HPOS="260" VPOS="1588" WIDTH="107" HEIGHT="46" WC="0.47" CONTENT="n&#39;en"/><SP WIDTH="31" VPOS="1588" HPOS="367"/>
						<String ID="string_179" HPOS="398" VPOS="1585" WIDTH="203" HEIGHT="63" WC="0.87" CONTENT="ſcauroit"/><SP WIDTH="25" VPOS="1585" HPOS="601"/>
						<String ID="string_180" HPOS="626" VPOS="1587" WIDTH="153" HEIGHT="56" WC="0.73" CONTENT="faire,"/><SP WIDTH="35" VPOS="1587" HPOS="779"/>
						<String ID="string_181" HPOS="814" VPOS="1607" WIDTH="119" HEIGHT="31" WC="0.90" CONTENT="nous"/><SP WIDTH="39" VPOS="1607" HPOS="933"/>
						<String ID="string_182" HPOS="972" VPOS="1608" WIDTH="59" HEIGHT="32" WC="0.82" CONTENT="ne"/><SP WIDTH="54" VPOS="1608" HPOS="1031"/>
						<String ID="string_183" HPOS="1085" VPOS="1585" WIDTH="237" HEIGHT="68" WC="0.47" CONTENT="ſcauriõns"/>
					</TextLine>
					<TextLine ID="line_24" HPOS="92" VPOS="1652" WIDTH="1231" HEIGHT="69">
						<String ID="string_184" HPOS="92" VPOS="1652" WIDTH="119" HEIGHT="50" WC="0.92" CONTENT="donc"/><SP WIDTH="13" VPOS="1652" HPOS="211"/>
						<String ID="string_185" HPOS="224" VPOS="1655" WIDTH="99" HEIGHT="46" WC="0.91" CONTENT="rien"/><SP WIDTH="12" VPOS="1655" HPOS="323"/>
						<String ID="string_186" HPOS="335" VPOS="1659" WIDTH="249" HEIGHT="40" WC="0.63" CONTENT="conceuoit"/><SP WIDTH="21" VPOS="1659" HPOS="584"/>
						<String ID="string_187" HPOS="605" VPOS="1656" WIDTH="337" HEIGHT="65" WC="0.49" CONTENT="dimpoſfible,"/><SP WIDTH="23" VPOS="1656" HPOS="942"/>
						<String ID="string_188" HPOS="965" VPOS="1655" WIDTH="35" HEIGHT="47" WC="0.93" CONTENT="ſi"/><SP WIDTH="22" VPOS="1655" HPOS="1000"/>
						<String ID="string_189" HPOS="1022" VPOS="1673" WIDTH="119" HEIGHT="29" WC="0.91" CONTENT="nous"/><SP WIDTH="18" VPOS="1673" HPOS="1141"/>
						<String ID="string_190" HPOS="1159" VPOS="1652" WIDTH="164" HEIGHT="57" WC="0.18" CONTENT="rẽtrai-"/>
					</TextLine>
					<TextLine ID="line_25" HPOS="86" VPOS="1716" WIDTH="1237" HEIGHT="67">
						<String ID="string_191" HPOS="86" VPOS="1735" WIDTH="160" HEIGHT="48" WC="0.92" CONTENT="gnons"/><SP WIDTH="17" VPOS="1735" HPOS="246"/>
						<String ID="string_192" HPOS="263" VPOS="1741" WIDTH="49" HEIGHT="28" WC="0.88" CONTENT="ce"/><SP WIDTH="12" VPOS="1741" HPOS="312"/>
						<String ID="string_193" HPOS="324" VPOS="1736" WIDTH="104" HEIGHT="32" WC="0.88" CONTENT="mot"/><SP WIDTH="23" VPOS="1736" HPOS="428"/>
						<String ID="string_194" HPOS="451" VPOS="1736" WIDTH="87" HEIGHT="31" WC="0.92" CONTENT="aux"/><SP WIDTH="19" VPOS="1736" HPOS="538"/>
						<String ID="string_195" HPOS="557" VPOS="1716" WIDTH="140" HEIGHT="50" WC="0.91" CONTENT="ſeules"/><SP WIDTH="22" VPOS="1716" HPOS="697"/>
						<String ID="string_196" HPOS="719" VPOS="1720" WIDTH="159" HEIGHT="46" WC="0.92" CONTENT="choſes"/><SP WIDTH="27" VPOS="1720" HPOS="878"/>
						<String ID="string_197" HPOS="905" VPOS="1737" WIDTH="90" HEIGHT="45" WC="0.92" CONTENT="que"/><SP WIDTH="20" VPOS="1737" HPOS="995"/>
						<String ID="string_198" HPOS="1015" VPOS="1736" WIDTH="119" HEIGHT="29" WC="0.92" CONTENT="nous"/><SP WIDTH="22" VPOS="1736" HPOS="1134"/>
						<String ID="string_199" HPOS="1156" VPOS="1735" WIDTH="167" HEIGHT="48" WC="0.76" CONTENT="apper-"/>
					</TextLine>
					<TextLine ID="line_26" HPOS="87" VPOS="1781" WIDTH="1238" HEIGHT="71">
						<String ID="string_200" HPOS="87" VPOS="1804" WIDTH="171" HEIGHT="34" WC="0.71" CONTENT="ceuons"/><SP WIDTH="13" VPOS="1804" HPOS="258"/>
						<String ID="string_201" HPOS="271" VPOS="1789" WIDTH="269" HEIGHT="49" WC="0.91" CONTENT="clairement"/><SP WIDTH="15" VPOS="1789" HPOS="540"/>
						<String ID="string_202" HPOS="555" VPOS="1796" WIDTH="44" HEIGHT="40" WC="0.92" CONTENT="&amp;"/><SP WIDTH="16" VPOS="1796" HPOS="599"/>
						<String ID="string_203" HPOS="615" VPOS="1786" WIDTH="363" HEIGHT="50" WC="0.91" CONTENT="diſtinctement."/><SP WIDTH="39" VPOS="1786" HPOS="978"/>
						<String ID="string_204" HPOS="1017" VPOS="1781" WIDTH="150" HEIGHT="60" WC="0.90" CONTENT="Auſſi,"/><SP WIDTH="15" VPOS="1781" HPOS="1167"/>
						<String ID="string_205" HPOS="1182" VPOS="1784" WIDTH="25" HEIGHT="48" WC="0.73" CONTENT="à"/><SP WIDTH="11" VPOS="1784" HPOS="1207"/>
						<String ID="string_206" HPOS="1218" VPOS="1802" WIDTH="107" HEIGHT="50" WC="0.90" CONTENT="pro-"/>
					</TextLine>
					<TextLine ID="line_27" HPOS="88" VPOS="1853" WIDTH="1239" HEIGHT="71">
						<String ID="string_207" HPOS="88" VPOS="1869" WIDTH="210" HEIGHT="48" WC="0.92" CONTENT="prement"/><SP WIDTH="23" VPOS="1869" HPOS="298"/>
						<String ID="string_208" HPOS="321" VPOS="1856" WIDTH="184" HEIGHT="68" WC="0.91" CONTENT="parlor,"/><SP WIDTH="26" VPOS="1856" HPOS="505"/>
						<String ID="string_209" HPOS="531" VPOS="1875" WIDTH="120" HEIGHT="30" WC="0.92" CONTENT="nous"/><SP WIDTH="31" VPOS="1875" HPOS="651"/>
						<String ID="string_210" HPOS="682" VPOS="1874" WIDTH="59" HEIGHT="32" WC="0.90" CONTENT="ne"/><SP WIDTH="30" VPOS="1874" HPOS="741"/>
						<String ID="string_211" HPOS="771" VPOS="1853" WIDTH="302" HEIGHT="52" WC="0.90" CONTENT="connoiſſons"/><SP WIDTH="25" VPOS="1853" HPOS="1073"/>
						<String ID="string_212" HPOS="1098" VPOS="1855" WIDTH="101" HEIGHT="45" WC="0.92" CONTENT="rien"/><SP WIDTH="35" VPOS="1855" HPOS="1199"/>
						<String ID="string_213" HPOS="1234" VPOS="1869" WIDTH="93" HEIGHT="49" WC="0.91" CONTENT="que"/>
					</TextLine>
					<TextLine ID="line_28" HPOS="90" VPOS="1920" WIDTH="1236" HEIGHT="75">
						<String ID="string_214" HPOS="90" VPOS="1940" WIDTH="51" HEIGHT="28" WC="0.86" CONTENT="ce"/><SP WIDTH="19" VPOS="1940" HPOS="141"/>
						<String ID="string_215" HPOS="160" VPOS="1941" WIDTH="88" HEIGHT="49" WC="0.91" CONTENT="que"/><SP WIDTH="22" VPOS="1941" HPOS="248"/>
						<String ID="string_216" HPOS="270" VPOS="1944" WIDTH="119" HEIGHT="30" WC="0.43" CONTENT="nous"/><SP WIDTH="24" VPOS="1944" HPOS="389"/>
						<String ID="string_217" HPOS="413" VPOS="1943" WIDTH="185" HEIGHT="48" WC="0.90" CONTENT="voyons"/><SP WIDTH="21" VPOS="1943" HPOS="598"/>
						<String ID="string_218" HPOS="619" VPOS="1926" WIDTH="56" HEIGHT="46" WC="0.86" CONTENT="de"/><SP WIDTH="21" VPOS="1926" HPOS="675"/>
						<String ID="string_219" HPOS="696" VPOS="1924" WIDTH="109" HEIGHT="47" WC="0.86" CONTENT="elair"/><SP WIDTH="24" VPOS="1924" HPOS="805"/>
						<String ID="string_220" HPOS="829" VPOS="1933" WIDTH="44" HEIGHT="38" WC="0.91" CONTENT="&amp;"/><SP WIDTH="27" VPOS="1933" HPOS="873"/>
						<String ID="string_221" HPOS="900" VPOS="1925" WIDTH="64" HEIGHT="65" WC="0.91" CONTENT="de"/><SP WIDTH="27" VPOS="1925" HPOS="964"/>
						<String ID="string_222" HPOS="991" VPOS="1922" WIDTH="201" HEIGHT="73" WC="0.88" CONTENT="diſtinct"/><SP WIDTH="17" VPOS="1922" HPOS="1192"/>
						<String ID="string_223" HPOS="1209" VPOS="1920" WIDTH="117" HEIGHT="49" WC="0.92" CONTENT="dans"/>
					</TextLine>
					<TextLine ID="line_29" HPOS="93" VPOS="1988" WIDTH="1232" HEIGHT="74">
						<String ID="string_224" HPOS="93" VPOS="1984" WIDTH="174" HEIGHT="82" WC="0.72" CONTENT="chaque"/><SP WIDTH="12" VPOS="1984" HPOS="267"/>
						<String ID="string_225" HPOS="279" VPOS="1984" WIDTH="152" HEIGHT="82" WC="0.85" CONTENT="objet,"/><SP WIDTH="21" VPOS="1984" HPOS="431"/>
						<String ID="string_226" HPOS="452" VPOS="2003" WIDTH="43" HEIGHT="39" WC="0.91" CONTENT="&amp;"/><SP WIDTH="18" VPOS="2003" HPOS="495"/>
						<String ID="string_227" HPOS="513" VPOS="1992" WIDTH="31" HEIGHT="48" WC="0.85" CONTENT="il"/><SP WIDTH="15" VPOS="1992" HPOS="544"/>
						<String ID="string_228" HPOS="559" VPOS="1992" WIDTH="67" HEIGHT="48" WC="0.80" CONTENT="ne"/><SP WIDTH="23" VPOS="1992" HPOS="626"/>
						<String ID="string_229" HPOS="649" VPOS="1989" WIDTH="98" HEIGHT="50" WC="0.89" CONTENT="faut"/><SP WIDTH="19" VPOS="1989" HPOS="747"/>
						<String ID="string_230" HPOS="766" VPOS="2008" WIDTH="76" HEIGHT="50" WC="0.92" CONTENT="pas"/><SP WIDTH="26" VPOS="2008" HPOS="842"/>
						<String ID="string_231" HPOS="868" VPOS="2006" WIDTH="90" HEIGHT="47" WC="0.87" CONTENT="que"/><SP WIDTH="23" VPOS="2006" HPOS="958"/>
						<String ID="string_232" HPOS="981" VPOS="1988" WIDTH="65" HEIGHT="46" WC="0.88" CONTENT="les"/><SP WIDTH="26" VPOS="1988" HPOS="1046"/>
						<String ID="string_233" HPOS="1072" VPOS="1990" WIDTH="253" HEIGHT="72" WC="0.92" CONTENT="Logiciens"/>
					</TextLine>
					<TextLine ID="line_30" HPOS="93" VPOS="2052" WIDTH="1230" HEIGHT="74">
						<String ID="string_234" HPOS="93" VPOS="2072" WIDTH="242" HEIGHT="52" WC="0.70" CONTENT="apportent"/><SP WIDTH="14" VPOS="2072" HPOS="335"/>
						<String ID="string_235" HPOS="349" VPOS="2065" WIDTH="70" HEIGHT="61" WC="0.80" CONTENT="icy"/><SP WIDTH="24" VPOS="2065" HPOS="419"/>
						<String ID="string_236" HPOS="443" VPOS="2061" WIDTH="95" HEIGHT="48" WC="0.90" CONTENT="leur"/><SP WIDTH="23" VPOS="2061" HPOS="538"/>
						<String ID="string_237" HPOS="561" VPOS="2060" WIDTH="128" HEIGHT="49" WC="0.90" CONTENT="Eſtre"/><SP WIDTH="18" VPOS="2060" HPOS="689"/>
						<String ID="string_238" HPOS="707" VPOS="2060" WIDTH="59" HEIGHT="48" WC="0.90" CONTENT="de"/><SP WIDTH="19" VPOS="2060" HPOS="766"/>
						<String ID="string_239" HPOS="785" VPOS="2054" WIDTH="175" HEIGHT="59" WC="0.91" CONTENT="raiſon,"/><SP WIDTH="24" VPOS="2054" HPOS="960"/>
						<String ID="string_240" HPOS="984" VPOS="2054" WIDTH="95" HEIGHT="47" WC="0.92" CONTENT="leur"/><SP WIDTH="25" VPOS="2054" HPOS="1079"/>
						<String ID="string_241" HPOS="1104" VPOS="2052" WIDTH="219" HEIGHT="63" WC="0.69" CONTENT="chimere,"/>
					</TextLine>
					<TextLine ID="line_31" HPOS="91" VPOS="2120" WIDTH="1234" HEIGHT="72">
						<String ID="string_242" HPOS="91" VPOS="2130" WIDTH="44" HEIGHT="51" WC="0.83" CONTENT="&amp;"/><SP WIDTH="16" VPOS="2130" HPOS="135"/>
						<String ID="string_243" HPOS="151" VPOS="2125" WIDTH="95" HEIGHT="49" WC="0.91" CONTENT="leur"/><SP WIDTH="13" VPOS="2125" HPOS="246"/>
						<String ID="string_244" HPOS="259" VPOS="2124" WIDTH="366" HEIGHT="68" WC="0.56" CONTENT="hypocentaurc:"/><SP WIDTH="15" VPOS="2124" HPOS="625"/>
						<String ID="string_245" HPOS="640" VPOS="2126" WIDTH="176" HEIGHT="65" WC="0.85" CONTENT="carſans"/><SP WIDTH="18" VPOS="2126" HPOS="816"/>
						<String ID="string_246" HPOS="834" VPOS="2126" WIDTH="89" HEIGHT="51" WC="0.83" CONTENT="me"/><SP WIDTH="18" VPOS="2126" HPOS="923"/>
						<String ID="string_247" HPOS="941" VPOS="2120" WIDTH="247" HEIGHT="53" WC="0.89" CONTENT="mbaraſſer"/><SP WIDTH="21" VPOS="2120" HPOS="1188"/>
						<String ID="string_248" HPOS="1209" VPOS="2125" WIDTH="116" HEIGHT="51" WC="0.87" CONTENT="dans"/>
					</TextLine>
				</TextBlock>
			</PrintSpace>
		</Page>
	</Layout>
</alto>
