1776 2528
1512 120 22 11 #7

457 119 62 45 28
878 110 427 53 TRATTTE

460 194 89 50 &c.
575 180 192 67 lefquels
797 177 44 50 fe
860 195 220 32 trouuent
1101 197 79 48 par
1204 195 104 50 tout
1332 199 12 33 ;
1368 180 121 48 Mais
1518 197 118 51 pour
1654 180 46 50 la

457 248 172 50 Pensée
647 258 43 38 &
714 247 260 48 l'Eftenduë,
1018 245 89 49 foit
1125 247 148 64 qu’on
1298 246 61 47 les
1382 245 238 51 confidere
1633 234 65 64 en

454 315 188 68 general
664 334 64 29 ou
748 334 58 28 en
818 314 259 67 particulier
1089 351 13 20 ,
1116 315 63 46 du
1203 312 357 63 confentement
1574 315 124 50 mef-

453 402 79 29 me
542 384 56 47 de
613 402 86 29 nos
712 380 287 59 aduerfaires,
1018 381 103 48 elles
1135 399 59 30 ne
1206 381 107 47 font
1325 386 137 62 point
1471 384 65 47 du
1548 402 149 32 nom-

455 451 79 47 bre
547 451 57 47 de
625 444 68 53 ces
715 448 243 58 attributs,
973 453 99 62 puis
1093 466 90 48 que
1196 447 130 49 felon
1345 449 96 48 leur
1463 452 237 58 doctrine,

456 537 66 29 on
547 522 101 44 voir
671 518 76 47 des
772 515 255 49 fubftances
1051 520 83 62 qui
1155 534 59 29 ne
1223 513 203 50 Penfent
1446 523 140 61 point
1608 557 14 22 ,
1650 530 46 39 &

454 586 194 48 d’autres
671 589 82 62 qui
775 603 59 31 ne
856 582 108 50 font
991 588 138 62 point
1162 582 265 48 Eftenduës.
1445 584 252 50 :Pourfui-

453 660 120 41 uons
598 674 9 31 ;
632 659 70 42 Ce
724 649 83 68 qui
829 664 59 34 nè
911 646 223 51 conuient
1154 645 91 70 que
1266 651 113 47 dans
1402 650 293 53 lesattributs

455 719 223 50 effentiels
703 718 57 47 de
778 718 43 47 la
851 715 266 59 fubftance,
1154 714 157 49 differe
1336 719 361 56 naturellement

454 789 114 47 dans
591 804 102 31 tous
716 785 70 47 les
803 795 181 41 autres
957 778 39 78 ;
1011 789 75 42 Or
1107 783 123 47 eft-il
1259 800 91 47 que
1372 783 183 69 l'Efprit
1577 798 44 38 &
1651 789 45 48 le

453 855 551 65 Corpsneconuiennent
1049 868 55 30 que
1116 851 114 47 dans
1243 849 63 49 les
1316 853 216 67 attributs
1545 851 150 53 effen-

453 921 170 47 ticléde
634 921 43 47 la
689 918 238 49 fubftance;
967 918 39 47 Il
1040 934 77 32 faut
1127 920 127 47 donc
1266 919 55 47 de
1333 919 211 49 neceflité
1556 923 137 66 qu'ils

453 988 241 56 different,
710 996 44 39 &
769 987 135 66 qu'ils
917 984 148 50 foient
1078 985 203 69 oppofez
1293 987 114 48 dans
1420 990 280 49 touslesau-

452 1071 111 42 tres,
579 1055 98 48 c'eft
691 1053 25 49 à
728 1055 121 57 dire,
866 1055 113 47 dans
993 1071 103 31 tous
1109 1072 113 29 ceux
1236 1058 154 63 quine
1410 1055 96 48 leur
1526 1076 166 50 appar-

450 1117 214 67 tiennent
687 1142 76 62 pas
781 1141 57 30 en
860 1121 176 68 qualité
1057 1123 56 47 de
1136 1119 262 57 fubftance;
1422 1128 60 43 Et
1503 1143 187 48 partane

450 1196 101 60 puis
564 1190 369 69 qu'ilstombent
951 1191 214 47 d'accord
1177 1208 90 48 que
1280 1191 41 47 la
1338 1190 169 50 Pensée
1531 1202 44 38 &
1591 1193 98 48 l'E-

448 1258 193 49 ftendüe
663 1278 59 28 ne
745 1256 108 49 font
867 1278 76 46 pas
968 1259 63 46 du
1052 1257 200 47 nombre
1283 1259 56 45 de
1371 1277 69 28 ces
1471 1260 217 50 attributs

451 1325 224 49 effentiels
688 1326 56 46 de
760 1324 40 47 la
813 1324 259 56 fubftance,
1089 1334 44 37 &
1150 1323 133 66 qu'ils
1300 1331 206 43 auoüent
1522 1329 166 65 queles

450 1398 153 61 Corps
618 1390 114 55 font
753 1387 316 59 Eftendus,
1012 1383 53 79 &
1083 1390 165 64 queles
1271 1389 171 69 Efprits
1460 1394 226 61 Penfenc,

448 1458 54 48 ils
515 1459 195 46 doiuent
722 1463 173 41 auoter
907 1456 107 48 aufli
1038 1457 112 65 qu'il
1173 1458 59 46 eft
1255 1456 260 72 impofhble
1539 1466 144 62 qu'vn

447 1525 152 67 Efpric
620 1522 87 49 foit
735 1523 229 58 Eftendu,
990 1533 44 39 &
1063 1526 144 65 qu'vn
1232 1531 150 61 Corps
1400 1526 167 57 Penfe;
1592 1536 93 43 Car

478 1598 67 44 uis
559 1610 91 48 que
663 1609 149 30 toutes
825 1590 62 48 les
898 1595 257 64 proprietez
1175 1592 143 64 qu'on
1331 1611 108 50 peut
1462 1598 223 49 attribuer

443 1682 22 28 à
484 1659 183 69 l'Efprit
687 1669 43 40 &
746 1678 57 30 au
826 1665 150 62 Corps
993 1659 95 49 leur
1113 1664 317 46 conuiennent
1450 1664 233 47 effentiel-

446 1731 175 47 lement
634 1748 57 28 en
706 1726 176 70 qualité
893 1729 57 47 de
971 1726 263 58 fubftance,
1258 1727 27 46 à
1307 1729 43 44 la
1368 1726 173 51 referue
1562 1730 57 49 de
1637 1732 46 48 la

448 1795 169 51 Pensée
643 1806 44 37 &
706 1798 57 45 de
784 1796 286 53 l’Eftendüe,
1088 1804 45 35 &
1149 1795 56 44 de
1228 1808 130 33 toute
1378 1793 95 50 leur
1494 1797 115 49 fuite
1632 1809 46 39 &

443 1864 326 68 dépendance,
793 1862 53 45 ils
869 1879 58 29 ne
941 1874 200 52 peuuent
1163 1858 178 51 differer
1361 1880 92 48 que
1474 1864 114 48 dans
1610 1887 69 29 ces

441 1935 117 46 deux
572 1929 238 57 attributs,
827 1937 44 39 &
892 1926 70 66 ily
978 1932 150 43 auroit
1145 1928 57 48 de
1226 1928 49 48 la
1275 1928 355 53 contradiétion
1645 1935 34 49 à

441 2001 94 46 dire
549 1997 134 68 qu'ils
699 1994 41 49 fe
764 1996 198 68 puiflent
985 1995 258 48 reffembler
1263 1995 114 45 dans
1402 2014 92 32 vne
1519 2000 157 61 chofe,

439 2064 387 69 danslaquelleils
839 2063 106 49 font
956 2060 347 47 formellement
1315 2063 197 68 oppofez
1530 2090 10 26 :
1557 2065 120 54 L'on

439 2149 59 33 ne
515 2129 201 63 fçauroit
728 2133 127 60 donc
872 2128 100 52 fans
994 2126 347 64 contradiétion
1357 2135 220 48 attribuer
1590 2156 89 42 au-
1677 2121 41 81 .

1710 831 23 8 m

1760 2488 16 40 né,
