1776 2528
610 105 320 47 BDREr&er

166 170 244 56 demment
431 170 115 68 qu’il
576 190 23 29 a
629 188 204 32 reconnu
869 181 187 40 comme
1085 189 119 35 nous
1234 183 102 62 que

167 241 181 50 l'Efprit
368 242 58 47 de
455 240 249 49 l'Homme
727 236 181 71 penfoit
938 238 259 65 toufiours
1165 232 43 83 ;
1236 263 117 48 que

168 307 278 51 lesfacultez
459 307 65 47 de
541 307 154 46 l'Ame
707 301 261 77 n'eftoient
1000 312 135 62 point
1166 312 164 48 diftin-

171 360 128 88 auées
310 370 151 67 d'elle
484 382 11 51 ;
505 370 217 84 Qu'elles
742 370 64 65 fe
839 372 249 89 rapportent
1109 377 45 77 à
1190 376 106 88 deux
1305 408 21 49 ;

169 448 123 47 l’'yne
316 442 25 49 à
363 458 267 51 aperceuoir
655 450 45 40 &
722 441 159 49 l’autre
909 443 238 49 à-vouloir
1169 465 12 33 ;
1207 448 127 63 Qu'il

168 529 76 49 y'a
262 513 147 47 diuers
436 510 167 64 degrez
629 509 111 47 dans
762 509 62 46 les
844 506 98 49 fens
965 528 11 33 ;
1039 529 64 29 Que
1124 512 116 48 leurs
1265 512 71 49 ef-

169 598 128 49 peces
312 587 43 38 &
379 577 63 46 les
464 574 128 48 Idées
612 575 63 46 de
689 573 182 66 l'Efprit
895 574 108 48 font
1021 571 154 86 chofes
1199 579 137 49 diffe-

169 659 179 38 rentes
314 636 40 78 ;
370 659 102 51 que
494 636 112 63 dans
631 636 250 86 l'Homme
906 641 42 47 le
971 640 199 95 rincipe
1185 647 72 84 dé
1265 647 63 48 la

169 713 276 65 vegetation
468 716 44 40 &
541 706 115 50 dela
679 713 231 44 nutrition
931 728 22 28 eft:
998 709 258 70 diftingué
1276 715 60 47 de

170 781 177 51 l'Ame;
374 774 139 51 Enfin
533 774 112 67 qu'il
665 776 216 67 explique
898 777 58 47 de
973 777 361 53 li:mefme-ma-

168 852 124 43 niere
307 863 92 49 que
420 861 118 31 nous
569 842 249 50 l'ynionde
838 843 148 83 l'Ame
1010 854 47 40 &
1075 845 69 49 du
1162 853 174 76 Corps;

172 924 44 39 &
231 916 39 47 le
291 915 199 66 pouuoir
509 909 133 70 qu’ils
664 927 90 32 ont
774 912 145 66 d'agir
940 911 94 78 l'vn
1046 910 83 80 fur
1148 915 189 61 l’autre;

170 986 60 44 Et
250 981 113 68 qu'il
378 979 157 48 eftime
546 994 92 50 que
649 982 122 45 Dieu
782 994 191 51 pouroit
987 977 121 80 faire
1117 1000 92 31 vne
1217 973 116 88 ma-

173 1049 135 48 chine
330 1045 253 52 femblable
601 1063 57 29 au
684 1051 161 61 Corps
871 1047 112 48 d'yn
1013 1050 207 59 animal,
1252 1055 84 63 qui

172 1119 227 45 imiteroit
423 1112 99 50 fans
535 1106 328 70 connoiffance
878 1129 165 34 toutes
1068 1113 62 51 les
1152 1120 182 46 actions

206 1201 62 29 ue
293 1183 237 49 l’on-croit
563 1179 388 55 communément
986 1175 94 77 que
1087 1183 83 47 les
1192 1184 141 49 beftes

210 1199 48 101 ne
295 1246 460 77 parconnoiflance,
949 1285 25 42 eo
1350 1326 15 8 |

266 1319 39 46 Il
331 1317 60 49 eft
418 1312 238 53 manifefté
668 1308 95 80 que
785 1314 35 50 fi
843 1320 49 64 S.
909 1317 229 67 Auguftin
1157 1321 206 48 n’auoit”

173 1385 188 66 pas-erû
393 1401 93 49 que
481 1377 215 78 l'Efprit
708 1381 71 51 dé
805 1384 247 50 l'Homme
1080 1405 57 31 ne
1175 1388 158 48 cefloit

173 1445 163 78 iamais
338 1452 72 47 de
428 1449 163 69 penfer
604 1451 33 47 il
660 1455 201 45 n’auroit
887 1470 84 49 pas
1000 1452 109 58 écrit
1137 1455 113 49 dans
1278 1456 270 76 CE
1581 1507 82 41 ..

179 1538 49 38 4.
267 1523 150 43 Liure
440 1519 72 47 de
530 1518 212 68 l'Origine
774 1519 53 47 de
846 1519 152 49 l'Ame.
1028 1526 61 44 Ye
1102 1526 229 63 n'ignore
1342 1514 67 80 Née
1416 1514 131 80 ignore,
1552 1529 93 58 cm

174 1600 80 49 pas
279 1600 91 48 que
397 1586 162 63 quand
589 1604 65 30 on
685 1605 126 31 nous
834 1590 282 51 commande
1146 1591 188 48 d'aimer
1347 1604 64 56 roro
1420 1596 96 66 sorde
1516 1592 104 80 sig
1660 1600 4 2 |

177 1655 125 44 Dicu
323 1649 56 46 de
398 1660 104 36 tout
523 1652 150 47 noftre
694 1664 155 47 cœur,
869 1665 67 37 on
954 1663 59 40 nc
1032 1657 124 64 parle
1174 1665 76 57 pas
1279 1656 57 47 de
1348 1671 57 28 hoc
1417 1672 60 43 dici
1494 1673 35 29 de
1543 1675 56 45 illa

424 1718 6 6 :
831 1724 6 6 :
946 1724 7 6 :
1174 1724 11 14 7
1301 1733 15 13 .…
1349 1711 142 34 particula
1502 1722 93 21 carnis

177 1732 119 32 cette
319 1730 143 53 partie
483 1714 62 48 de
568 1717 153 45 noftre
738 1720 125 44 chair
875 1721 155 61 quieft
1045 1723 169 44 cachée
1228 1721 108 48 fous

631 1774 12 8 .
1348 1747 102 44 noftræ
1458 1759 54 29 que
1522 1750 64 31 fub.

178 1784 63 48 les
262 1783 168 54 coftes;
450 1785 116 46 mais
584 1783 59 48 de
654 1775 114 81 cette
783 1779 120 55 force
920 1775 57 81 par
981 1783 227 69 laquelle
1220 1805 116 32 nous
1348 1782 49 90 Fa
1386 1786 209 82 vie
1597 1791 37 67 ne

336 1856 6 6 .
706 1849 16 18 ./
809 1849 15 17 NX
925 1855 11 15 #
989 1853 10 13 :
1191 1864 4 4 :
1366 1855 7 13 4
1499 1878 2 2 |
1558 1859 19 21 à

177 1849 278 69 produifons
474 1868 87 33 nos
586 1849 250 66 penfées
787 1845 55 81 à
858 1851 211 71 qui-l'on
1097 1854 162 67 dorine
1288 1875 50 29 ce
1378 1872 50 61 ne
1444 1866 91 79 fe
1541 1877 60 63 que

178 1937 117 31 nom
315 1918 27 50 à
361 1919 116 49 iufte
491 1922 132 55 titre;
653 1925 99 43 Car
755 1930 194 41 comme
969 1919 51 50 le
1029 1931 308 43 mouuement
1349 1941 56 29 hoc
1415 1948 137 28 nomine
1530 1914 26 75 ;
1566 1951 71 34 quia
1655 1947 28 24 #.

469 1989 7 11 :
534 1978 16 17 LC:
691 1998 5 4 «
1348 1980 69 30 ficut
1427 1992 96 21 motus
1532 1996 60 19 non

179 1986 63 48 du
257 2005 126 31 cœur
396 2004 84 50 qui
493 1983 135 52 faitle
638 2006 153 47 poux,
814 2005 57 29 en
891 1985 44 54 fe
950 1990 252 64 rependant
1223 1992 114 50 dans

1349 2019 85 31 ceffat
1458 2023 29 28 in
1499 2026 108 33 corde,
1625 2034 17 10 -

226 2063 2 2 |
856 2059 6 6 ,
980 2058 6 7 :
1167 2080 3 1 Fe
1185 2052 20 38 .
1390 2060 15 26 de
1437 2059 15 28 fe
1511 2062 26 28 pui

182 2064 151 37 tautes
355 2055 62 49 les
435 2071 163 33 arteres
621 2073 60 33 ne
712 2054 123 50 cefle:
849 2072 202 48 jamais,
1071 2055 131 51 aufli:
1217 2077 118 40 nous
1336 2064 152 79 dinde
1494 2064 96 79 vlque

180 2135 61 47 nc
261 2120 179 68 ceflons
461 2127 162 67 jamais
644 2123 58 65 de
721 2119 150 92 rouler
882 2119 203 92 quelque
1097 2119 149 92 chofe
1276 2150 60 45 CA
1348 2146 113 59 jean
1472 2144 151 73 Venarum
1645 2151 13 10 »

1000 2212 35 46 ©
1075 2210 62 49 ij.

1353 1141 12 10 x

1708 1519 25 9 _
