1776 2528
468 133 56 39 14
771 105 547 53 TRXITT

458 174 366 72 premierement
839 194 57 29 en
912 176 209 66 general,
1170 178 99 65 puis
1294 172 108 51 auſſi
1426 192 56 32 en
1506 174 209 67 particu-

468 249 106 53 lier,
590 261 100 32 tant
706 260 158 32 contre
876 262 110 30 ccux
1000 246 79 61 qui
1091 261 57 30 ne
1160 244 241 60 recoinent
1413 260 89 46 que
1514 243 77 47 des
1607 239 104 50 ſab-

468 314 172 47 ſtances
665 310 327 68 Corporclles,
1012 327 92 50 que
1126 318 163 41 contre
1309 328 114 30 ceux
1447 314 83 63 qui
1553 327 58 31 en
1636 327 74 30 re-

469 378 295 51 connoiſſent
780 379 55 48 de
850 378 295 66 Corporelles
1162 387 43 39 &
1223 378 57 47 de
1282 377 309 68 Spirituelles.

544 452 73 43 Or
631 461 140 49 ayant
785 445 24 48 à
821 464 118 29 vous
958 463 199 48 prouuer
1184 463 93 46 que
1294 461 152 45 tõutes
1462 444 66 62 les
1546 442 173 52 choſes

473 519 82 63 qui
571 511 192 67 penſent
784 511 107 49 ſont
906 512 372 57 Immaterielles,
1288 512 33 47 il
1353 530 61 29 me
1422 510 182 50 fembbe
1618 529 98 48 que

472 587 40 44 ie
537 601 58 29 ne
607 580 200 64 ſcaurois
822 584 153 45 mieux
989 598 115 31 vous
1119 576 111 51 faire
1245 580 224 48 entendre
1490 578 144 49 eſtat
1656 580 63 47 de

473 650 42 49 la
534 649 229 64 queſtion,
777 650 138 61 qu'en
927 665 118 30 vous
1058 647 271 65 expliquant
1343 646 267 57 d'abord,
1556 642 70 75 ce
1622 663 97 47 que

474 722 42 44 ie
531 718 193 60 concois
747 731 78 48 par
851 713 42 47 le
919 706 101 77 mot
1028 714 66 46 de
1107 710 196 61 Penſce,
1327 722 44 38 &
1398 731 81 48 par
1505 714 128 64 celuy
1657 714 63 47 de

475 788 225 55 Matiero,
716 780 94 48 afin
829 798 91 47 que
943 798 117 31 vous
1080 779 186 68 puiſſiex
1289 798 125 49 apres
1435 779 97 49 cela
1556 785 161 54 mieux

475 856 130 60 iuger
619 848 34 48 ſi
668 848 42 47 la
727 852 196 45 Matiere
940 857 44 39 &
998 847 43 48 la
1056 845 168 50 Penſee
1240 845 53 50 ſe
1296 845 200 70 peuuent
1510 855 208 43 rencon-

476 934 89 31 trer
576 917 113 48 dans
703 934 91 31 vne
809 912 180 52 meſme
1004 912 237 52 ſubſtance
1258 913 187 70 ſimple;
1483 935 71 29 car
1567 915 153 67 qu'el-

476 985 62 47 les
565 981 46 49 ſe
627 999 223 31 trouuent
868 980 291 68 quelquefois
1181 988 130 45 vnies
1334 982 234 49 enſemble
1595 985 121 47 dans

475 1070 66 31 vn
562 1049 114 65 ſujet
701 1048 253 69 compoſé,
981 1070 48 28 ce
1061 1068 88 48 que
1182 1070 119 30 nous
1338 1054 376 63 experimentons

478 1136 103 31 tous
595 1119 61 47 les
669 1122 124 45 iours
810 1137 57 31 en
880 1137 117 30 nous
1011 1117 194 49 meſmes
1234 1138 57 30 ne
1296 1137 126 31 nous
1441 1135 181 50 permet
1634 1136 83 51 pas

480 1188 104 47 c'en
599 1188 180 47 douter.
806 1191 48 43 Ie
867 1205 115 31 vous
995 1188 125 63 diray
1134 1188 126 46 donc
1271 1205 90 47 que
1376 1191 41 43 ie
1427 1205 135 48 prens
1577 1190 69 61 icy
1669 1186 45 48 la

482 1252 168 49 Penſèe
663 1248 113 76 pour
786 1248 127 76 cette
924 1258 290 61 perception,
1225 1252 284 58 conſcience,
1525 1271 63 29 ou
1601 1271 114 31 con-

480 1321 233 48 noiſſance
740 1325 241 43 interieure
1000 1338 89 45 que
1112 1320 178 51 chacun
1311 1322 56 45 de
1399 1338 118 31 nous
1549 1321 195 52 reſſent

481 1387 409 48 immediatement
934 1404 46 29 par
1000 1385 77 65 ſoy
1103 1384 174 50 meſme
1299 1389 161 65 quand
1492 1389 30 47 il
1546 1391 173 64 saper-

483 1457 98 59 coit
600 1453 57 48 de
676 1472 49 27 ce
745 1453 114 66 qu'il
988 1471 68 29 ou
1071 1453 57 46 de
1153 1473 48 27 ce
1226 1460 79 60 qui
1325 1454 44 48 ſe
1390 1455 127 65 paſſe
1531 1474 64 28 en
1617 1457 100 64 luy.

480 1520 131 52 Ainſi
626 1536 151 32 toutes
791 1520 62 47 les
868 1519 349 49 connoiſſances
1239 1522 57 47 de
1317 1521 162 48 noſtre
1483 1515 231 75 Entende-

481 1604 134 34 ment
634 1598 45 37 &
693 1604 104 32 tous
811 1588 61 47 les
885 1604 327 33 mouuements
1232 1589 57 48 de
1310 1589 153 49 noſtre
1481 1589 245 58 Volonté,

481 1673 150 36 toutes
647 1674 85 31 nos
750 1661 361 62 imaginations,
1129 1667 44 39 &
1195 1674 150 33 toutes
1367 1658 64 48 les
1453 1663 182 42 actions
1659 1658 68 47 de

479 1744 87 31 nos
579 1722 126 61 ſens,
718 1743 59 30 ne
790 1723 107 51 ſont
907 1730 102 45 rien
1020 1742 128 33 autre
1161 1725 137 48 choſe
1309 1742 91 45 que
1420 1724 62 45 de
1499 1722 220 53 differen-

481 1810 65 31 tes
560 1789 165 64 fagons
738 1794 57 46 de
814 1792 179 48 Penſer.
1019 1796 191 46 Dautre
1227 1788 121 48 coſtè
1358 1809 79 49 par
1451 1791 43 47 la
1504 1796 219 54 matiere,

474 1863 199 47 ientens
697 1873 132 31 toute
846 1856 121 48 ſorte
980 1857 56 46 de
1049 1854 236 62 ſubſtance
1304 1859 296 66 Corporelle,
1613 1859 110 48 ceſt

478 1926 30 48 à
532 1929 98 47 dire
644 1924 252 60 Eſtenduc,
918 1923 153 68 quelle
1091 1926 165 65 qu'elle
1268 1925 121 57 ſoit,
1416 1924 213 54 groſſiere
1651 1945 73 32 ou

479 1992 191 56 ſubtile;
696 1997 80 62 qui
796 2013 26 29 a
841 2012 117 51 pour
972 1991 95 60 ſon
1086 1995 174 48 eſſence
1287 1996 104 50 (ainſi
1414 1999 122 60 que
1560 2001 160 50 Mon-

476 2057 119 54 ſeur
608 2060 237 52 Deſcartes
859 2062 43 49 la
914 2059 291 59 demonſtré)
1225 2058 274 52 Vextenſion
1522 2082 60 29 en
1603 2064 117 62 lon-

472 2142 187 55 gueur;
677 2131 188 68 largeur
890 2139 46 43 &
957 2125 314 74 profongcur,
1289 2132 84 64 qui
1391 2130 61 63 eſt
1472 2130 248 63 indeſtni⸗
