1776 2528
427 121 44 49 Z
879 112 369 69 TRAITTE

428 201 126 54 pour
575 179 251 73 fuppléer
781 175 42 84 à
847 201 50 29 ce
924 183 117 69 qu’il
1069 186 152 46 auroit
1242 200 89 49 peu
1348 180 142 62 faire;
1510 185 174 67 n'aug-

408 254 381 48 “mente-encore
819 250 98 48 leur
943 249 246 70 deplaifir,
1228 251 95 48 lors
1358 253 137 65 qu'ils
1549 272 130 29 com-

464 335 185 36 areront
678 319 44 48 la
750 318 260 50 rudeffle-de
1038 337 120 31 mon
1178 316 203 52 difcours
1400 354 15 19 ,
1444 328 45 40 &
1515 319 44 48 la
1564 318 115 51 foi-

467 387 104 48 leffe
593 387 57 47 de
676 404 121 31 mon
818 384 373 61 raifonnement,
1208 404 109 31 auec
1346 387 44 48 la
1410 387 179 48 netteté
1618 388 60 49 de

429 452 66 50 fes
517 454 205 67 paroles,
746 463 46 40 &
813 454 47 47 la
880 452 127 50 force
1028 454 57 48 de
1103 452 65 49 fes
1191 454 419 66 demonftrations;
1626 464 48 43 &

429 521 137 68 qu'ils
590 540 60 30 ne
668 520 278 55 m'accufent
965 523 58 47 de
1041 519 211 54 temeriré
1264 521 279 52 d’auoir.ofé
1563 531 114 41 tou-

429 588 157 61 cher.
553 583 14 77 à
605 587 87 52 fon
718 594 231 61 Ouurage
970 589 58 49 de
1061 589 280 58 l'Homme,
1378 607 90 32 veu
1487 588 190 68 princi

427 657 240 66 palement
690 674 94 49 que
803 656 44 47 la
867 658 145 62 partie
1035 659 82 62 qui
1138 656 103 47 doit
1261 660 178 44 traitter
1461 657 59 47 de
1551 656 123 49 l’Ef-

425 728 93 62 prit
539 724 61 49 eft
620 723 44 49 la
681 724 103 67 plus
807 722 198 50 difficile.
1044 722 61 48 Ils
1126 723 162 47 diront
1304 719 242 123 peurreltre
1579 743 94 49 que

426 796 43 43 ie
504 793 162 48 deuois
697 794 156 45 imiter
893 808 58 30 en
983 808 105 47 cecy
1128 790 64 48 les
1236 790 226 49 Dilciples
1504 792 59 48 de
1598 794 71 48 ces

425 856 188 51 fameux
639 862 231 54 Peintres,
893 857 214 68 Appelles
1122 867 46 39 &
1186 805 253 123 Parrhafus
1456 895 21 25 ;
1490 860 183 64 adjou-

423 926 123 49 ftant
566 924 300 69 fimplement
886 942 58 31 au
965 925 78 49 bas
1064 927 57 48 de
1141 923 88 54 fon
1244 930 161 50 Liure,
1428 925 244 55 Defcartes

424 990 180 57 faifoit;
627 1011 191 31 comme
838 1011 196 53 ceux-cy
1054 992 44 51 fe
1121 998 327 45 contentoient
1468 994 57 49 de
1543 1012 127 32 met-

423 1077 69 32 tre
507 1079 62 31 au
584 1063 106 66 pied
711 1062 79 52 des
803 1057 242 76 dernieres
1054 1057 239 76 ébauches
1314 1062 57 48 de
1383 1061 127 49 leurs
1536 1068 133 45 Mai-

422 1128 123 60 ftres,
562 1129 263 57 Parrhafins
846 1128 181 61 failoit,
1046 1130 214 69 Appelles
1274 1128 180 60 faifoit,
1477 1130 193 67 pluftoft

394 1204 119 56 que
544 1198 77 67 d'y
655 1199 184 50 donner
875 1198 44 52 le
951 1200 223 51 moindre
1218 1217 119 49 coup
1372 1198 58 47 de
1468 1201 198 64 pinceau

408 1282 132 53 pour
564 1265 62 48 les
659 1268 166 46 rendre
851 1266 101 65 plus
982 1266 292 67 accomplies.
1333 1265 188 46 l'aurois
1560 1263 104 55 fans

413 1331 152 47 doute
612 1336 91 63 pris
755 1351 48 29 ce
855 1348 132 49 party
1021 1369 15 21 ,
1089 1333 131 63 dans
1249 1331 45 48 la
1332 1332 332 50 connoiffance

420 1413 95 48 que
539 1401 92 62 jay
663 1399 57 46 de
752 1399 44 47 la
808 1397 237 52 difficulté
1059 1400 71 47 de
1159 1396 279 70 l'entreprife
1450 1419 20 34 ;
1502 1420 64 29 ou
1597 1402 66 48 du

419 1467 157 49 moins
597 1470 41 42 ie
659 1464 183 50 l’aurois
867 1463 124 50 laïffé
1010 1481 207 33 executer
1236 1464 26 51 à
1281 1467 288 66 quelqu’vne
1601 1469 60 48 de

419 1550 69 35 ces
508 1529 236 65 fçauantes
766 1532 183 51 Plumes
981 1535 82 64 qui
1085 1550 119 31 nous
1230 1549 88 31 ont
1334 1483 133 104 acha
1496 1534 165 56 donné

417 1617 57 33 en
497 1601 76 48 des
595 1597 137 69 fujets
756 1598 110 51 aufli
896 1599 209 51 difficiles
1130 1601 77 47 des
1227 1617 191 50 preuues
1439 1599 36 50 fi
1499 1608 162 45 mani-

413 1663 132 52 feltes
573 1670 58 46 de
654 1688 48 28 ce
734 1667 188 70 qu'elles
944 1664 109 53 font
1084 1667 209 70 capables
1320 1669 57 49 de
1401 1667 139 59 faire,
1561 1669 35 48 fi
1616 1675 44 46 ie

413 1736 179 49 n'auois
613 1737 80 49 crû
710 1741 203 64 pouuoir
935 1740 108 48 tirer
1063 1738 78 49 des
1171 1741 158 43 Liures
1353 1735 117 64 qu'il
1495 1753 26 30 a
1550 1735 109 67 luy-

410 1801 179 57 mefme
585 1797 117 77 fait
713 1803 275 67 imprimer,
1018 1814 43 39 &
1096 1805 78 44 des
1204 1802 120 50 deux
1353 1801 214 51 volumes
1599 1806 59 48 de

412 1873 180 54 Lettres
613 1873 150 65 qu'vn
786 1872 58 44 de
864 1869 65 48 fes
952 1871 132 47 Amis
1106 1885 120 32 nous
1250 1887 26 30 a
1306 1869 191 54 donnez
1520 1908 16 20 ,
1573 1874 82 48 des

409 1943 255 46 materiaux
687 1934 201 54 fufffans
909 1953 117 52 pour
1047 1935 44 50 la
1112 1937 322 49 conftruction
1462 1938 57 47 de
1545 1953 112 37 tour

410 2002 73 49 cét
504 2010 242 65 Ouurage.
804 2009 72 47 En
901 2004 136 54 effe@
1059 2006 70 48 s’il
1151 2005 60 49 eft
1223 2022 143 46 vray,
1388 2021 268 39 commevn

410 2072 199 54 Loéteur
632 2092 69 38 vn
726 2092 91 52 peu
846 2070 197 58 attentif
1060 2075 108 45 n’en
1194 2086 112 51 peut
1339 2070 192 63 douter,
1554 2093 99 50 que

404 2136 115 58 bien
533 2155 101 49 que
652 2162 51 32 ce
725 2144 151 70 grand
897 2143 156 51 Genie
1073 2141 112 50 n'ait
1197 2156 86 54 pas
1299 2138 219 72 expliqué
1533 2159 119 36 tou-
