1776 2528
279 117 77 51 DE
397 117 297 49 L'ESPRIT
730 119 81 48 DE
851 123 328 46 L'HOMME.
1300 124 62 59 2

171 190 126 43 Pour
320 187 297 46 commencer
637 203 80 49 par
740 186 61 47 les
823 191 273 61 premieres,
1131 186 233 68 perfonne

121 256 217 63 n'ignore
361 264 91 56 que
474 253 41 47 le
542 269 104 30 mot
676 251 227 70 d’Efprit,
925 254 270 58 oud’Ame,
1220 273 59 29 ne
1297 253 74 62 fi-.

122 320 145 68 gnifie
297 324 388 63 originairement
708 315 211 124 pretaue
954 322 113 49 dans
1105 338 152 32 toutes
1299 323 65 48 les

123 389 216 66 langues,
355 393 97 43 rien
464 403 128 32 autre
614 388 137 48 chofe

122 542 127 49 apres
273 520 221 69 appliqué
518 521 26 48 à
564 537 152 32 toutes
737 520 140 48 fortes
901 522 56 46 de
979 520 164 60 foufles
1165 544 11 31 ;
1207 532 161 40 &.en-

123 589 115 49 fuite
258 608 127 47 apres
420 592 131 42 auoir
577 585 245 69 remarqué
847 605 92 48 que
961 606 116 30 nous
1098 606 59 30 ne
1178 594 190 46 viuions

124 659 245 64 qu'autant
388 655 71 46 de
495 663 148 56 temps
677 671 92 49 que
787 656 123 46 nous
927 652 246 69 refpirions
1197 693 13 21 ,
1235 676 63 30 on
1323 659 46 47 la

125 728 88 64 pris
237 740 117 50 pour
377 741 49 28 ce
442 724 215 63 Principe
679 722 58 47 de
757 726 74 44 vie
853 726 82 63 qui
958 724 119 46 nous
1099 720 153 52 faifoit
1273 724 93 49 ref-

127 795 139 62 pirer;
294 793 177 64 Depuis
492 789 73 48 ila
557 782 113 79 efté
681 786 422 70 particulierement
1123 791 199 48 attribué
1342 793 29 48 à

131 875 115 32 cette
255 862 146 62 partie
415 854 254 70 fuperieure
681 857 56 48 de
752 857 177 58 l’Ame,
943 876 79 48 par
1036 858 200 68 laquelle
1249 879 124 29 nous

131 928 261 47 entendons,
405 925 221 58 dautant
639 941 92 50 que
743 924 99 48 c’eft
862 925 44 48 la
930 930 74 43 vie
1025 925 272 68 del'Efprit;
1322 938 48 39 &

133 993 128 49 enfin
280 1012 82 50 par
380 992 330 49 reflemblance
734 1011 104 31 ona
861 991 161 50 donné
1040 1013 49 28 ce
1111 1012 118 30 nom
1252 995 25 47 à
1300 1015 73 30 ces

133 1061 674 66 Intelligences
460 1056 26 75 ,
491 1061 696 66 entierementindependantes
1215 1072 44 40 &
1287 1062 93 49 dé-

136 1127 164 68 gagées
319 1128 111 49 dela
442 1122 217 77 matiere,
670 1129 143 64 qu'on
812 1122 26 77 a
850 1129 97 47 crû
953 1130 264 48 occupéesà
1230 1149 145 30 mou-

136 1201 101 43 uoir
256 1197 63 48 les
341 1200 150 45 Cieux
507 1218 10 26 :
541 1204 43 39 &
603 1194 254 48 c’eftdeces
874 1193 140 49 fortes
1035 1197 58 44 de
1106 1196 270 51 Subftances

124 1271 60 40 ‘&
217 1266 77 46 des
326 1263 297 67 Corporelles
647 1301 15 20 ,
687 1280 92 49 que
804 1281 109 29 ceux
944 1278 164 49 contre
1134 1269 84 62 qui
1246 1264 130 67 j'agis

138 1329 341 68 prefentement
500 1347 88 33 ont
609 1330 79 48 crû
711 1347 92 51 que
822 1346 129 49 toute
972 1330 42 48 la
1042 1334 183 45 Natute
1243 1332 135 48 eftoit

141 1397 265 68 composée.
438 1404 79 44 Or
535 1416 119 49 pour
672 1395 112 51 faire
796 1402 102 45 voir
919 1417 107 29 auec
1039 1398 99 68 plus
1161 1397 218 60 deforce,

142 1473 46 41 &
203 1482 106 30 tout
329 1465 244 51 enfemble
593 1484 109 31 auec
719 1465 104 65 plus
838 1466 289 54 d'euidence,
1160 1485 91 50 que
1275 1467 102 48 c’eft

142 1528 30 49 à
187 1548 68 28 ces
274 1529 140 50 fortes
427 1531 239 68 d'Efprits,
689 1550 194 49 prenant
897 1553 48 27 ce
957 1550 103 31 mot
1080 1534 114 48 dans
1216 1535 42 47 le
1268 1536 110 46 der-

142 1589 92 82 nier
246 1589 97 82 fens
365 1633 13 19 ,
396 1615 95 47 que
511 1599 44 47 la
579 1598 172 49 Pensée
773 1605 224 45 conuient
1016 1605 362 62 priuatiuement

145 1662 36 50 à
191 1679 104 33 tous
317 1678 174 36 autres
466 1658 38 75 ;
517 1673 49 54 &
583 1683 118 45 pour
723 1666 146 48 éuiter
890 1683 151 30 toutes
1063 1665 141 53 fortes
1227 1666 56 47 de
1304 1666 77 47 di-

145 1730 244 51 finétions
412 1738 45 41 &
469 1727 381 69 d'équiuoques,
867 1735 47 40 ie
929 1731 230 45 demande
1178 1728 202 67 premie-

147 1815 183 32 tement
346 1797 27 49 à
392 1817 88 29 nos
505 1794 271 58 aduerfaires
799 1815 47 29 ce
867 1795 133 67 qw'ils
1025 1798 255 48 entendent
1300 1817 81 47 par

150 1884 68 29 ces
244 1867 183 65 paroles
445 1903 13 21 ,
481 1871 302 45 SYBSTANCE
808 1869 375 49 SPIRITVELLE
1153 1860 39 77 ;
1220 1864 61 48 Ils
1306 1884 77 31 me

150 1932 294 65 répondront
464 1934 142 68 qu'ils
621 1934 253 48 entendent
903 1952 91 30 vne
1017 1932 368 52 Subftance
1270 1928 79 78 Im

148 2001 282 47 materielle
397 1993 27 80 :
443 2006 48 44 Ie
504 2001 94 48 leur
614 1999 229 50 demande
857 2016 57 30 en
927 1997 298 60 fecondlieu,
1247 2003 137 66 quel-

153 2063 46 48 le
219 2070 176 45 notion
418 2079 44 38 &
479 2067 268 71 quelleidée
759 2068 54 47 ils
825 2083 87 33 ont
931 2066 185 48 decette
1137 2067 249 54 Subftance

151 2134 340 68 Immaterielle,
501 2147 82 62 &
611 2157 48 30 ce
684 2136 142 68 qu'ils
844 2137 286 70 conçoiuent
1150 2141 163 63 quand
1334 2140 61 62 ils

1160 2211 48 47 D

779 406 90 50 que
892 388 93 48 l'air
1007 395 91 59 que
1111 407 117 29 nous
1250 395 127 43 atti-.

122 474 109 30 rons
256 466 44 38 &
324 473 269 47 renuoyons
607 456 114 46 dans
743 456 43 47 la
800 454 272 68 refpiration
1090 477 10 31 ;
1124 474 65 29 on
1210 456 43 47 la
1263 462 104 61 puis
1385 482 9 17 :

1711 2421 25 19 ee
1711 2383 25 34 LT
1711 2354 25 26 or

1732 2385 16 31 na
