1776 2528
531 109 383 54 PREEAGE.

121 185 75 44 tre
214 179 120 50 deux
357 177 166 71 Corps.
569 173 117 84 Sont-
698 181 69 48 ils
788 179 235 50 enfermez
1051 181 111 49 dans
1194 181 104 66 luy:
1461 180 21 70 ρU

127 249 330 59 Nullement;
490 266 75 30 car
587 248 35 53 il
655 250 77 64 wy
765 268 25 29 a
829 268 92 51 que
947 250 62 48 les
1039 253 147 64 Corps
1217 253 83 63 qui

1318 306 47 19 tur
1383 309 88 29 agunt
1486 301 42 27 æ
1540 301 66 28 for-

118 315 206 69 puiſſent
336 316 111 51 eſtre
460 313 234 64 enfermez
709 318 114 47 dans
848 337 66 31 n
936 318 106 48 lieu.
1071 322 104 62 Que
1195 313 108 52 font

117 386 137 50 donc
305 404 70 29 ces
404 382 174 51 formes
608 382 268 71 ſpirituelles
905 387 114 47 dans
1065 386 43 48 le
1149 391 152 61 Corps
1502 377 83 29 —

1318 418 248 27 communicant?

127 453 166 67 quand
308 452 104 49 elles
427 452 79 66 luy
520 456 398 63 communiquent
929 454 96 49 leur
1040 453 125 49 eſtre
1182 452 120 48 Elles

1316 492 130 39 Vndique
1456 493 119 29 eſſeutia

122 520 50 50 Ie
192 536 248 52 penetrent
460 522 57 47 de
537 539 105 30 tous
682 521 149 47 coſtez
864 541 79 47 par
976 523 96 46 leur
1106 520 193 54 eſſence;
1318 530 59 45 fas
1388 533 105 28 ite
1515 533 96 44 cdca-

351 593 7 7 .
1318 580 46 18 tiæ
1382 570 53 29 ſuæ
1453 571 138 29 dedicant

125 588 110 49 elles
249 588 232 48 deſtinent
505 608 25 27 à
552 587 87 48 ſon
659 586 167 49 ſeruice
847 604 152 32 toutes
1022 590 62 45 les
1104 586 198 66 faculte?
1320 608 141 46 .
1382 586 36 72 .—
1473 610 118 29 —

119 657 67 47 de
204 655 99 47 leur
318 655 196 52 eſſence;
543 664 45 39 &
605 655 210 48 d'autant
828 652 92 74 que
933 655 156 49 lEſtre
1110 655 57 48 de
1191 654 112 48 cha-
1320 646 118 30 a
1453 649 123 29 ſucxtas

1322 685 54 29 eſſe
1399 690 27 24 &
1447 686 16 30 à
1486 689 111 28 virtute

123 738 99 52 que
235 720 138 51 choſe
384 722 200 49 vientde
602 720 86 52 ſon
710 722 198 60 eſſence,
932 732 45 40 &
1000 738 91 55 que
1112 722 62 49 les
1196 741 110 48 ope-
1323 725 289 77 eſe

127 794 178 45 rations
326 790 203 48 naiſſent
546 791 76 48 des
645 787 197 52 facultes,
859 797 86 53 en
966 795 219 64 joignant
1208 790 99 47 leur
1415 796 200 46 d

847 864 6 6 .
1325 850 71 24 eſſe,
1415 843 165 28 dedicando

129 857 211 60 eſſence,
373 858 105 48 elles
500 857 77 66 luy
611 875 400 50 communiquent
1041 861 97 47 Ieur
1171 856 134 59 eſtre,
1326 881 136 41 ιέ
1482 891 106 28 ισ

131 935 48 40 &
204 944 59 31 en
284 926 81 60 luy
385 926 229 48 deſtinant
638 927 118 47 leurs
780 927 285 67 puiſſances,
1090 925 116 49 elles
1229 925 188 65 luy
1433 929 29 27 τ

1327 967 78 24 cant,
1420 968 29 17 vt
1466 969 35 17 ex
1511 961 105 29 animæ

126 991 112 52 font
258 1010 102 50 part
385 993 56 49 de
472 995 117 47 leurs
627 999 299 63 operations;
959 995 59 48 de
1051 994 106 49 telle
1189 992 121 49 ſorte
1408 996 67 67 ι

124 1079 99 52 que
235 1063 56 47 de
305 1077 117 32 cette
432 1065 150 46 vnion
594 1063 57 46 de
665 1063 151 48 lAme
831 1072 45 40 &
888 1064 216 67 duCorps
1118 1062 32 47 il
1161 1057 145 52 reſul-
1325 1057 52 44 de
1423 1072 26 45 .
1467 1076 150 37 ine

132 1145 47 32 te
200 1147 65 30 vn
287 1127 93 50 ſeul
409 1128 127 70 Eſtre
572 1128 254 69 compoſ,
860 1133 149 64 qu'on
1033 1130 149 66 apelle
1197 1132 111 44 ani-
1328 1121 217 54 etρ¶

131 1195 137 59 mal,
310 1204 47 41 &
388 1214 91 31 vne
511 1195 122 49 ſeule
654 1202 275 61 operation;
973 1204 127 59 Cecy
1132 1195 44 48 ſe
1205 1196 103 47 doit

132 1264 228 49 entendre
387 1265 60 48 de
478 1262 162 52 Pvnitõ
669 1266 58 47 de
756 1262 318 71 compoſition
1104 1273 47 40 &
1183 1262 129 49 d'ac-

133 1349 403 51 compagnement
556 1342 44 40 &
613 1351 100 31 non
724 1352 78 48 pas
815 1332 259 50 d'identité.

203 1401 127 49 IEnc
348 1399 209 51 faudroit
578 1420 80 48 pas
680 1398 113 52 faire
823 1420 91 31 vne
951 1399 221 60 Preface,
1204 1405 115 44 mais

91 1465 122 51 des
228 1472 161 44 Liures
403 1471 198 56 entiers,
622 1468 32 48 ſi
670 1470 99 46 Uon
781 1470 188 49 vouloit
990 1485 206 51 raporter
1215 1486 105 32 tous

134 1533 67 47 les
221 1536 204 65 paſſages
450 1541 84 60 qui
555 1534 43 49 ſe
623 1534 221 51 trouuent
864 1538 114 47 dans
1001 1538 64 47 les
1097 1541 218 45 Oeuures

135 1599 59 48 de
223 1604 45 42 S.
304 1603 235 62 Auguſtin
569 1601 267 51 conformes
869 1623 58 30 au
926 1595 131 77 ſent
1069 1609 150 44 iment
1261 1604 58 46 de

137 1662 249 68 Monſieur
413 1668 263 58 Deſcartes,
709 1670 89 48 ſoit
819 1690 57 28 au
900 1671 116 63 ſujet
1047 1672 58 47 de
1134 1672 152 48 Ame,

130 1733 99 49 ſoit
246 1734 234 49 touchant
497 1733 43 49 la
564 1736 217 45 machine
802 1737 57 44 de
879 1734 85 47 ſon
984 1742 176 57 Corps,
1186 1751 131 30 entre

136 1801 198 71 leſquels
356 1800 208 69 celuy-là
584 1800 108 50 meft
711 1819 77 50 pas
813 1800 77 49 des
912 1800 238 50 moindres
1180 1801 64 47 od
1281 1800 34 47 il

138 1872 273 48 reconnoiſt
440 1888 94 48 que
565 1876 124 45 Dieu
718 1873 191 65 pouroit
939 1866 111 52 faire
1081 1887 91 32 vne
1209 1885 106 30 ma-

141 1939 140 51 chine
291 1933 255 77 ſemblable
569 1937 27 50 à
618 1958 67 30 vn
708 1938 202 58 animal,
935 1937 199 69 laquelle
1156 1938 159 45 imite-

141 2011 94 44 roit
247 2024 106 31 tous
376 2007 62 49 les
458 2024 309 33 mouuemens
786 2006 115 48 d'vn
919 2005 173 48 animal
1115 1999 199 65 effectif,

142 2070 103 62 ſans
256 2074 40 47 le
310 2073 177 52 ſecours
501 2078 221 48 d'aucune
736 2078 143 49 Ame:
901 2076 60 46 Et
971 2073 32 48 il
1017 2091 57 29 ne
1087 2070 229 50 confirmo

127 2159 100 52 pas
247 2157 90 51 peu
357 2159 105 34 tout
483 2165 51 29 ce
555 2163 92 51 que
665 2163 119 33 nous
812 2161 149 47 auons
992 2141 70 51 dit
1093 2137 73 76 ſur
1198 2157 123 34 cette
