1776 2528
18 1175 6 19 1

3 1252 22 21 42

5 1275 20 21 1

4 1300 15 23 3

5 1334 3 13 f

14 1932 24 17 4

242 129 100 47 DE
377 121 429 58 LESVNIEDE
860 128 321 52 HOMME
1295 135 88 57 E

104 197 195 48 notion
318 212 121 33 nous
460 214 58 30 en
531 196 206 51 reſte-til
757 196 32 49 ſi
811 216 119 30 nous
956 215 56 31 en
1033 196 257 52 détachons
1319 200 47 48 la

110 260 212 51 Penſee?
348 267 48 44 Ie
419 261 108 68 ſcay
547 264 110 51 bien
670 281 93 56 que
783 266 189 48 Vaction
992 266 63 47 du
1077 256 152 85 Corps
1242 267 132 49 doit

102 331 273 49 interuenir
386 331 115 49 dans
514 350 87 30 nos
613 330 279 61 ſenſations,
907 341 41 40 &
962 350 97 50 que
1080 350 118 50 pout
1222 330 142 51 ſentir

103 396 53 49 il
168 394 100 52 faut
284 393 93 94 que
387 399 209 66 lorigine
607 400 57 48 de
672 394 118 79 quel
804 402 139 67 quton
966 402 57 47 de
1043 418 87 30 nos
1150 398 99 50 ſens
1271 398 93 51 ſoit

102 463 354 69 diſpoſcd'vne
470 472 199 43 certaine
679 417 142 114 —
835 487 81 38 ce
927 472 82 61 qui
1020 486 58 29 ne
1089 464 43 50 ſe
1143 483 110 51 peut
1273 465 90 51 fai-

101 548 67 31 te
179 550 93 49 que
281 552 81 48 par
374 535 41 47 le
428 551 331 35 mouuement;
774 538 116 43 mais
902 552 63 46 ny
977 534 194 48 laction
1180 534 59 47 de
1249 533 115 49 lob-

104 601 78 60 jet
202 605 225 43 exterieur
446 605 83 61 qui
551 600 129 47 meut
702 609 46 39 &
775 597 163 69 dipoſe
966 593 231 77 Uorgane,
1227 616 64 49 ny
1321 601 43 48 le

105 667 336 68 changement
455 667 60 47 de
525 665 165 67 ſigure
712 676 46 38 &
782 667 60 47 de
847 659 242 80 ſituation
1098 683 106 50 que
1233 665 132 50 cauſc

112 726 60 79 on
186 733 84 67 luy
281 749 123 32 cette
415 737 189 54 action/
619 751 62 48 ny
694 733 43 51 le
751 732 231 69 tranſport
993 737 82 64 qui
1089 735 95 46 Sen
1198 730 85 52 fait
1304 751 59 33 au

125 818 211 42 cerucau,
352 820 58 30 ne
423 800 106 50 ſont
540 806 138 63 point
689 804 80 46 des
782 799 272 51 ſentiments
1070 818 64 48 ny
1155 801 76 49 des
1244 820 120 48 pen-

124 864 114 65 ſes,
265 873 115 45 mais
402 867 255 51 ſeulement
678 873 163 62 cequi
860 867 163 64 reſulte
1053 869 309 49 immediate-

125 951 130 35 ment
266 957 60 29 en
337 936 312 69 EBſprisdece
662 937 117 68 qu'il
795 936 61 48 eſt
868 934 133 68 vnyà
1013 936 220 66 organe
1255 955 106 30 cor-

101 997 150 78 porel
257 997 150 78 ainſi
398 1023 110 31 meu
534 1014 42 40 &
588 1001 194 70 diſpoſ
800 1022 79 49 par
903 1001 65 51 ſes
999 1002 168 66 objets.
1224 1004 41 47 Il
1285 1022 29 48 y
1333 1022 28 30 a

125 1069 122 51 donc
269 1091 94 32 vne
385 1073 180 68 grande
585 1070 247 51 diſference
853 1087 129 34 entre
1001 1089 50 30 ce
1071 1074 84 64 qui
1192 1089 169 49 appar-

111 1140 129 49 tient
251 1149 215 53 auCorps
479 1142 114 48 dans
606 1158 87 30 nos
703 1137 325 60 ſenſations,
987 1133 51 76 &
1047 1157 53 28 ce
1108 1142 85 63 qui
1202 1182 183 4 appar-

125 1206 113 50 tient
249 1207 25 50 à
285 1204 269 72 lEſpritile
565 1221 310 36 mouuement
886 1207 298 64 quimprime
1203 1203 157 66 Vobjet

124 1280 243 57 oxterieur,
391 1286 46 40 &
460 1276 44 49 le
523 1274 397 68 changement
848 1268 78 78 de
947 1272 213 67 Forgane
1190 1290 169 49 appar-

88 1342 245 53 tiennent
352 1362 60 32 au
431 1351 179 61 Corps,
633 1347 116 44 mais
756 1341 108 49 cela
896 1336 257 53 menferme
1181 1357 179 31 aucune

105 1408 177 63 penſce
301 1413 63 52 la
366 1410 127 52 ſeule
506 1414 267 66 perception,
820 1409 43 48 le
875 1405 94 51 ſeul
990 1405 278 60 ſentiment,
1295 1425 65 29 ou

122 1471 173 53 ſeulo
304 1478 174 67 penſcc
480 1483 261 63 appartient
760 1476 29 49 à
804 1475 210 67 VEſprit,
1036 1483 30 40 &
1091 1474 110 48 cela
1220 1485 142 37 wen-

106 1535 159 53 ferme
275 1562 68 29 en
353 1545 82 66 ſoy
449 1542 178 53 aucùne
646 1544 243 49 Eſtendus.
903 1547 62 44 Et
975 1557 184 53 partant
1171 1556 114 33 tout
1296 1560 64 27 ce

117 1603 95 79 que
222 1603 122 79 nous
358 1627 147 33 auons
517 1614 69 45 dit
597 1610 183 68 iuſques
797 1615 86 53 ici,
889 1610 190 49 conclut
1093 1607 266 68 egalement

110 1669 121 75 pour
241 1675 390 64 toutes
406 1669 82 75 les
487 1675 144 64 ſortos
644 1679 63 44 dẽ
714 1669 186 75 Penſces
919 1679 81 59 qui
1020 1673 109 48 ſont
1145 1691 61 30 en
1219 1690 140 39 nous,

123 1750 46 40 &
183 1760 179 47 prouue
373 1742 271 50 clairement
656 1752 94 55 que
758 1740 63 46 les
834 1756 112 31 vnes
968 1748 46 37 &
1037 1738 64 44 les
1123 1751 151 31 autres
1289 1754 71 30 ne

114 1808 344 69 prẽſuppoſant
469 1828 179 38 aucune
660 1806 258 65 Eſtendus,
943 1819 105 37 tout
1060 1821 51 32 ce
1122 1805 129 66 quip
1258 1801 133 52 enſe

112 1877 72 50 æſt
201 1878 312 68 Immateriel.
