1776 2528
422 98 112 62 4
661 136 48 28 J
836 89 460 53 TRAITTE

426 303 197 66 Preuue
637 293 82 76 de
754 295 50 53 la
840 295 167 73 miſme
1048 292 171 75 choſe,
1241 307 155 42 contre
1433 312 118 36 ceuæ
1591 292 100 77 qui

574 375 232 71 reſoiuent
818 370 79 54 des
900 368 273 81 ſulſhances
1189 371 253 76 corporelles
1455 378 71 62 &

898 446 294 75 ſpirituelles.

849 579 226 57 CNHAP.
1148 576 113 49 IV.

574 711 41 52 A
649 705 298 73 propoſition
978 723 93 51 que
1104 724 120 30 nous
1253 706 149 51 auons
1432 706 258 69 expliquce-

430 710 128 135 L
574 780 115 47 dans
699 777 45 47 le
758 776 227 66 Chapitre
994 775 250 73 precedent
1256 791 59 30 ne
1332 791 109 51 peut
1469 775 110 49 eſtre
1603 792 93 41 at-

429 845 171 70 Auce
619 862 93 50 que
740 862 84 50 par
842 844 119 47 deux
988 842 220 64 ſortes
1149 837 76 82 de
1231 841 333 57 Phiſoſophes;
1590 848 102 46 Les.

429 932 88 33 vnz
540 918 178 44 croient
739 929 96 50 que
851 908 75 50 cet
935 904 203 79 Vniuers
1158 909 64 49 eſt
1240 911 224 68 compoſè
1487 913 57 47 de
1565 909 114 51 ſub-

431 981 176 49 ſtances
630 977 296 70 ſpirituelles,
951 984 44 43 &
1017 979 57 48 de
1091 975 267 51 ſubſtances
1383 979 307 68 corporelles;

430 1053 118 46 mais
563 1048 53 48 ils
631 1045 216 51 eſtiment
859 1063 94 52 que
971 1047 44 48 la
1030 1043 173 53 Penſce
1223 1048 404 67 nappartient
1532 1039 88 80 pas
1643 1045 49 51 ſi

434 1116 431 69 particulierement
895 1132 88 32 aux
1012 1117 283 65 premicres,
1330 1113 172 69 qu'elle
1532 1134 61 31 ne
1633 1113 59 50 ſe

433 1184 347 66 communique
804 1180 110 52 auſſi
939 1179 298 71 quelquefois
1260 1200 86 31 aux
1369 1180 244 56 ſecondes;
1630 1192 60 40 &

431 1251 63 49 les
507 1268 149 33 autres
667 1269 59 30 au
730 1254 250 45 contraire
991 1248 109 50 ſont
1120 1248 36 50 ſi
1175 1248 102 50 fort
1288 1250 255 66 perſuadez
1561 1251 133 67 qu'il

432 1320 116 62 nya
568 1322 106 44 rien
689 1335 69 29 au
768 1318 174 47 monde
950 1334 101 47 que
1078 1318 77 47 des
1178 1322 179 61 Corps,
1382 1317 77 48 les
1468 1337 87 31 vns
1571 1318 123 68 plus

433 1383 216 69 groſſiers,
686 1383 63 48 les
762 1400 149 31 autres
926 1383 101 67 plus
1039 1381 186 62 ſubtils,
1232 1377 73 79 qu
1311 1384 68 48 ils
1392 1403 70 31 ne
1472 1387 222 48 doutent

432 1450 264 50 nullement
713 1467 94 50 que
828 1451 53 46 la
886 1448 170 50 Penſe
1082 1459 52 40 &
1152 1467 161 31 toutes
1326 1469 87 31 nos
1428 1452 251 49 Connoiſ-

432 1516 155 52 ſances
598 1536 59 29 ne
669 1514 160 55 ſoſent
833 1517 77 47 des
930 1521 259 64 proprieter
1211 1522 83 62 qui
1317 1524 378 62 appartiennent

432 1586 156 49 Aceux
599 1605 51 47 cy
666 1583 25 50 à
696 1582 162 52 raiſon
869 1585 51 49 de
926 1585 104 48 leut
1036 1578 244 82 ſubtiliteé.
1319 1591 123 47 Mais
1458 1587 109 50 bien
1582 1604 112 52 que:

380 1655 118 58 les
512 1673 88 30 vns
614 1663 44 40 &
683 1652 63 49 les
767 1670 148 32 autres
939 1670 142 50 ayent
1095 1650 162 54 formè
1275 1672 66 31 vn
1366 1673 129 49 party
1518 1654 174 49 conſi-

429 1723 271 57 derable,
646 1716 52 78 &
715 1740 81 50 par
809 1720 83 51 ſon
906 1721 260 69 antiquitè,
1181 1732 46 38 &
1239 1740 82 45 par
1343 1722 42 44 E
1396 1721 202 52 nombre
1616 1724 75 54 de-

428 1789 65 49 ſes
506 1787 276 60 ſectateuts,
797 1788 181 66 ieſpere
991 1791 282 45 neanmoins
1287 1782 111 53 faire
1418 1793 105 44 voir
1535 1790 222 67 qu'ils.

424 1856 45 49 ſe
482 1856 106 49 ſont
601 1872 104 30 tous
720 1871 245 49 trompes,
993 1853 137 66 qu'ils
1153 1871 60 31 ne
1229 1851 266 67 ſcauroient
1523 1860 164 56 auan

430 1943 70 28 cer
517 1942 90 49 que
608 1923 87 49 des
710 1921 263 64 objections
985 1918 219 62 friuoles,
1215 1932 52 39 &
1282 1940 92 46 que
1387 1922 90 48 sils
1493 1916 198 63 euſſent

433 1992 147 47 voulu
604 1990 145 49 ſuiure
771 1989 117 49 leurs
909 2009 187 48 propres
1120 1992 280 60 Principes,
1422 1990 54 49 ils
1497 1992 194 52 cuſſent

424 2074 87 47 peu
523 2055 815 67 deſcouurir
784 2048 59 78 la
849 2048 163 78 vetité
1018 2048 85 78 que
1102 2055 270 67 i'auance;
1394 2048 110 78 auſſi
1514 2048 80 78 eſt
1619 2081 68 28 ce-

424 2139 80 54 Par
518 2141 68 30 ces
599 2124 414 66 memesPrincipes
1027 2120 218 69 que
1115 2116 61 81 ie
1176 2116 88 81 les
1263 2116 114 81 veux
1392 2116 283 81 combattre.

1541 2199 143 46 Pour
