1776 2528
159 139 37 14 .
542 85 419 80 [EPISTRE.

144 171 264 73 Monfieur
426 169 257 70 Defartes
713 178 78 45 n'a
834 184 87 58 pas
955 185 132 36 receu
1106 162 55 55 de
1197 180 104 40 tous
1335 165 63 52 les

145 253 160 75 efprits
325 243 331 77 l'Aprobation
674 245 56 54 de
750 245 60 72 fa
845 245 235 89 Doëtrine
1098 262 24 31 :
1149 242 92 53 Les
1279 243 118 54 Phi.

135 323 209 77 dofophes
361 326 120 68 font
500 321 149 72 fujets
668 320 284 76 quelquefois
973 340 34 32 à
1041 317 123 55 leurs
1190 322 206 74 pafñons

149 404 114 67 auf
286 397 100 57 bien
407 415 86 57 que
521 396 39 53 le
592 398 105 72 refte
719 395 81 54 des
823 395 272 62 Hommes,
1141 404 64 48 ex
1244 396 57 52 1ls
1338 416 59 32 ne

140 477 268 71 fçauroient
431 469 196 78 fouffrir
664 472 78 53 des
783 472 196 53 veritez
1020 474 82 72 qui
1142 474 108 68 fonr
1285 474 116 51 voir

150 565 103 60 trop
265 549 270 54 clairement
550 545 202 56 combien
765 547 120 51 leurs
912 548 355 67 raïfonnemens
1283 550 118 67 [ont

151 623 183 72 obfcurs
371 632 87 48 €
479 622 119 50 leurs
629 622 229 75 principes
890 620 212 54 inutiles.
1164 622 153 53 Mais
1352 643 47 32 ce

155 700 84 73 qui
274 717 118 34 nos
430 694 100 55 doit
561 694 290 77 furprendre
898 695 276 73 danantage
1219 732 15 20 ,
1300 698 109 70 cet

156 775 55 50 de
238 775 113 52 voir
375 790 88 56 que
483 766 42 57 le
552 769 89 54 liew
663 767 56 55 de
742 770 63 72 [a
823 772 232 70 naiflance
1075 774 100 66 foit
1194 773 137 72 quafi
1360 772 40 52 le

156 847 188 55 dernier
367 850 34 50 à
424 846 81 73 luy
542 843 164 55 rendre
735 847 151 68 iuflice
910 884 15 22 ,
959 854 65 48 €
1061 864 88 54 que
1177 849 85 69 [or
1294 865 124 57 pro-

153 935 83 58 pre
250 940 122 58 pays
391 921 162 72 s'opofé
576 940 116 32 auec
706 919 109 73 plus
838 919 338 75 d'opintafireté
1190 919 33 54 à
1258 921 144 74 l'efta-

158 994 250 74 bliffement
443 994 56 53 de
526 995 76 70 fs
630 998 254 50 maximes.
935 999 67 49 Ce
1031 995 109 71 n'eff
1173 1013 92 59 pas
1314 1016 89 57 que

158 1086 70 38 cet
252 1075 220 52 Homme
496 1067 342 77 incomparable
865 1066 122 59 n'ait
1021 1090 56 32 en
1114 1069 55 55 de
1194 1075 209 74 puiffans

154 1143 312 72 Protetteurs
486 1180 15 21 ,
538 1146 112 69 auff
676 1142 101 55 bien
804 1164 86 52 que
913 1141 228 74 d'ininftes
1168 1147 206 54 ennemis
1387 1187 9 9 :

159 1222 158 51 Deux
343 1218 215 78 grandes
597 1218 252 72 Princefes
887 1234 82 40 ont
1008 1237 129 56 reçen
1184 1222 70 69 fès
1298 1238 105 58 pre-

160 1310 142 58 ceptes
326 1315 115 33 auec
464 1293 229 75 beaucoup
720 1292 195 71 d'eflime
947 1316 17 30 :
1009 1298 111 50 Des
1151 1301 253 50 Prouinces

160 1374 196 47 entieres
400 1386 83 37 ont
527 1371 139 51 imité
703 1369 104 52 leur
860 1369 245 73 exemple,
1170 1379 66 50 er
1281 1385 126 40 toute

161 1440 228 79 l'Europe
418 1445 130 70 [fait
574 1463 116 32 auec
716 1442 141 73 quelle
888 1443 183 54 ardeur
1099 1465 126 34 vous
1256 1461 162 50 entre-

156 1530 186 58 prenez
363 1521 68 64 [a
454 1519 198 70 defence.
688 1519 130 52 INon
840 1517 257 72 féulement
1140 1539 123 34 vous
1307 1517 105 72 [04-

163 1602 148 42 tener
335 1593 93 65 [on
457 1608 143 58 party
623 1608 97 59 par
747 1591 50 52 la
827 1594 126 69 force
977 1591 56 54 de
1071 1614 93 34 vos
1201 1596 177 69 raifons
1391 1618 18 34 ;

164 1663 161 53 Mais
357 1679 98 59 par
483 1685 100 34 une
610 1685 143 50 grace
779 1669 295 67 particuliere
1105 1689 124 33 vous
1277 1686 132 37 auez

159 1735 199 67 founent
364 1736 108 72 fait
502 1733 56 55 de
580 1739 153 69 voftre
760 1740 212 65 Maifon
995 1739 39 49 le
1055 1739 179 52 theatre
1262 1744 54 47 de
1346 1741 66 69 [a

156 1808 166 73 gloire.
366 1818 95 48 Ces
471 1814 202 71 faueurs
693 1809 105 72 font
823 1826 99 57 trop
947 1811 324 72 confiderables
1295 1830 123 56 pour

167 1901 57 34 ne
242 1904 125 44 vous
395 1908 57 33 en
477 1890 130 70 faire
641 1906 87 54 que
753 1886 55 54 de
827 1888 173 70 fécrets
1038 1890 345 52 remerciemens
1372 1882 28 82 :

168 1956 51 51 IL
253 1962 63 66 eff
344 1964 110 70 inffe
488 1981 89 55 que
613 1981 86 33 nos
734 1964 310 69 reffentimens
1076 1961 248 72 parcilent
1359 1986 57 31 en

159 2030 160 72 Public
350 2075 18 21 ,
411 2040 113 68 auf
545 2037 100 56 bien
668 2054 92 57 que
786 2037 164 69 Vofire
988 2039 279 70 Gencrofité
1285 2060 16 29 :
1351 2039 68 55 Er

168 2123 125 53 guoy
313 2127 87 52 que
425 2114 40 50 ie
488 2114 100 67 [ôis
611 2111 41 54 le
681 2113 213 53 moindre
921 2112 79 54 des
1037 2112 228 76 Difciples
1291 2118 55 50 de
1374 2136 47 33 ce

163 2177 208 69 fameux
391 2184 268 78 Philofophe
671 2227 17 24 ,
706 2190 41 54 ie
757 2207 55 36 ne
827 2208 133 36 veux
971 2205 91 58 pas
1088 2190 106 71 éjtre
1216 2189 38 54 le
1271 2193 150 55 moins
