<?xml version="1.0" encoding="UTF-8"?>
<alto xmlns="http://www.loc.gov/standards/alto/ns-v3#" xmlns:xlink="http://www.w3.org/1999/xlink" xmlns:xsi="http://www.w3.org/2001/XMLSchema-instance" xsi:schemaLocation="http://www.loc.gov/standards/alto/ns-v3# http://www.loc.gov/alto/v3/alto-3-0.xsd">
	<Description>
		<MeasurementUnit>pixel</MeasurementUnit>
		<sourceImageInformation>
			<fileName>			</fileName>
		</sourceImageInformation>
		<OCRProcessing ID="OCR_0">
			<ocrProcessingStep>
				<processingSoftware>
					<softwareName>tesseract v4.1.0-elag2019</softwareName>
				</processingSoftware>
			</ocrProcessingStep>
		</OCRProcessing>
	</Description>
	<Layout>
		<Page WIDTH="1776" HEIGHT="2528" PHYSICAL_IMG_NR="0" ID="page_0">
			<PrintSpace HPOS="0" VPOS="0" WIDTH="1776" HEIGHT="2528">
				<TextBlock ID="block_0" HPOS="443" VPOS="106" WIDTH="1295" HEIGHT="2153">
					<TextLine ID="line_0" HPOS="871" VPOS="106" WIDTH="796" HEIGHT="54">
						<String ID="string_0" HPOS="871" VPOS="106" WIDTH="421" HEIGHT="54" WC="0.0" CONTENT="TRATTVTE"/>
					</TextLine>
					<TextLine ID="line_1" HPOS="470" VPOS="173" WIDTH="1268" HEIGHT="78">
						<String ID="string_1" HPOS="470" VPOS="192" WIDTH="57" HEIGHT="43" WC="0.93" CONTENT="tit"/><SP WIDTH="22" VPOS="192" HPOS="527"/>
						<String ID="string_2" HPOS="549" VPOS="183" WIDTH="113" HEIGHT="68" WC="0.81" CONTENT="qu&#39;il"/><SP WIDTH="23" VPOS="183" HPOS="662"/>
						<String ID="string_3" HPOS="685" VPOS="177" WIDTH="142" HEIGHT="72" WC="0.84" CONTENT="puiſſe"/><SP WIDTH="23" VPOS="177" HPOS="827"/>
						<String ID="string_4" HPOS="850" VPOS="178" WIDTH="140" HEIGHT="57" WC="0.90" CONTENT="eſtre,"/><SP WIDTH="32" VPOS="178" HPOS="990"/>
						<String ID="string_5" HPOS="1022" VPOS="177" WIDTH="99" HEIGHT="47" WC="0.24" CONTENT="Von"/><SP WIDTH="26" VPOS="177" HPOS="1121"/>
						<String ID="string_6" HPOS="1147" VPOS="194" WIDTH="59" HEIGHT="31" WC="0.87" CONTENT="ne"/><SP WIDTH="19" VPOS="194" HPOS="1206"/>
						<String ID="string_7" HPOS="1225" VPOS="173" WIDTH="203" HEIGHT="66" WC="0.53" CONTENT="ſcauroit"/><SP WIDTH="19" VPOS="173" HPOS="1428"/>
						<String ID="string_8" HPOS="1447" VPOS="189" WIDTH="213" HEIGHT="55" WC="0.86" CONTENT="paruenir"/><SP WIDTH="20" VPOS="189" HPOS="1660"/>
						<String ID="string_9" HPOS="1680" VPOS="197" WIDTH="58" HEIGHT="38" WC="0.75" CONTENT="à"/>
					</TextLine>
					<TextLine ID="line_2" HPOS="468" VPOS="242" WIDTH="1246" HEIGHT="64">
						<String ID="string_10" HPOS="468" VPOS="254" WIDTH="94" HEIGHT="48" WC="0.83" CONTENT="cela"/><SP WIDTH="22" VPOS="254" HPOS="562"/>
						<String ID="string_11" HPOS="584" VPOS="250" WIDTH="100" HEIGHT="49" WC="0.80" CONTENT="ſans"/><SP WIDTH="24" VPOS="250" HPOS="684"/>
						<String ID="string_12" HPOS="708" VPOS="247" WIDTH="44" HEIGHT="49" WC="0.80" CONTENT="ſe"/><SP WIDTH="20" VPOS="247" HPOS="752"/>
						<String ID="string_13" HPOS="772" VPOS="244" WIDTH="214" HEIGHT="50" WC="0.89" CONTENT="reſoudre"/><SP WIDTH="19" VPOS="244" HPOS="986"/>
						<String ID="string_14" HPOS="1005" VPOS="246" WIDTH="57" HEIGHT="46" WC="0.89" CONTENT="de"/><SP WIDTH="29" VPOS="246" HPOS="1062"/>
						<String ID="string_15" HPOS="1091" VPOS="249" WIDTH="182" HEIGHT="57" WC="0.90" CONTENT="rejetter"/><SP WIDTH="31" VPOS="249" HPOS="1273"/>
						<String ID="string_16" HPOS="1304" VPOS="262" WIDTH="189" HEIGHT="31" WC="0.85" CONTENT="comme"/><SP WIDTH="20" VPOS="262" HPOS="1493"/>
						<String ID="string_17" HPOS="1513" VPOS="242" WIDTH="201" HEIGHT="64" WC="0.89" CONTENT="fauſſes,"/>
					</TextLine>
					<TextLine ID="line_3" HPOS="469" VPOS="311" WIDTH="1238" HEIGHT="70">
						<String ID="string_18" HPOS="469" VPOS="319" WIDTH="99" HEIGHT="49" WC="0.47" CONTENT="ceſt"/><SP WIDTH="13" VPOS="319" HPOS="568"/>
						<String ID="string_19" HPOS="581" VPOS="319" WIDTH="25" HEIGHT="48" WC="0.90" CONTENT="à"/><SP WIDTH="11" VPOS="319" HPOS="606"/>
						<String ID="string_20" HPOS="617" VPOS="319" WIDTH="122" HEIGHT="55" WC="0.90" CONTENT="dire,"/><SP WIDTH="14" VPOS="319" HPOS="739"/>
						<String ID="string_21" HPOS="753" VPOS="316" WIDTH="56" HEIGHT="46" WC="0.54" CONTENT="de"/><SP WIDTH="11" VPOS="316" HPOS="809"/>
						<String ID="string_22" HPOS="820" VPOS="333" WIDTH="59" HEIGHT="30" WC="0.54" CONTENT="ne"/><SP WIDTH="20" VPOS="333" HPOS="879"/>
						<String ID="string_23" HPOS="899" VPOS="316" WIDTH="94" HEIGHT="45" WC="0.83" CONTENT="Sen"/><SP WIDTH="19" VPOS="316" HPOS="993"/>
						<String ID="string_24" HPOS="1012" VPOS="331" WIDTH="79" HEIGHT="50" WC="0.93" CONTENT="pas"/><SP WIDTH="25" VPOS="331" HPOS="1091"/>
						<String ID="string_25" HPOS="1116" VPOS="311" WIDTH="138" HEIGHT="49" WC="0.90" CONTENT="ſeruir"/><SP WIDTH="23" VPOS="311" HPOS="1254"/>
						<String ID="string_26" HPOS="1277" VPOS="313" WIDTH="265" HEIGHT="67" WC="0.92" CONTENT="dauantage"/><SP WIDTH="19" VPOS="313" HPOS="1542"/>
						<String ID="string_27" HPOS="1561" VPOS="332" WIDTH="92" HEIGHT="48" WC="0.92" CONTENT="que"/><SP WIDTH="18" VPOS="332" HPOS="1653"/>
						<String ID="string_28" HPOS="1671" VPOS="314" WIDTH="36" HEIGHT="50" WC="0.92" CONTENT="ſi"/>
					</TextLine>
					<TextLine ID="line_4" HPOS="468" VPOS="380" WIDTH="1251" HEIGHT="59">
						<String ID="string_29" HPOS="468" VPOS="387" WIDTH="105" HEIGHT="49" WC="0.90" CONTENT="elles"/><SP WIDTH="19" VPOS="387" HPOS="573"/>
						<String ID="string_30" HPOS="592" VPOS="384" WIDTH="196" HEIGHT="49" WC="0.90" CONTENT="eſtoient"/><SP WIDTH="15" VPOS="384" HPOS="788"/>
						<String ID="string_31" HPOS="803" VPOS="380" WIDTH="188" HEIGHT="59" WC="0.91" CONTENT="fauſſes,"/><SP WIDTH="22" VPOS="380" HPOS="991"/>
						<String ID="string_32" HPOS="1013" VPOS="396" WIDTH="151" HEIGHT="33" WC="0.91" CONTENT="toutes"/><SP WIDTH="20" VPOS="396" HPOS="1164"/>
						<String ID="string_33" HPOS="1184" VPOS="381" WIDTH="41" HEIGHT="47" WC="0.90" CONTENT="les"/><SP WIDTH="105" VPOS="381" HPOS="1225"/>
						<String ID="string_34" HPOS="1330" VPOS="385" WIDTH="156" HEIGHT="45" WC="0.57" CONTENT="opinions"/><SP WIDTH="14" VPOS="385" HPOS="1486"/>
						<String ID="string_35" HPOS="1500" VPOS="383" WIDTH="113" HEIGHT="50" WC="0.89" CONTENT="dans"/><SP WIDTH="14" VPOS="383" HPOS="1613"/>
						<String ID="string_36" HPOS="1627" VPOS="383" WIDTH="92" HEIGHT="49" WC="0.91" CONTENT="leſ-"/>
					</TextLine>
					<TextLine ID="line_5" HPOS="468" VPOS="399" WIDTH="1239" HEIGHT="123">
						<String ID="string_37" HPOS="468" VPOS="453" WIDTH="174" HEIGHT="69" WC="0.92" CONTENT="quelles"/><SP WIDTH="17" VPOS="453" HPOS="642"/>
						<String ID="string_38" HPOS="659" VPOS="470" WIDTH="65" HEIGHT="30" WC="0.93" CONTENT="on"/><SP WIDTH="19" VPOS="470" HPOS="724"/>
						<String ID="string_39" HPOS="743" VPOS="465" WIDTH="110" HEIGHT="53" WC="0.92" CONTENT="peut"/><SP WIDTH="23" VPOS="465" HPOS="853"/>
						<String ID="string_40" HPOS="876" VPOS="465" WIDTH="187" HEIGHT="32" WC="0.82" CONTENT="trouuer"/><SP WIDTH="12" VPOS="465" HPOS="1063"/>
						<String ID="string_41" HPOS="1075" VPOS="448" WIDTH="41" HEIGHT="48" WC="0.89" CONTENT="le"/><SP WIDTH="11" VPOS="448" HPOS="1116"/>
						<String ID="string_42" HPOS="1127" VPOS="399" WIDTH="218" HEIGHT="98" WC="0.5" CONTENT="—"/><SP WIDTH="19" VPOS="399" HPOS="1345"/>
						<String ID="string_43" HPOS="1364" VPOS="447" WIDTH="114" HEIGHT="66" WC="0.88" CONTENT="ſujet"/><SP WIDTH="22" VPOS="447" HPOS="1478"/>
						<String ID="string_44" HPOS="1500" VPOS="451" WIDTH="58" HEIGHT="47" WC="0.93" CONTENT="de"/><SP WIDTH="22" VPOS="451" HPOS="1558"/>
						<String ID="string_45" HPOS="1580" VPOS="453" WIDTH="127" HEIGHT="47" WC="0.92" CONTENT="dou-"/>
					</TextLine>
					<TextLine ID="line_6" HPOS="450" VPOS="516" WIDTH="1281" HEIGHT="70">
						<String ID="string_46" HPOS="450" VPOS="539" WIDTH="99" HEIGHT="31" WC="0.67" CONTENT="ter."/><SP WIDTH="23" VPOS="539" HPOS="549"/>
						<String ID="string_47" HPOS="572" VPOS="528" WIDTH="129" HEIGHT="44" WC="0.91" CONTENT="Dans"/><SP WIDTH="15" VPOS="528" HPOS="701"/>
						<String ID="string_48" HPOS="716" VPOS="538" WIDTH="49" HEIGHT="28" WC="0.88" CONTENT="ce"/><SP WIDTH="15" VPOS="538" HPOS="765"/>
						<String ID="string_49" HPOS="780" VPOS="516" WIDTH="198" HEIGHT="58" WC="0.90" CONTENT="deſſein,"/><SP WIDTH="21" VPOS="516" HPOS="978"/>
						<String ID="string_50" HPOS="999" VPOS="520" WIDTH="41" HEIGHT="44" WC="0.90" CONTENT="ie"/><SP WIDTH="19" VPOS="520" HPOS="1040"/>
						<String ID="string_51" HPOS="1059" VPOS="521" WIDTH="102" HEIGHT="45" WC="0.93" CONTENT="vois"/><SP WIDTH="13" VPOS="521" HPOS="1161"/>
						<String ID="string_52" HPOS="1174" VPOS="520" WIDTH="359" HEIGHT="63" WC="0.92" CONTENT="premierement"/><SP WIDTH="20" VPOS="520" HPOS="1533"/>
						<String ID="string_53" HPOS="1553" VPOS="532" WIDTH="94" HEIGHT="54" WC="0.89" CONTENT="que"/><SP WIDTH="17" VPOS="532" HPOS="1647"/>
						<String ID="string_54" HPOS="1664" VPOS="525" WIDTH="67" HEIGHT="44" WC="0.68" CONTENT="ic"/>
					</TextLine>
					<TextLine ID="line_7" HPOS="466" VPOS="581" WIDTH="1240" HEIGHT="75">
						<String ID="string_55" HPOS="466" VPOS="594" WIDTH="101" HEIGHT="62" WC="0.92" CONTENT="puis"/><SP WIDTH="22" VPOS="594" HPOS="567"/>
						<String ID="string_56" HPOS="589" VPOS="591" WIDTH="165" HEIGHT="46" WC="0.89" CONTENT="douter"/><SP WIDTH="21" VPOS="591" HPOS="754"/>
						<String ID="string_57" HPOS="775" VPOS="586" WIDTH="58" HEIGHT="49" WC="0.88" CONTENT="de"/><SP WIDTH="19" VPOS="586" HPOS="833"/>
						<String ID="string_58" HPOS="852" VPOS="584" WIDTH="44" HEIGHT="49" WC="0.91" CONTENT="la"/><SP WIDTH="11" VPOS="584" HPOS="896"/>
						<String ID="string_59" HPOS="907" VPOS="581" WIDTH="143" HEIGHT="51" WC="0.17" CONTENT="veritè"/><SP WIDTH="20" VPOS="581" HPOS="1050"/>
						<String ID="string_60" HPOS="1070" VPOS="584" WIDTH="56" HEIGHT="48" WC="0.84" CONTENT="de"/><SP WIDTH="11" VPOS="584" HPOS="1126"/>
						<String ID="string_61" HPOS="1137" VPOS="584" WIDTH="256" HEIGHT="49" WC="0.68" CONTENT="lexiſtence"/><SP WIDTH="13" VPOS="584" HPOS="1393"/>
						<String ID="string_62" HPOS="1406" VPOS="587" WIDTH="57" HEIGHT="46" WC="0.91" CONTENT="de"/><SP WIDTH="12" VPOS="587" HPOS="1463"/>
						<String ID="string_63" HPOS="1475" VPOS="601" WIDTH="152" HEIGHT="35" WC="0.91" CONTENT="toutes"/><SP WIDTH="15" VPOS="601" HPOS="1627"/>
						<String ID="string_64" HPOS="1642" VPOS="588" WIDTH="64" HEIGHT="50" WC="0.90" CONTENT="les"/>
					</TextLine>
					<TextLine ID="line_8" HPOS="467" VPOS="650" WIDTH="1241" HEIGHT="67">
						<String ID="string_65" HPOS="467" VPOS="654" WIDTH="157" HEIGHT="53" WC="0.91" CONTENT="choſes"/><SP WIDTH="25" VPOS="654" HPOS="624"/>
						<String ID="string_66" HPOS="649" VPOS="652" WIDTH="246" HEIGHT="49" WC="0.92" CONTENT="ſenſibles:"/><SP WIDTH="23" VPOS="652" HPOS="895"/>
						<String ID="string_67" HPOS="918" VPOS="656" WIDTH="92" HEIGHT="43" WC="0.72" CONTENT="Car"/><SP WIDTH="19" VPOS="656" HPOS="1010"/>
						<String ID="string_68" HPOS="1029" VPOS="650" WIDTH="111" HEIGHT="49" WC="0.92" CONTENT="bien"/><SP WIDTH="21" VPOS="650" HPOS="1140"/>
						<String ID="string_69" HPOS="1161" VPOS="660" WIDTH="95" HEIGHT="57" WC="0.92" CONTENT="que"/><SP WIDTH="21" VPOS="660" HPOS="1256"/>
						<String ID="string_70" HPOS="1277" VPOS="652" WIDTH="62" HEIGHT="48" WC="0.92" CONTENT="les"/><SP WIDTH="18" VPOS="652" HPOS="1339"/>
						<String ID="string_71" HPOS="1357" VPOS="650" WIDTH="138" HEIGHT="62" WC="0.92" CONTENT="ſens,"/><SP WIDTH="18" VPOS="650" HPOS="1495"/>
						<String ID="string_72" HPOS="1513" VPOS="673" WIDTH="69" HEIGHT="29" WC="0.93" CONTENT="ces"/><SP WIDTH="30" VPOS="673" HPOS="1582"/>
						<String ID="string_73" HPOS="1612" VPOS="655" WIDTH="96" HEIGHT="49" WC="0.76" CONTENT="tef-"/>
					</TextLine>
					<TextLine ID="line_9" HPOS="465" VPOS="718" WIDTH="1241" HEIGHT="68">
						<String ID="string_74" HPOS="465" VPOS="728" WIDTH="158" HEIGHT="46" WC="0.92" CONTENT="moins"/><SP WIDTH="20" VPOS="728" HPOS="623"/>
						<String ID="string_75" HPOS="643" VPOS="718" WIDTH="257" HEIGHT="57" WC="0.86" CONTENT="infidelles,"/><SP WIDTH="22" VPOS="718" HPOS="900"/>
						<String ID="string_76" HPOS="922" VPOS="735" WIDTH="59" HEIGHT="29" WC="0.93" CONTENT="ne"/><SP WIDTH="19" VPOS="735" HPOS="981"/>
						<String ID="string_77" HPOS="1000" VPOS="735" WIDTH="120" HEIGHT="30" WC="0.93" CONTENT="nous"/><SP WIDTH="22" VPOS="735" HPOS="1120"/>
						<String ID="string_78" HPOS="1142" VPOS="734" WIDTH="242" HEIGHT="49" WC="0.92" CONTENT="trompent"/><SP WIDTH="17" VPOS="734" HPOS="1384"/>
						<String ID="string_79" HPOS="1401" VPOS="739" WIDTH="80" HEIGHT="47" WC="0.91" CONTENT="pas"/><SP WIDTH="31" VPOS="739" HPOS="1481"/>
						<String ID="string_80" HPOS="1512" VPOS="740" WIDTH="58" HEIGHT="30" WC="0.91" CONTENT="en"/><SP WIDTH="21" VPOS="740" HPOS="1570"/>
						<String ID="string_81" HPOS="1591" VPOS="738" WIDTH="115" HEIGHT="34" WC="0.92" CONTENT="tou-"/>
					</TextLine>
					<TextLine ID="line_10" HPOS="466" VPOS="784" WIDTH="1243" HEIGHT="71">
						<String ID="string_82" HPOS="466" VPOS="808" WIDTH="69" HEIGHT="32" WC="0.92" CONTENT="tes"/><SP WIDTH="19" VPOS="808" HPOS="535"/>
						<String ID="string_83" HPOS="554" VPOS="787" WIDTH="185" HEIGHT="58" WC="0.92" CONTENT="choſes,"/><SP WIDTH="23" VPOS="787" HPOS="739"/>
						<String ID="string_84" HPOS="762" VPOS="784" WIDTH="98" HEIGHT="49" WC="0.84" CONTENT="ceſt"/><SP WIDTH="23" VPOS="784" HPOS="860"/>
						<String ID="string_85" HPOS="883" VPOS="784" WIDTH="117" HEIGHT="48" WC="0.5" CONTENT="aſſer"/><SP WIDTH="21" VPOS="784" HPOS="1000"/>
						<String ID="string_86" HPOS="1021" VPOS="784" WIDTH="135" HEIGHT="68" WC="0.69" CONTENT="qu&#39;ils"/><SP WIDTH="27" VPOS="784" HPOS="1156"/>
						<String ID="string_87" HPOS="1183" VPOS="803" WIDTH="118" HEIGHT="31" WC="0.92" CONTENT="nous"/><SP WIDTH="23" VPOS="803" HPOS="1301"/>
						<String ID="string_88" HPOS="1324" VPOS="803" WIDTH="140" HEIGHT="47" WC="0.91" CONTENT="ayent"/><SP WIDTH="10" VPOS="803" HPOS="1464"/>
						<String ID="string_89" HPOS="1474" VPOS="788" WIDTH="235" HEIGHT="67" WC="0.90" CONTENT="quelque-"/>
					</TextLine>
					<TextLine ID="line_11" HPOS="464" VPOS="852" WIDTH="1252" HEIGHT="69">
						<String ID="string_90" HPOS="464" VPOS="857" WIDTH="90" HEIGHT="50" WC="0.84" CONTENT="fois"/><SP WIDTH="18" VPOS="857" HPOS="554"/>
						<String ID="string_91" HPOS="572" VPOS="873" WIDTH="212" HEIGHT="48" WC="0.6" CONTENT="trompes,"/><SP WIDTH="43" VPOS="873" HPOS="784"/>
						<String ID="string_92" HPOS="827" VPOS="869" WIDTH="118" HEIGHT="51" WC="0.92" CONTENT="pour"/><SP WIDTH="11" VPOS="869" HPOS="945"/>
						<String ID="string_93" HPOS="956" VPOS="870" WIDTH="117" HEIGHT="31" WC="0.91" CONTENT="nous"/><SP WIDTH="22" VPOS="870" HPOS="1073"/>
						<String ID="string_94" HPOS="1095" VPOS="852" WIDTH="153" HEIGHT="50" WC="0.86" CONTENT="deffier"/><SP WIDTH="17" VPOS="852" HPOS="1248"/>
						<String ID="string_95" HPOS="1265" VPOS="858" WIDTH="307" HEIGHT="47" WC="0.56" CONTENT="entierement"/><SP WIDTH="20" VPOS="858" HPOS="1572"/>
						<String ID="string_96" HPOS="1592" VPOS="860" WIDTH="58" HEIGHT="46" WC="0.88" CONTENT="de"/><SP WIDTH="12" VPOS="860" HPOS="1650"/>
						<String ID="string_97" HPOS="1662" VPOS="859" WIDTH="54" HEIGHT="49" WC="0.88" CONTENT="la"/>
					</TextLine>
					<TextLine ID="line_12" HPOS="463" VPOS="921" WIDTH="1265" HEIGHT="70">
						<String ID="string_98" HPOS="463" VPOS="921" WIDTH="145" HEIGHT="53" WC="0.67" CONTENT="veritẽ"/><SP WIDTH="15" VPOS="921" HPOS="608"/>
						<String ID="string_99" HPOS="623" VPOS="924" WIDTH="58" HEIGHT="47" WC="0.77" CONTENT="de"/><SP WIDTH="13" VPOS="924" HPOS="681"/>
						<String ID="string_100" HPOS="694" VPOS="921" WIDTH="132" HEIGHT="48" WC="0.84" CONTENT="celles"/><SP WIDTH="15" VPOS="921" HPOS="826"/>
						<String ID="string_101" HPOS="841" VPOS="937" WIDTH="93" HEIGHT="49" WC="0.92" CONTENT="que"/><SP WIDTH="21" VPOS="937" HPOS="934"/>
						<String ID="string_102" HPOS="955" VPOS="938" WIDTH="118" HEIGHT="30" WC="0.78" CONTENT="nous"/><SP WIDTH="12" VPOS="938" HPOS="1073"/>
						<String ID="string_103" HPOS="1085" VPOS="923" WIDTH="311" HEIGHT="65" WC="0.41" CONTENT="napprenons"/><SP WIDTH="14" VPOS="923" HPOS="1396"/>
						<String ID="string_104" HPOS="1410" VPOS="940" WIDTH="96" HEIGHT="50" WC="0.89" CONTENT="que"/><SP WIDTH="9" VPOS="940" HPOS="1506"/>
						<String ID="string_105" HPOS="1515" VPOS="942" WIDTH="79" HEIGHT="49" WC="0.89" CONTENT="par"/><SP WIDTH="13" VPOS="942" HPOS="1594"/>
						<String ID="string_106" HPOS="1607" VPOS="926" WIDTH="121" HEIGHT="49" WC="0.92" CONTENT="leur"/>
					</TextLine>
					<TextLine ID="line_13" HPOS="464" VPOS="987" WIDTH="1251" HEIGHT="72">
						<String ID="string_107" HPOS="464" VPOS="1006" WIDTH="203" HEIGHT="52" WC="0.92" CONTENT="rapport."/><SP WIDTH="58" VPOS="1006" HPOS="667"/>
						<String ID="string_108" HPOS="725" VPOS="992" WIDTH="47" HEIGHT="45" WC="0.92" CONTENT="Si"/><SP WIDTH="22" VPOS="992" HPOS="772"/>
						<String ID="string_109" HPOS="794" VPOS="1006" WIDTH="67" HEIGHT="30" WC="0.91" CONTENT="on"/><SP WIDTH="21" VPOS="1006" HPOS="861"/>
						<String ID="string_110" HPOS="882" VPOS="987" WIDTH="183" HEIGHT="64" WC="0.91" CONTENT="objecte"/><SP WIDTH="22" VPOS="987" HPOS="1065"/>
						<String ID="string_111" HPOS="1087" VPOS="987" WIDTH="25" HEIGHT="49" WC="0.91" CONTENT="à"/><SP WIDTH="22" VPOS="987" HPOS="1112"/>
						<String ID="string_112" HPOS="1134" VPOS="990" WIDTH="93" HEIGHT="47" WC="0.90" CONTENT="ceſa"/><SP WIDTH="20" VPOS="990" HPOS="1227"/>
						<String ID="string_113" HPOS="1247" VPOS="989" WIDTH="137" HEIGHT="70" WC="0.1" CONTENT="qu&#39;iils"/><SP WIDTH="21" VPOS="989" HPOS="1384"/>
						<String ID="string_114" HPOS="1405" VPOS="1009" WIDTH="59" HEIGHT="29" WC="0.92" CONTENT="ne"/><SP WIDTH="13" VPOS="1009" HPOS="1464"/>
						<String ID="string_115" HPOS="1477" VPOS="1009" WIDTH="120" HEIGHT="32" WC="0.92" CONTENT="nous"/><SP WIDTH="19" VPOS="1009" HPOS="1597"/>
						<String ID="string_116" HPOS="1616" VPOS="1011" WIDTH="99" HEIGHT="32" WC="0.88" CONTENT="ont"/>
					</TextLine>
					<TextLine ID="line_14" HPOS="464" VPOS="1055" WIDTH="1242" HEIGHT="68">
						<String ID="string_117" HPOS="464" VPOS="1062" WIDTH="162" HEIGHT="45" WC="0.49" CONTENT="iamiais"/><SP WIDTH="13" VPOS="1062" HPOS="626"/>
						<String ID="string_118" HPOS="639" VPOS="1058" WIDTH="162" HEIGHT="49" WC="0.92" CONTENT="deceus,"/><SP WIDTH="40" VPOS="1058" HPOS="801"/>
						<String ID="string_119" HPOS="841" VPOS="1055" WIDTH="90" HEIGHT="49" WC="0.92" CONTENT="lors"/><SP WIDTH="25" VPOS="1055" HPOS="931"/>
						<String ID="string_120" HPOS="956" VPOS="1072" WIDTH="91" HEIGHT="51" WC="0.59" CONTENT="que"/><SP WIDTH="13" VPOS="1072" HPOS="1047"/>
						<String ID="string_121" HPOS="1060" VPOS="1055" WIDTH="189" HEIGHT="63" WC="0.59" CONTENT="l&#39;objet,"/><SP WIDTH="21" VPOS="1055" HPOS="1249"/>
						<String ID="string_122" HPOS="1270" VPOS="1057" WIDTH="44" HEIGHT="49" WC="0.90" CONTENT="le"/><SP WIDTH="10" VPOS="1057" HPOS="1314"/>
						<String ID="string_123" HPOS="1324" VPOS="1058" WIDTH="186" HEIGHT="59" WC="0.91" CONTENT="milieu,"/><SP WIDTH="19" VPOS="1058" HPOS="1510"/>
						<String ID="string_124" HPOS="1529" VPOS="1069" WIDTH="45" HEIGHT="40" WC="0.73" CONTENT="&amp;"/><SP WIDTH="14" VPOS="1069" HPOS="1574"/>
						<String ID="string_125" HPOS="1588" VPOS="1062" WIDTH="118" HEIGHT="48" WC="0.32" CONTENT="Lor-"/>
					</TextLine>
					<TextLine ID="line_15" HPOS="465" VPOS="1121" WIDTH="1254" HEIGHT="74">
						<String ID="string_126" HPOS="465" VPOS="1144" WIDTH="124" HEIGHT="49" WC="0.91" CONTENT="gane"/><SP WIDTH="20" VPOS="1144" HPOS="589"/>
						<String ID="string_127" HPOS="609" VPOS="1141" WIDTH="87" HEIGHT="33" WC="0.91" CONTENT="ont"/><SP WIDTH="23" VPOS="1141" HPOS="696"/>
						<String ID="string_128" HPOS="719" VPOS="1121" WIDTH="88" HEIGHT="74" WC="0.72" CONTENT="eſtè"/><SP WIDTH="29" VPOS="1121" HPOS="807"/>
						<String ID="string_129" HPOS="836" VPOS="1122" WIDTH="110" HEIGHT="50" WC="0.92" CONTENT="bien"/><SP WIDTH="24" VPOS="1122" HPOS="946"/>
						<String ID="string_130" HPOS="970" VPOS="1121" WIDTH="241" HEIGHT="69" WC="0.1" CONTENT="diſpoſer;"/><SP WIDTH="33" VPOS="1121" HPOS="1211"/>
						<String ID="string_131" HPOS="1244" VPOS="1129" WIDTH="50" HEIGHT="44" WC="0.87" CONTENT="Ie"/><SP WIDTH="26" VPOS="1129" HPOS="1294"/>
						<String ID="string_132" HPOS="1320" VPOS="1123" WIDTH="188" HEIGHT="70" WC="0.93" CONTENT="reſpons"/><SP WIDTH="22" VPOS="1123" HPOS="1508"/>
						<String ID="string_133" HPOS="1530" VPOS="1145" WIDTH="89" HEIGHT="48" WC="0.83" CONTENT="que"/><SP WIDTH="35" VPOS="1145" HPOS="1619"/>
						<String ID="string_134" HPOS="1654" VPOS="1149" WIDTH="65" HEIGHT="29" WC="0.72" CONTENT="ce"/>
					</TextLine>
					<TextLine ID="line_16" HPOS="465" VPOS="1191" WIDTH="1255" HEIGHT="70">
						<String ID="string_135" HPOS="465" VPOS="1198" WIDTH="83" HEIGHT="63" WC="0.92" CONTENT="qui"/><SP WIDTH="19" VPOS="1198" HPOS="548"/>
						<String ID="string_136" HPOS="567" VPOS="1191" WIDTH="173" HEIGHT="50" WC="0.92" CONTENT="ſemble"/><SP WIDTH="13" VPOS="1191" HPOS="740"/>
						<String ID="string_137" HPOS="753" VPOS="1210" WIDTH="119" HEIGHT="31" WC="0.92" CONTENT="nous"/><SP WIDTH="20" VPOS="1210" HPOS="872"/>
						<String ID="string_138" HPOS="892" VPOS="1192" WIDTH="163" HEIGHT="48" WC="0.89" CONTENT="rendre"/><SP WIDTH="20" VPOS="1192" HPOS="1055"/>
						<String ID="string_139" HPOS="1075" VPOS="1196" WIDTH="193" HEIGHT="45" WC="0.91" CONTENT="certains"/><SP WIDTH="20" VPOS="1196" HPOS="1268"/>
						<String ID="string_140" HPOS="1288" VPOS="1194" WIDTH="56" HEIGHT="47" WC="0.90" CONTENT="de"/><SP WIDTH="13" VPOS="1194" HPOS="1344"/>
						<String ID="string_141" HPOS="1357" VPOS="1194" WIDTH="254" HEIGHT="49" WC="0.74" CONTENT="Vexiſtence"/><SP WIDTH="15" VPOS="1194" HPOS="1611"/>
						<String ID="string_142" HPOS="1626" VPOS="1199" WIDTH="94" HEIGHT="48" WC="0.92" CONTENT="des"/>
					</TextLine>
					<TextLine ID="line_17" HPOS="465" VPOS="1258" WIDTH="1241" HEIGHT="71">
						<String ID="string_143" HPOS="465" VPOS="1259" WIDTH="157" HEIGHT="50" WC="0.92" CONTENT="choſes"/><SP WIDTH="34" VPOS="1259" HPOS="622"/>
						<String ID="string_144" HPOS="656" VPOS="1258" WIDTH="257" HEIGHT="59" WC="0.91" CONTENT="ſenſibles,"/><SP WIDTH="26" VPOS="1258" HPOS="913"/>
						<String ID="string_145" HPOS="939" VPOS="1258" WIDTH="60" HEIGHT="47" WC="0.92" CONTENT="eſt"/><SP WIDTH="29" VPOS="1258" HPOS="999"/>
						<String ID="string_146" HPOS="1028" VPOS="1275" WIDTH="88" HEIGHT="49" WC="0.92" CONTENT="que"/><SP WIDTH="20" VPOS="1275" HPOS="1116"/>
						<String ID="string_147" HPOS="1136" VPOS="1252" WIDTH="135" HEIGHT="81" WC="0.91" CONTENT="leurs"/><SP WIDTH="20" VPOS="1252" HPOS="1271"/>
						<String ID="string_148" HPOS="1291" VPOS="1259" WIDTH="122" HEIGHT="50" WC="0.42" CONTENT="idees"/><SP WIDTH="32" VPOS="1259" HPOS="1413"/>
						<String ID="string_149" HPOS="1445" VPOS="1259" WIDTH="52" HEIGHT="49" WC="0.91" CONTENT="ſe"/><SP WIDTH="18" VPOS="1259" HPOS="1497"/>
						<String ID="string_150" HPOS="1515" VPOS="1261" WIDTH="191" HEIGHT="68" WC="0.92" CONTENT="preſen-"/>
					</TextLine>
					<TextLine ID="line_18" HPOS="464" VPOS="1323" WIDTH="1271" HEIGHT="70">
						<String ID="string_151" HPOS="464" VPOS="1343" WIDTH="103" HEIGHT="32" WC="0.89" CONTENT="tant"/><SP WIDTH="15" VPOS="1343" HPOS="567"/>
						<String ID="string_152" HPOS="582" VPOS="1327" WIDTH="24" HEIGHT="47" WC="0.89" CONTENT="à"/><SP WIDTH="12" VPOS="1327" HPOS="606"/>
						<String ID="string_153" HPOS="618" VPOS="1325" WIDTH="154" HEIGHT="49" WC="0.92" CONTENT="noſtre"/><SP WIDTH="12" VPOS="1325" HPOS="772"/>
						<String ID="string_154" HPOS="784" VPOS="1324" WIDTH="177" HEIGHT="67" WC="0.91" CONTENT="Eſprit,"/><SP WIDTH="13" VPOS="1324" HPOS="961"/>
						<String ID="string_155" HPOS="974" VPOS="1323" WIDTH="198" HEIGHT="50" WC="0.47" CONTENT="ſoũuent"/><SP WIDTH="17" VPOS="1323" HPOS="1172"/>
						<String ID="string_156" HPOS="1189" VPOS="1327" WIDTH="180" HEIGHT="66" WC="0.78" CONTENT="malgrè"/><SP WIDTH="12" VPOS="1327" HPOS="1369"/>
						<String ID="string_157" HPOS="1381" VPOS="1346" WIDTH="119" HEIGHT="32" WC="0.21" CONTENT="nous"/><SP WIDTH="42" VPOS="1346" HPOS="1500"/>
						<String ID="string_158" HPOS="1542" VPOS="1340" WIDTH="44" HEIGHT="40" WC="0.91" CONTENT="&amp;"/><SP WIDTH="13" VPOS="1340" HPOS="1586"/>
						<String ID="string_159" HPOS="1599" VPOS="1329" WIDTH="118" HEIGHT="52" WC="0.89" CONTENT="ſans"/>
					</TextLine>
					<TextLine ID="line_19" HPOS="463" VPOS="1393" WIDTH="1252" HEIGHT="81">
						<String ID="string_160" HPOS="463" VPOS="1410" WIDTH="92" HEIGHT="49" WC="0.86" CONTENT="que"/><SP WIDTH="12" VPOS="1410" HPOS="555"/>
						<String ID="string_161" HPOS="567" VPOS="1410" WIDTH="119" HEIGHT="64" WC="0.91" CONTENT="nous"/><SP WIDTH="21" VPOS="1410" HPOS="686"/>
						<String ID="string_162" HPOS="707" VPOS="1409" WIDTH="119" HEIGHT="32" WC="0.81" CONTENT="nous"/><SP WIDTH="22" VPOS="1409" HPOS="826"/>
						<String ID="string_163" HPOS="848" VPOS="1409" WIDTH="29" HEIGHT="47" WC="0.81" CONTENT="y"/><SP WIDTH="21" VPOS="1409" HPOS="877"/>
						<String ID="string_164" HPOS="898" VPOS="1393" WIDTH="303" HEIGHT="58" WC="0.92" CONTENT="attendions,"/><SP WIDTH="18" VPOS="1393" HPOS="1201"/>
						<String ID="string_165" HPOS="1219" VPOS="1412" WIDTH="125" HEIGHT="48" WC="0.92" CONTENT="nous"/><SP WIDTH="20" VPOS="1412" HPOS="1344"/>
						<String ID="string_166" HPOS="1364" VPOS="1414" WIDTH="119" HEIGHT="31" WC="0.92" CONTENT="nous"/><SP WIDTH="28" VPOS="1414" HPOS="1483"/>
						<String ID="string_167" HPOS="1511" VPOS="1396" WIDTH="204" HEIGHT="53" WC="0.55" CONTENT="ſentons"/>
					</TextLine>
					<TextLine ID="line_20" HPOS="461" VPOS="1459" WIDTH="1253" HEIGHT="74">
						<String ID="string_168" HPOS="461" VPOS="1475" WIDTH="161" HEIGHT="52" WC="0.17" CONTENT="portes"/><SP WIDTH="32" VPOS="1475" HPOS="622"/>
						<String ID="string_169" HPOS="654" VPOS="1479" WIDTH="25" HEIGHT="27" WC="0.91" CONTENT="à"/><SP WIDTH="32" VPOS="1479" HPOS="679"/>
						<String ID="string_170" HPOS="711" VPOS="1462" WIDTH="146" HEIGHT="44" WC="0.90" CONTENT="croire"/><SP WIDTH="26" VPOS="1462" HPOS="857"/>
						<String ID="string_171" HPOS="883" VPOS="1459" WIDTH="190" HEIGHT="65" WC="0.75" CONTENT="qu&#39;elles"/><SP WIDTH="28" VPOS="1459" HPOS="1073"/>
						<String ID="string_172" HPOS="1101" VPOS="1462" WIDTH="255" HEIGHT="64" WC="0.92" CONTENT="procedent"/><SP WIDTH="30" VPOS="1462" HPOS="1356"/>
						<String ID="string_173" HPOS="1386" VPOS="1464" WIDTH="58" HEIGHT="47" WC="0.84" CONTENT="de"/><SP WIDTH="30" VPOS="1464" HPOS="1444"/>
						<String ID="string_174" HPOS="1474" VPOS="1467" WIDTH="240" HEIGHT="66" WC="0.87" CONTENT="quelques"/>
					</TextLine>
					<TextLine ID="line_21" HPOS="460" VPOS="1522" WIDTH="1253" HEIGHT="71">
						<String ID="string_175" HPOS="460" VPOS="1526" WIDTH="150" HEIGHT="67" WC="0.87" CONTENT="objets"/><SP WIDTH="31" VPOS="1526" HPOS="610"/>
						<String ID="string_176" HPOS="641" VPOS="1529" WIDTH="240" HEIGHT="44" WC="0.81" CONTENT="exterieurs"/><SP WIDTH="35" VPOS="1529" HPOS="881"/>
						<String ID="string_177" HPOS="916" VPOS="1530" WIDTH="83" HEIGHT="62" WC="0.90" CONTENT="qui"/><SP WIDTH="33" VPOS="1530" HPOS="999"/>
						<String ID="string_178" HPOS="1032" VPOS="1522" WIDTH="215" HEIGHT="71" WC="0.92" CONTENT="frappent"/><SP WIDTH="37" VPOS="1522" HPOS="1247"/>
						<String ID="string_179" HPOS="1284" VPOS="1547" WIDTH="88" HEIGHT="31" WC="0.92" CONTENT="nos"/><SP WIDTH="27" VPOS="1547" HPOS="1372"/>
						<String ID="string_180" HPOS="1399" VPOS="1528" WIDTH="142" HEIGHT="59" WC="0.59" CONTENT="ſens;"/><SP WIDTH="35" VPOS="1528" HPOS="1541"/>
						<String ID="string_181" HPOS="1576" VPOS="1539" WIDTH="137" HEIGHT="46" WC="0.90" CONTENT="Mais"/>
					</TextLine>
					<TextLine ID="line_22" HPOS="459" VPOS="1595" WIDTH="1250" HEIGHT="66">
						<String ID="string_182" HPOS="459" VPOS="1595" WIDTH="196" HEIGHT="48" WC="0.91" CONTENT="dautant"/><SP WIDTH="11" VPOS="1595" HPOS="655"/>
						<String ID="string_183" HPOS="666" VPOS="1611" WIDTH="90" HEIGHT="48" WC="0.91" CONTENT="que"/><SP WIDTH="11" VPOS="1611" HPOS="756"/>
						<String ID="string_184" HPOS="767" VPOS="1610" WIDTH="119" HEIGHT="32" WC="0.92" CONTENT="nous"/><SP WIDTH="14" VPOS="1610" HPOS="886"/>
						<String ID="string_185" HPOS="900" VPOS="1597" WIDTH="377" HEIGHT="64" WC="0.92" CONTENT="experimentons"/><SP WIDTH="21" VPOS="1597" HPOS="1277"/>
						<String ID="string_186" HPOS="1298" VPOS="1597" WIDTH="114" HEIGHT="51" WC="0.87" CONTENT="dans"/><SP WIDTH="12" VPOS="1597" HPOS="1412"/>
						<String ID="string_187" HPOS="1424" VPOS="1598" WIDTH="42" HEIGHT="50" WC="0.87" CONTENT="le"/><SP WIDTH="12" VPOS="1598" HPOS="1466"/>
						<String ID="string_188" HPOS="1478" VPOS="1598" WIDTH="231" HEIGHT="53" WC="0.92" CONTENT="ſommeil"/>
					</TextLine>
					<TextLine ID="line_23" HPOS="460" VPOS="1661" WIDTH="1240" HEIGHT="75">
						<String ID="string_189" HPOS="460" VPOS="1672" WIDTH="44" HEIGHT="39" WC="0.92" CONTENT="&amp;"/><SP WIDTH="21" VPOS="1672" HPOS="504"/>
						<String ID="string_190" HPOS="525" VPOS="1665" WIDTH="113" HEIGHT="46" WC="0.92" CONTENT="dans"/><SP WIDTH="13" VPOS="1665" HPOS="638"/>
						<String ID="string_191" HPOS="651" VPOS="1662" WIDTH="40" HEIGHT="48" WC="0.91" CONTENT="le"/><SP WIDTH="14" VPOS="1662" HPOS="691"/>
						<String ID="string_192" HPOS="705" VPOS="1662" WIDTH="141" HEIGHT="48" WC="0.91" CONTENT="delire"/><SP WIDTH="12" VPOS="1662" HPOS="846"/>
						<String ID="string_193" HPOS="858" VPOS="1661" WIDTH="77" HEIGHT="49" WC="0.92" CONTENT="des"/><SP WIDTH="25" VPOS="1661" HPOS="935"/>
						<String ID="string_194" HPOS="960" VPOS="1661" WIDTH="366" HEIGHT="71" WC="0.89" CONTENT="Phrenetiques,"/><SP WIDTH="23" VPOS="1661" HPOS="1326"/>
						<String ID="string_195" HPOS="1349" VPOS="1667" WIDTH="114" HEIGHT="67" WC="0.50" CONTENT="qu&#39;il"/><SP WIDTH="21" VPOS="1667" HPOS="1463"/>
						<String ID="string_196" HPOS="1484" VPOS="1669" WIDTH="112" HEIGHT="47" WC="0.19" CONTENT="meſt"/><SP WIDTH="22" VPOS="1669" HPOS="1596"/>
						<String ID="string_197" HPOS="1618" VPOS="1687" WIDTH="82" HEIGHT="49" WC="0.93" CONTENT="pas"/>
					</TextLine>
					<TextLine ID="line_24" HPOS="456" VPOS="1729" WIDTH="1255" HEIGHT="70">
						<String ID="string_198" HPOS="456" VPOS="1729" WIDTH="161" HEIGHT="52" WC="0.92" CONTENT="beſoin"/><SP WIDTH="21" VPOS="1729" HPOS="617"/>
						<String ID="string_199" HPOS="638" VPOS="1733" WIDTH="231" HEIGHT="65" WC="0.47" CONTENT="qu&#39;aucun"/><SP WIDTH="21" VPOS="1733" HPOS="869"/>
						<String ID="string_200" HPOS="890" VPOS="1729" WIDTH="130" HEIGHT="70" WC="0.92" CONTENT="objet"/><SP WIDTH="29" VPOS="1729" HPOS="1020"/>
						<String ID="string_201" HPOS="1049" VPOS="1729" WIDTH="254" HEIGHT="52" WC="0.92" CONTENT="ſemblable"/><SP WIDTH="18" VPOS="1729" HPOS="1303"/>
						<String ID="string_202" HPOS="1321" VPOS="1749" WIDTH="65" HEIGHT="28" WC="0.87" CONTENT="oũ"/><SP WIDTH="21" VPOS="1749" HPOS="1386"/>
						<String ID="string_203" HPOS="1407" VPOS="1730" WIDTH="216" HEIGHT="56" WC="0.84" CONTENT="different"/><SP WIDTH="19" VPOS="1730" HPOS="1623"/>
						<String ID="string_204" HPOS="1642" VPOS="1738" WIDTH="69" HEIGHT="47" WC="0.87" CONTENT="de"/>
					</TextLine>
					<TextLine ID="line_25" HPOS="453" VPOS="1794" WIDTH="1256" HEIGHT="73">
						<String ID="string_205" HPOS="453" VPOS="1817" WIDTH="50" HEIGHT="29" WC="0.88" CONTENT="ce"/><SP WIDTH="15" VPOS="1817" HPOS="503"/>
						<String ID="string_206" HPOS="518" VPOS="1816" WIDTH="89" HEIGHT="45" WC="0.89" CONTENT="que"/><SP WIDTH="19" VPOS="1816" HPOS="607"/>
						<String ID="string_207" HPOS="626" VPOS="1816" WIDTH="120" HEIGHT="30" WC="0.90" CONTENT="nous"/><SP WIDTH="12" VPOS="1816" HPOS="746"/>
						<String ID="string_208" HPOS="758" VPOS="1796" WIDTH="191" HEIGHT="50" WC="0.85" CONTENT="ſentons"/><SP WIDTH="13" VPOS="1796" HPOS="949"/>
						<String ID="string_209" HPOS="962" VPOS="1799" WIDTH="170" HEIGHT="45" WC="0.85" CONTENT="touche"/><SP WIDTH="22" VPOS="1799" HPOS="1132"/>
						<String ID="string_210" HPOS="1154" VPOS="1814" WIDTH="87" HEIGHT="29" WC="0.92" CONTENT="nos"/><SP WIDTH="24" VPOS="1814" HPOS="1241"/>
						<String ID="string_211" HPOS="1265" VPOS="1794" WIDTH="99" HEIGHT="51" WC="0.92" CONTENT="ſens"/><SP WIDTH="19" VPOS="1794" HPOS="1364"/>
						<String ID="string_212" HPOS="1383" VPOS="1817" WIDTH="120" HEIGHT="50" WC="0.92" CONTENT="pour"/><SP WIDTH="23" VPOS="1817" HPOS="1503"/>
						<String ID="string_213" HPOS="1526" VPOS="1804" WIDTH="183" HEIGHT="57" WC="0.14" CONTENT="(mou-"/>
					</TextLine>
					<TextLine ID="line_26" HPOS="451" VPOS="1860" WIDTH="1254" HEIGHT="75">
						<String ID="string_214" HPOS="451" VPOS="1870" WIDTH="105" HEIGHT="44" WC="0.89" CONTENT="uoir"/><SP WIDTH="21" VPOS="1870" HPOS="556"/>
						<String ID="string_215" HPOS="577" VPOS="1882" WIDTH="57" HEIGHT="32" WC="0.89" CONTENT="en"/><SP WIDTH="13" VPOS="1882" HPOS="634"/>
						<String ID="string_216" HPOS="647" VPOS="1881" WIDTH="120" HEIGHT="30" WC="0.91" CONTENT="nous"/><SP WIDTH="15" VPOS="1881" HPOS="767"/>
						<String ID="string_217" HPOS="782" VPOS="1863" WIDTH="62" HEIGHT="46" WC="0.91" CONTENT="les"/><SP WIDTH="13" VPOS="1863" HPOS="844"/>
						<String ID="string_218" HPOS="857" VPOS="1860" WIDTH="194" HEIGHT="51" WC="0.92" CONTENT="meſmes"/><SP WIDTH="21" VPOS="1860" HPOS="1051"/>
						<String ID="string_219" HPOS="1072" VPOS="1860" WIDTH="212" HEIGHT="71" WC="0.86" CONTENT="penſces,"/><SP WIDTH="24" VPOS="1860" HPOS="1284"/>
						<String ID="string_220" HPOS="1308" VPOS="1867" WIDTH="130" HEIGHT="64" WC="0.45" CONTENT="celùy"/><SP WIDTH="23" VPOS="1867" HPOS="1438"/>
						<String ID="string_221" HPOS="1461" VPOS="1873" WIDTH="84" HEIGHT="62" WC="0.91" CONTENT="qui"/><SP WIDTH="13" VPOS="1873" HPOS="1545"/>
						<String ID="string_222" HPOS="1558" VPOS="1879" WIDTH="147" HEIGHT="49" WC="0.89" CONTENT="com-"/>
					</TextLine>
					<TextLine ID="line_27" HPOS="443" VPOS="1928" WIDTH="1266" HEIGHT="74">
						<String ID="string_223" HPOS="443" VPOS="1947" WIDTH="173" HEIGHT="36" WC="0.91" CONTENT="mence"/><SP WIDTH="15" VPOS="1947" HPOS="616"/>
						<String ID="string_224" HPOS="631" VPOS="1930" WIDTH="26" HEIGHT="50" WC="0.68" CONTENT="à"/><SP WIDTH="14" VPOS="1930" HPOS="657"/>
						<String ID="string_225" HPOS="671" VPOS="1929" WIDTH="215" HEIGHT="49" WC="0.68" CONTENT="chercher"/><SP WIDTH="12" VPOS="1929" HPOS="886"/>
						<String ID="string_226" HPOS="898" VPOS="1928" WIDTH="44" HEIGHT="50" WC="0.92" CONTENT="la"/><SP WIDTH="22" VPOS="1928" HPOS="942"/>
						<String ID="string_227" HPOS="964" VPOS="1929" WIDTH="146" HEIGHT="51" WC="0.0" CONTENT="verite"/><SP WIDTH="19" VPOS="1929" HPOS="1110"/>
						<String ID="string_228" HPOS="1129" VPOS="1952" WIDTH="79" HEIGHT="49" WC="0.92" CONTENT="par"/><SP WIDTH="13" VPOS="1952" HPOS="1208"/>
						<String ID="string_229" HPOS="1221" VPOS="1935" WIDTH="163" HEIGHT="55" WC="0.91" CONTENT="ordre,"/><SP WIDTH="17" VPOS="1935" HPOS="1384"/>
						<String ID="string_230" HPOS="1401" VPOS="1942" WIDTH="46" HEIGHT="39" WC="0.90" CONTENT="&amp;"/><SP WIDTH="15" VPOS="1942" HPOS="1447"/>
						<String ID="string_231" HPOS="1462" VPOS="1940" WIDTH="82" HEIGHT="62" WC="0.90" CONTENT="qui"/><SP WIDTH="13" VPOS="1940" HPOS="1544"/>
						<String ID="string_232" HPOS="1557" VPOS="1939" WIDTH="60" HEIGHT="48" WC="0.87" CONTENT="eſt"/><SP WIDTH="13" VPOS="1939" HPOS="1617"/>
						<String ID="string_233" HPOS="1630" VPOS="1946" WIDTH="79" HEIGHT="43" WC="0.71" CONTENT="re-"/>
					</TextLine>
					<TextLine ID="line_28" HPOS="450" VPOS="1996" WIDTH="1253" HEIGHT="71">
						<String ID="string_234" HPOS="450" VPOS="1996" WIDTH="102" HEIGHT="50" WC="0.92" CONTENT="ſolu"/><SP WIDTH="20" VPOS="1996" HPOS="552"/>
						<String ID="string_235" HPOS="572" VPOS="2000" WIDTH="26" HEIGHT="48" WC="0.92" CONTENT="à"/><SP WIDTH="22" VPOS="2000" HPOS="598"/>
						<String ID="string_236" HPOS="620" VPOS="2001" WIDTH="167" HEIGHT="48" WC="0.93" CONTENT="douter"/><SP WIDTH="21" VPOS="2001" HPOS="787"/>
						<String ID="string_237" HPOS="808" VPOS="1998" WIDTH="56" HEIGHT="51" WC="0.89" CONTENT="de"/><SP WIDTH="14" VPOS="1998" HPOS="864"/>
						<String ID="string_238" HPOS="878" VPOS="2015" WIDTH="131" HEIGHT="42" WC="0.89" CONTENT="tout,"/><SP WIDTH="21" VPOS="2015" HPOS="1009"/>
						<String ID="string_239" HPOS="1030" VPOS="1998" WIDTH="181" HEIGHT="69" WC="0.40" CONTENT="iuſqu&#39;à"/><SP WIDTH="22" VPOS="1998" HPOS="1211"/>
						<String ID="string_240" HPOS="1233" VPOS="2019" WIDTH="49" HEIGHT="27" WC="0.92" CONTENT="ce"/><SP WIDTH="24" VPOS="2019" HPOS="1282"/>
						<String ID="string_241" HPOS="1306" VPOS="2000" WIDTH="114" HEIGHT="66" WC="0.47" CONTENT="qu&#39;il"/><SP WIDTH="24" VPOS="2000" HPOS="1420"/>
						<String ID="string_242" HPOS="1444" VPOS="2007" WIDTH="64" HEIGHT="46" WC="0.12" CONTENT="ait"/><SP WIDTH="20" VPOS="2007" HPOS="1508"/>
						<String ID="string_243" HPOS="1528" VPOS="2005" WIDTH="175" HEIGHT="51" WC="0.0" CONTENT="trouuc"/>
					</TextLine>
					<TextLine ID="line_29" HPOS="450" VPOS="2060" WIDTH="1241" HEIGHT="86">
						<String ID="string_244" HPOS="450" VPOS="2062" WIDTH="202" HEIGHT="77" WC="0.89" CONTENT="quelque"/><SP WIDTH="29" VPOS="2062" HPOS="652"/>
						<String ID="string_245" HPOS="681" VPOS="2060" WIDTH="138" HEIGHT="56" WC="0.91" CONTENT="choſe"/><SP WIDTH="25" VPOS="2060" HPOS="819"/>
						<String ID="string_246" HPOS="844" VPOS="2068" WIDTH="120" HEIGHT="48" WC="0.92" CONTENT="dont"/><SP WIDTH="25" VPOS="2068" HPOS="964"/>
						<String ID="string_247" HPOS="989" VPOS="2067" WIDTH="33" HEIGHT="47" WC="0.88" CONTENT="il"/><SP WIDTH="28" VPOS="2067" HPOS="1022"/>
						<String ID="string_248" HPOS="1050" VPOS="2086" WIDTH="60" HEIGHT="29" WC="0.88" CONTENT="ne"/><SP WIDTH="22" VPOS="2086" HPOS="1110"/>
						<String ID="string_249" HPOS="1132" VPOS="2066" WIDTH="143" HEIGHT="67" WC="0.91" CONTENT="puiſſe"/><SP WIDTH="22" VPOS="2066" HPOS="1275"/>
						<String ID="string_250" HPOS="1297" VPOS="2062" WIDTH="191" HEIGHT="75" WC="0.92" CONTENT="douter,"/><SP WIDTH="14" VPOS="2062" HPOS="1488"/>
						<String ID="string_251" HPOS="1502" VPOS="2092" WIDTH="60" HEIGHT="30" WC="0.91" CONTENT="ne"/><SP WIDTH="19" VPOS="2092" HPOS="1562"/>
						<String ID="string_252" HPOS="1581" VPOS="2070" WIDTH="110" HEIGHT="76" WC="0.92" CONTENT="peut"/>
					</TextLine>
					<TextLine ID="line_30" HPOS="447" VPOS="2130" WIDTH="1247" HEIGHT="81">
						<String ID="string_253" HPOS="447" VPOS="2136" WIDTH="134" HEIGHT="50" WC="0.82" CONTENT="auoir"/><SP WIDTH="21" VPOS="2136" HPOS="581"/>
						<String ID="string_254" HPOS="602" VPOS="2153" WIDTH="119" HEIGHT="46" WC="0.82" CONTENT="pour"/><SP WIDTH="16" VPOS="2153" HPOS="721"/>
						<String ID="string_255" HPOS="737" VPOS="2135" WIDTH="94" HEIGHT="51" WC="0.92" CONTENT="lors"/><SP WIDTH="13" VPOS="2135" HPOS="831"/>
						<String ID="string_256" HPOS="844" VPOS="2150" WIDTH="152" HEIGHT="52" WC="0.89" CONTENT="aucun"/><SP WIDTH="10" VPOS="2150" HPOS="996"/>
						<String ID="string_257" HPOS="1006" VPOS="2130" WIDTH="283" HEIGHT="79" WC="0.89" CONTENT="fondement"/><SP WIDTH="17" VPOS="2130" HPOS="1289"/>
						<String ID="string_258" HPOS="1306" VPOS="2144" WIDTH="171" HEIGHT="63" WC="0.89" CONTENT="certain"/><SP WIDTH="13" VPOS="2144" HPOS="1477"/>
						<String ID="string_259" HPOS="1490" VPOS="2146" WIDTH="84" HEIGHT="65" WC="0.83" CONTENT="qui"/><SP WIDTH="12" VPOS="2146" HPOS="1574"/>
						<String ID="string_260" HPOS="1586" VPOS="2140" WIDTH="108" HEIGHT="53" WC="0.78" CONTENT="Vaſ-"/>
					</TextLine>
					<TextLine ID="line_31" HPOS="1568" VPOS="2207" WIDTH="126" HEIGHT="52">
						<String ID="string_261" HPOS="1568" VPOS="2207" WIDTH="126" HEIGHT="52" WC="0.87" CONTENT="ſeure"/>
					</TextLine>
				</TextBlock>
			</PrintSpace>
		</Page>
	</Layout>
</alto>
