1776 2528
912 98 118 48 P.
1056 91 253 55 REEECOE.

170 166 220 39 Jnger
407 165 130 51 il
558 185 25 30 à
611 165 149 58 écrit,
798 161 120 51 C'eſt
948 164 125 48 donc
1101 176 109 36 auec
1238 161 161 52 raiſon
1428 167 101 64 que
1549 169 120 43 nous

191 216 61 28 quo
279 207 61 27 alio
367 207 121 27 nomine

197 244 185 46 iis
394 251 311 46 croyons
718 231 254 67 quelAme,
1012 232 161 65 quand
1185 231 84 48 elle
1290 230 125 59 ſent,
1428 235 244 64 Sapergoit

193 282 120 83 ——
364 282 86 80 ——
506 302 56 49 de
574 299 64 50 ſes
648 316 333 39 mouuemens,
1003 302 181 45 actions
1211 317 65 30 ou
1295 304 292 62 operations,
1608 317 65 33 ou

507 369 109 65 Sily
636 385 25 31 a
684 366 202 69 quelque
915 384 117 37 nom
1052 367 110 65 plus
1176 362 224 77 commode
1447 366 28 49 à
1495 368 181 51 donner

484 435 130 58 Aces
637 433 181 51 choſes:

560 509 68 42 Ie
652 520 60 31 ne
740 500 136 69 penſe
909 518 79 50 pas
1020 504 149 65 qu'on
1172 496 187 77 puiſſe
1373 519 185 34 trouuer
1576 523 105 33 vnc

500 573 108 66 plus
631 570 177 68 grande
831 567 286 50 conformitè
1136 586 95 50 que
1251 569 112 48 celle
1385 574 84 64 qui
1491 569 44 49 ſe
1569 591 111 29 ren-

484 638 186 50 contte
690 653 128 32 entre
839 656 50 27 ce
911 653 90 48 que
1024 637 70 46 dit
1111 641 63 43 S.
1194 636 234 67 Auguſtiñ
1445 645 53 42 &
1520 657 51 33 ce
1590 655 94 50 que

503 709 91 62 jay
620 702 173 50 auancè
813 701 72 49 ſur
906 717 116 34 cette
1053 706 220 46 matiere:
1305 706 108 45 Car
1427 708 256 61 premicte-

507 763 113 81 ment
625 771 59 49 il
698 788 25 30 a
744 770 78 51 crù
846 787 99 49 que.
961 784 118 32 cette
1092 772 156 47 vnion
1266 787 60 32 ne
1348 768 237 52 conſiſtoit
1604 792 79 48 pas

509 843 114 46 dans
637 857 91 31 vne
742 835 208 69 preſence
964 835 148 49 locale
1124 836 346 68 accompagnee
1482 839 204 50 d'eſten-

510 908 115 51 due;
648 909 118 46 mais
779 905 112 47 dans
917 903 180 50 lvnion
1110 896 73 82 des
1196 902 196 70 penſecs
1412 906 57 49 de
1491 905 189 69 lEſprit

512 983 47 39 &
587 974 77 46 des
686 989 306 35 mouuemens
989 967 89 77 du
1083 971 165 69 Corps,
1270 972 198 68 lequel
1487 974 31 47 il
1548 992 127 33 rém-

494 1039 192 69 pliſſoit
706 1043 247 54 intentione,
984 1057 79 36 von
1084 1042 108 47 mole.
1219 1043 361 48 Secondement,
1638 1042 35 48 il

511 1109 75 52 n'a
602 1109 86 65 pas
704 1107 80 54 cru
806 1123 101 51 que
936 1107 53 48 le
1003 1107 147 67 Corps
1176 1107 117 65 agiſt
1322 1106 72 56 ſur
1413 1108 169 51 Ame
1618 1129 57 29 en

511 1175 80 64 luy
590 1169 188 77 faiſant
785 1169 215 77 receuoir
1007 1173 76 58 ſes
1102 1175 233 67 paſſions,
1366 1179 113 45 mais
1504 1194 57 32 en
1595 1176 81 66 luy

514 1244 218 52 donnant
752 1241 213 51 occaſion
987 1243 145 65 cagir
1143 1261 57 30 en
1214 1240 360 68 meſmetemps:
1601 1262 74 30 car

202 1303 294 78 .
515 1329 186 28 comme
716 1311 36 48 il
772 1310 113 57 dit,
914 1317 130 41 Dans
1064 1310 43 46 le
1132 1307 176 54 meſme
1338 1326 149 50 temps
1515 1327 92 50 que
1636 1312 42 47 le

310 1378 188 33 i
512 1383 157 59 Corps
663 1368 87 81 eſt
756 1375 186 56 touchè
963 1376 32 46 il
1014 1373 44 49 ſe
1065 1373 99 54 fait
1183 1375 109 50 auſſi
1314 1377 203 68 quelque
1541 1377 138 50 choſe

205 1420 101 36 anima
325 1418 58 27 tale
407 1418 59 36 ali-

208 1457 89 67 —
279 1437 32 91 —
701 1436 486 124 ebnefe
1236 1448 129 63 qui
1393 1444 110 49 n'eſt
1533 1464 147 47 pour-

231 1505 17 19 oc
299 1505 31 23 ſit,
359 1505 14 18 ſed
425 1503 34 19 quo
1104 1514 6 6 .
1463 1517 6 5 .

196 1506 108 71 E
319 1533 45 29 ze
403 1505 37 27 luoa
519 1527 100 31 tant
631 1529 75 47 pas
721 1510 41 47 le
785 1508 187 55 meſme.
997 1510 440 59 Troiſieſmement,
1459 1511 32 48 il
1510 1530 64 35 ma
1590 1509 89 74 pas

520 1578 79 48 crù
633 1595 89 50 que
761 1578 152 47 lAme
952 1577 199 52 donnaſt
1191 1578 43 46 le
1276 1595 308 33 mouuement
1625 1599 59 33 au

515 1652 160 61 Corps
694 1661 273 48 autrement
997 1662 91 49 que
1118 1661 78 51 par
1228 1642 43 51 ſa
1305 1646 212 50 volonté.
1562 1647 120 48 C'eſt

504 1714 322 68 poufquoy
760 1708 78 78 il
861 1712 218 50 ſouſtient
1111 1714 114 48 dans
1258 1713 42 48 le
1334 1718 137 42 Liure
1499 1713 76 47 des
1610 1723 69 52 S3.

209 1776 556 89 ueons.
796 1786 103 63 Que
921 1782 127 79 uy
1106 1786 46 46 Mi
1176 1780 98 45 ene
1283 1795 68 30 en
1374 1776 78 68 luy
1473 1797 93 31 ue
1588 1800 91 30 Lo.

208 1855 87 31 ſeit
345 1854 26 29 e
389 1852 282 57 lonté,
686 1868 56 27 ne
756 1865 108 47 peut
877 1865 63 49 qu
955 1847 34 44 il
1001 1863 58 29 ne
1096 1860 102 37 ſente
1210 1843 108 51 auſſi
1339 1848 90 69 que
1453 1845 86 50 ſon
1558 1852 132 50 Ame

210 1895 168 28 lontatem;
396 1902 66 18 nam
480 1892 19 29 ſi

211 1931 290 66 J
517 1916 43 50 ſe
581 1931 127 34 meut
730 1913 133 57 celle
884 1910 204 59 meſme:
1115 1918 92 44 Car
1232 1914 159 66 quand
1417 1932 119 29 nous
1556 1934 124 30 vou-

212 1972 17 29 de
283 1971 63 26 nobis
363 1978 87 20 vult;
470 1972 29 24 &

219 1982 47 58 —
315 2017 47 18 —
397 2006 104 28 Anin
518 1986 104 48 lons
643 2000 109 44 „Va
773 1997 126 33 autre
920 1999 59 31 ne
999 1998 108 33 veut
1132 1994 75 60 pas
1230 1998 117 48 pour
1370 1997 151 36 nous;
1561 1991 46 41 &
1632 2004 49 34 ce

211 2043 172 48 ſpontaneus
387 2040 66 42 eſt.

212 2083 288 36 Fnnin
518 2068 306 33 mouuement
847 2051 56 48 de
929 2050 154 47 PAme
1100 2055 129 43 vient
1254 2045 132 48 d'elle
1407 2046 196 62 meſme,
1633 2061 45 46 &

204 2123 10 5 4
382 2120 8 10 4

208 2121 367 46 de
593 2119 83 51 ſon
686 2108 149 82 fonds;
880 2133 75 49 car
977 2116 93 64 cela
1090 2115 78 64 luy
1187 2131 26 29 a
1236 2112 87 69 eſté
1344 2116 195 64 accordè
1559 2119 124 67 dcla

198 2166 66 44 qui
283 2172 100 21 tamen
406 2168 99 34 motus
