<?xml version="1.0" encoding="UTF-8"?>
<alto xmlns="http://www.loc.gov/standards/alto/ns-v3#" xmlns:xlink="http://www.w3.org/1999/xlink" xmlns:xsi="http://www.w3.org/2001/XMLSchema-instance" xsi:schemaLocation="http://www.loc.gov/standards/alto/ns-v3# http://www.loc.gov/alto/v3/alto-3-0.xsd">
	<Description>
		<MeasurementUnit>pixel</MeasurementUnit>
		<sourceImageInformation>
			<fileName>			</fileName>
		</sourceImageInformation>
		<OCRProcessing ID="OCR_0">
			<ocrProcessingStep>
				<processingSoftware>
					<softwareName>tesseract v4.1.0-elag2019</softwareName>
				</processingSoftware>
			</ocrProcessingStep>
		</OCRProcessing>
	</Description>
	<Layout>
		<Page WIDTH="1776" HEIGHT="2528" PHYSICAL_IMG_NR="0" ID="page_0">
			<PrintSpace HPOS="0" VPOS="0" WIDTH="1776" HEIGHT="2528">
				<TextBlock ID="block_0" HPOS="120" VPOS="100" WIDTH="1242" HEIGHT="2158">
					<TextLine ID="line_0" HPOS="592" VPOS="100" WIDTH="770" HEIGHT="70">
						<String ID="string_0" HPOS="592" VPOS="100" WIDTH="373" HEIGHT="70" WC="0.90" CONTENT="PREFACE."/><SP WIDTH="376" VPOS="100" HPOS="965"/>
						<String ID="string_1" HPOS="1341" VPOS="140" WIDTH="21" HEIGHT="12" WC="0.0" CONTENT="…"/>
					</TextLine>
					<TextLine ID="line_1" HPOS="251" VPOS="170" WIDTH="1101" HEIGHT="73">
						<String ID="string_2" HPOS="251" VPOS="173" WIDTH="50" HEIGHT="52" WC="0.69" CONTENT="Te"/><SP WIDTH="12" VPOS="173" HPOS="301"/>
						<String ID="string_3" HPOS="313" VPOS="178" WIDTH="117" HEIGHT="46" WC="0.93" CONTENT="vous"/><SP WIDTH="15" VPOS="178" HPOS="430"/>
						<String ID="string_4" HPOS="445" VPOS="170" WIDTH="126" HEIGHT="69" WC="0.92" CONTENT="diray"/><SP WIDTH="13" VPOS="170" HPOS="571"/>
						<String ID="string_5" HPOS="584" VPOS="188" WIDTH="288" HEIGHT="51" WC="0.91" CONTENT="pourtanten"/><SP WIDTH="15" VPOS="188" HPOS="872"/>
						<String ID="string_6" HPOS="887" VPOS="191" WIDTH="88" HEIGHT="48" WC="0.90" CONTENT="peu"/><SP WIDTH="10" VPOS="191" HPOS="975"/>
						<String ID="string_7" HPOS="985" VPOS="171" WIDTH="57" HEIGHT="50" WC="0.90" CONTENT="de"/><SP WIDTH="18" VPOS="171" HPOS="1042"/>
						<String ID="string_8" HPOS="1060" VPOS="183" WIDTH="153" HEIGHT="50" WC="0.86" CONTENT="môts,"/><SP WIDTH="25" VPOS="183" HPOS="1213"/>
						<String ID="string_9" HPOS="1238" VPOS="186" WIDTH="114" HEIGHT="57" WC="0.26" CONTENT="que:"/>
					</TextLine>
					<TextLine ID="line_2" HPOS="169" VPOS="239" WIDTH="1162" HEIGHT="70">
						<String ID="string_10" HPOS="169" VPOS="248" WIDTH="110" HEIGHT="44" WC="0.82" CONTENT="ttois"/><SP WIDTH="14" VPOS="248" HPOS="279"/>
						<String ID="string_11" HPOS="293" VPOS="240" WIDTH="156" HEIGHT="50" WC="0.87" CONTENT="chofes"/><SP WIDTH="15" VPOS="240" HPOS="449"/>
						<String ID="string_12" HPOS="464" VPOS="257" WIDTH="200" HEIGHT="52" WC="0.91" CONTENT="peuuent"/><SP WIDTH="14" VPOS="257" HPOS="664"/>
						<String ID="string_13" HPOS="678" VPOS="239" WIDTH="371" HEIGHT="68" WC="0.91" CONTENT="beaucoupaider"/><SP WIDTH="22" VPOS="239" HPOS="1049"/>
						<String ID="string_14" HPOS="1071" VPOS="239" WIDTH="25" HEIGHT="50" WC="0.29" CONTENT="à"/><SP WIDTH="3" VPOS="239" HPOS="1096"/>
						<String ID="string_15" HPOS="1099" VPOS="242" WIDTH="127" HEIGHT="58" WC="0.29" CONTENT="cela,"/><SP WIDTH="16" VPOS="242" HPOS="1226"/>
						<String ID="string_16" HPOS="1242" VPOS="242" WIDTH="89" HEIGHT="50" WC="0.88" CONTENT="lef-"/>
					</TextLine>
					<TextLine ID="line_3" HPOS="203" VPOS="305" WIDTH="1147" HEIGHT="71">
						<String ID="string_17" HPOS="203" VPOS="311" WIDTH="132" HEIGHT="48" WC="0.84" CONTENT="uelles"/><SP WIDTH="13" VPOS="311" HPOS="335"/>
						<String ID="string_18" HPOS="348" VPOS="314" WIDTH="40" HEIGHT="43" WC="0.87" CONTENT="ie"/><SP WIDTH="13" VPOS="314" HPOS="388"/>
						<String ID="string_19" HPOS="401" VPOS="308" WIDTH="304" HEIGHT="50" WC="0.87" CONTENT="fouhaiterois"/><SP WIDTH="13" VPOS="308" HPOS="705"/>
						<String ID="string_20" HPOS="718" VPOS="326" WIDTH="90" HEIGHT="50" WC="0.96" CONTENT="que"/><SP WIDTH="19" VPOS="326" HPOS="808"/>
						<String ID="string_21" HPOS="827" VPOS="309" WIDTH="94" HEIGHT="48" WC="0.82" CONTENT="l’on"/><SP WIDTH="21" VPOS="309" HPOS="921"/>
						<String ID="string_22" HPOS="942" VPOS="309" WIDTH="92" HEIGHT="47" WC="0.86" CONTENT="euft"/><SP WIDTH="14" VPOS="309" HPOS="1034"/>
						<String ID="string_23" HPOS="1048" VPOS="305" WIDTH="302" HEIGHT="56" WC="0.35" CONTENT="faitesauant”"/>
					</TextLine>
					<TextLine ID="line_4" HPOS="168" VPOS="377" WIDTH="1183" HEIGHT="66">
						<String ID="string_24" HPOS="168" VPOS="380" WIDTH="39" HEIGHT="47" WC="0.48" CONTENT="là"/><SP WIDTH="22" VPOS="380" HPOS="207"/>
						<String ID="string_25" HPOS="229" VPOS="379" WIDTH="171" HEIGHT="47" WC="0.83" CONTENT="leure"/><SP WIDTH="20" VPOS="379" HPOS="400"/>
						<String ID="string_26" HPOS="420" VPOS="378" WIDTH="57" HEIGHT="46" WC="0.96" CONTENT="de"/><SP WIDTH="21" VPOS="378" HPOS="477"/>
						<String ID="string_27" HPOS="498" VPOS="396" WIDTH="49" HEIGHT="28" WC="0.90" CONTENT="ce"/><SP WIDTH="15" VPOS="396" HPOS="547"/>
						<String ID="string_28" HPOS="562" VPOS="380" WIDTH="166" HEIGHT="55" WC="0.66" CONTENT="Liure;"/><SP WIDTH="23" VPOS="380" HPOS="728"/>
						<String ID="string_29" HPOS="751" VPOS="379" WIDTH="72" HEIGHT="44" WC="0.96" CONTENT="La"/><SP WIDTH="17" VPOS="379" HPOS="823"/>
						<String ID="string_30" HPOS="840" VPOS="380" WIDTH="222" HEIGHT="63" WC="0.93" CONTENT="premiere"/><SP WIDTH="22" VPOS="380" HPOS="1062"/>
						<String ID="string_31" HPOS="1084" VPOS="377" WIDTH="59" HEIGHT="47" WC="0.91" CONTENT="eft"/><SP WIDTH="27" VPOS="377" HPOS="1143"/>
						<String ID="string_32" HPOS="1170" VPOS="379" WIDTH="59" HEIGHT="48" WC="0.96" CONTENT="de"/><SP WIDTH="21" VPOS="379" HPOS="1229"/>
						<String ID="string_33" HPOS="1250" VPOS="379" WIDTH="101" HEIGHT="49" WC="0.81" CONTENT="lire"/>
					</TextLine>
					<TextLine ID="line_5" HPOS="167" VPOS="444" WIDTH="1183" HEIGHT="51">
						<String ID="string_34" HPOS="167" VPOS="450" WIDTH="361" HEIGHT="45" WC="0.89" CONTENT="attentiuement"/><SP WIDTH="27" VPOS="450" HPOS="528"/>
						<String ID="string_35" HPOS="555" VPOS="445" WIDTH="62" HEIGHT="46" WC="0.92" CONTENT="les"/><SP WIDTH="33" VPOS="445" HPOS="617"/>
						<String ID="string_36" HPOS="650" VPOS="444" WIDTH="309" HEIGHT="48" WC="0.66" CONTENT="Meditations"/><SP WIDTH="32" VPOS="444" HPOS="959"/>
						<String ID="string_37" HPOS="991" VPOS="445" WIDTH="57" HEIGHT="48" WC="0.92" CONTENT="de"/><SP WIDTH="41" VPOS="445" HPOS="1048"/>
						<String ID="string_38" HPOS="1089" VPOS="444" WIDTH="261" HEIGHT="51" WC="0.81" CONTENT="Monfieur"/>
					</TextLine>
					<TextLine ID="line_6" HPOS="166" VPOS="509" WIDTH="1185" HEIGHT="68">
						<String ID="string_39" HPOS="166" VPOS="512" WIDTH="262" HEIGHT="58" WC="0.91" CONTENT="Defcartes,"/><SP WIDTH="16" VPOS="512" HPOS="428"/>
						<String ID="string_40" HPOS="444" VPOS="530" WIDTH="78" HEIGHT="30" WC="0.92" CONTENT="car"/><SP WIDTH="13" VPOS="530" HPOS="522"/>
						<String ID="string_41" HPOS="535" VPOS="511" WIDTH="104" HEIGHT="48" WC="0.92" CONTENT="elles"/><SP WIDTH="17" VPOS="511" HPOS="639"/>
						<String ID="string_42" HPOS="656" VPOS="509" WIDTH="321" HEIGHT="68" WC="0.60" CONTENT="aprendsont"/><SP WIDTH="-43" VPOS="509" HPOS="977"/>
						<String ID="string_43" HPOS="934" VPOS="505" WIDTH="39" HEIGHT="76" WC="0.95" CONTENT="à"/><SP WIDTH="24" VPOS="505" HPOS="973"/>
						<String ID="string_44" HPOS="997" VPOS="509" WIDTH="44" HEIGHT="50" WC="0.93" CONTENT="fe"/><SP WIDTH="21" VPOS="509" HPOS="1041"/>
						<String ID="string_45" HPOS="1062" VPOS="509" WIDTH="170" HEIGHT="52" WC="0.91" CONTENT="defaire"/><SP WIDTH="23" VPOS="509" HPOS="1232"/>
						<String ID="string_46" HPOS="1255" VPOS="515" WIDTH="96" HEIGHT="47" WC="0.95" CONTENT="des:"/>
					</TextLine>
					<TextLine ID="line_7" HPOS="163" VPOS="576" WIDTH="1190" HEIGHT="70">
						<String ID="string_47" HPOS="163" VPOS="581" WIDTH="216" HEIGHT="65" WC="0.82" CONTENT="préugez"/><SP WIDTH="22" VPOS="581" HPOS="379"/>
						<String ID="string_48" HPOS="401" VPOS="581" WIDTH="62" HEIGHT="46" WC="0.82" CONTENT="de"/><SP WIDTH="11" VPOS="581" HPOS="463"/>
						<String ID="string_49" HPOS="474" VPOS="576" WIDTH="254" HEIGHT="70" WC="0.77" CONTENT="l&#39;enfance,"/><SP WIDTH="26" VPOS="576" HPOS="728"/>
						<String ID="string_50" HPOS="754" VPOS="586" WIDTH="48" HEIGHT="38" WC="0.93" CONTENT="&amp;"/><SP WIDTH="18" VPOS="586" HPOS="802"/>
						<String ID="string_51" HPOS="820" VPOS="578" WIDTH="77" HEIGHT="45" WC="0.97" CONTENT="des"/><SP WIDTH="25" VPOS="578" HPOS="897"/>
						<String ID="string_52" HPOS="922" VPOS="578" WIDTH="130" HEIGHT="47" WC="0.88" CONTENT="Idées"/><SP WIDTH="19" VPOS="578" HPOS="1052"/>
						<String ID="string_53" HPOS="1071" VPOS="580" WIDTH="76" HEIGHT="45" WC="0.93" CONTENT="des"/><SP WIDTH="25" VPOS="580" HPOS="1147"/>
						<String ID="string_54" HPOS="1172" VPOS="579" WIDTH="181" HEIGHT="53" WC="0.41" CONTENT="chofes-"/>
					</TextLine>
					<TextLine ID="line_8" HPOS="164" VPOS="641" WIDTH="1191" HEIGHT="57">
						<String ID="string_55" HPOS="164" VPOS="646" WIDTH="213" HEIGHT="47" WC="0.85" CONTENT="fenfibles"/><SP WIDTH="34" VPOS="646" HPOS="377"/>
						<String ID="string_56" HPOS="411" VPOS="664" WIDTH="21" HEIGHT="34" WC="0.91" CONTENT=";"/><SP WIDTH="38" VPOS="664" HPOS="432"/>
						<String ID="string_57" HPOS="470" VPOS="648" WIDTH="79" HEIGHT="44" WC="0.0" CONTENT="Et:"/><SP WIDTH="18" VPOS="648" HPOS="549"/>
						<String ID="string_58" HPOS="567" VPOS="642" WIDTH="19" HEIGHT="49" WC="0.0" CONTENT="à"/><SP WIDTH="17" VPOS="642" HPOS="586"/>
						<String ID="string_59" HPOS="603" VPOS="641" WIDTH="62" HEIGHT="49" WC="0.65" CONTENT="fe"/><SP WIDTH="19" VPOS="641" HPOS="665"/>
						<String ID="string_60" HPOS="684" VPOS="641" WIDTH="175" HEIGHT="50" WC="0.94" CONTENT="former"/><SP WIDTH="31" VPOS="641" HPOS="859"/>
						<String ID="string_61" HPOS="890" VPOS="644" WIDTH="115" HEIGHT="47" WC="0.93" CONTENT="celle"/><SP WIDTH="24" VPOS="644" HPOS="1005"/>
						<String ID="string_62" HPOS="1029" VPOS="646" WIDTH="141" HEIGHT="49" WC="0.62" CONTENT="d’vne"/><SP WIDTH="9" VPOS="646" HPOS="1170"/>
						<String ID="string_63" HPOS="1179" VPOS="637" WIDTH="176" HEIGHT="69" WC="0.71" CONTENT="chofe:"/>
					</TextLine>
					<TextLine ID="line_9" HPOS="160" VPOS="709" WIDTH="1192" HEIGHT="71">
						<String ID="string_64" HPOS="160" VPOS="714" WIDTH="88" HEIGHT="66" WC="0.93" CONTENT="qui"/><SP WIDTH="23" VPOS="714" HPOS="248"/>
						<String ID="string_65" HPOS="271" VPOS="710" WIDTH="188" HEIGHT="60" WC="0.72" CONTENT="Penfe,"/><SP WIDTH="28" VPOS="710" HPOS="459"/>
						<String ID="string_66" HPOS="487" VPOS="727" WIDTH="93" HEIGHT="52" WC="0.96" CONTENT="que"/><SP WIDTH="23" VPOS="727" HPOS="580"/>
						<String ID="string_67" HPOS="603" VPOS="711" WIDTH="96" HEIGHT="48" WC="0.69" CONTENT="l&#39;on"/><SP WIDTH="19" VPOS="711" HPOS="699"/>
						<String ID="string_68" HPOS="718" VPOS="711" WIDTH="311" HEIGHT="48" WC="0.83" CONTENT="reconnoiftra"/><SP WIDTH="31" VPOS="711" HPOS="1029"/>
						<String ID="string_69" HPOS="1060" VPOS="709" WIDTH="292" HEIGHT="55" WC="0.64" CONTENT="facilement:"/>
					</TextLine>
					<TextLine ID="line_10" HPOS="166" VPOS="776" WIDTH="1186" HEIGHT="65">
						<String ID="string_70" HPOS="166" VPOS="781" WIDTH="111" HEIGHT="60" WC="0.88" CONTENT="eftre"/><SP WIDTH="13" VPOS="781" HPOS="277"/>
						<String ID="string_71" HPOS="290" VPOS="779" WIDTH="243" HEIGHT="57" WC="0.95" CONTENT="differente"/><SP WIDTH="11" VPOS="779" HPOS="533"/>
						<String ID="string_72" HPOS="544" VPOS="780" WIDTH="57" HEIGHT="47" WC="0.81" CONTENT="de"/><SP WIDTH="12" VPOS="780" HPOS="601"/>
						<String ID="string_73" HPOS="613" VPOS="776" WIDTH="138" HEIGHT="50" WC="0.56" CONTENT="l&#39;Idée"/><SP WIDTH="13" VPOS="776" HPOS="751"/>
						<String ID="string_74" HPOS="764" VPOS="779" WIDTH="137" HEIGHT="47" WC="0.40" CONTENT="d’vne"/><SP WIDTH="22" VPOS="779" HPOS="901"/>
						<String ID="string_75" HPOS="923" VPOS="776" WIDTH="137" HEIGHT="50" WC="0.91" CONTENT="chofe"/><SP WIDTH="26" VPOS="776" HPOS="1060"/>
						<String ID="string_76" HPOS="1086" VPOS="781" WIDTH="266" HEIGHT="54" WC="0.72" CONTENT="Eftenduë;"/>
					</TextLine>
					<TextLine ID="line_11" HPOS="164" VPOS="846" WIDTH="1185" HEIGHT="68">
						<String ID="string_77" HPOS="164" VPOS="847" WIDTH="112" HEIGHT="49" WC="0.89" CONTENT="d&#39;où"/><SP WIDTH="20" VPOS="847" HPOS="276"/>
						<String ID="string_78" HPOS="296" VPOS="849" WIDTH="32" HEIGHT="46" WC="0.96" CONTENT="il"/><SP WIDTH="29" VPOS="849" HPOS="328"/>
						<String ID="string_79" HPOS="357" VPOS="846" WIDTH="90" HEIGHT="49" WC="0.92" CONTENT="fuit"/><SP WIDTH="19" VPOS="846" HPOS="447"/>
						<String ID="string_80" HPOS="466" VPOS="846" WIDTH="379" HEIGHT="49" WC="0.77" CONTENT="neceffairement"/><SP WIDTH="20" VPOS="846" HPOS="845"/>
						<String ID="string_81" HPOS="865" VPOS="882" WIDTH="23" HEIGHT="21" WC="0.67" CONTENT=","/><SP WIDTH="12" VPOS="882" HPOS="888"/>
						<String ID="string_82" HPOS="900" VPOS="865" WIDTH="213" HEIGHT="30" WC="0.0" CONTENT="comme."/><SP WIDTH="-5" VPOS="865" HPOS="1113"/>
						<String ID="string_83" HPOS="1108" VPOS="839" WIDTH="63" HEIGHT="79" WC="0.63" CONTENT="ie"/><SP WIDTH="2" VPOS="839" HPOS="1171"/>
						<String ID="string_84" HPOS="1173" VPOS="846" WIDTH="160" HEIGHT="68" WC="0.76" CONTENT="feray"/>
					</TextLine>
					<TextLine ID="line_12" HPOS="164" VPOS="910" WIDTH="1169" HEIGHT="73">
						<String ID="string_85" HPOS="164" VPOS="920" WIDTH="128" HEIGHT="53" WC="0.96" CONTENT="voir,"/><SP WIDTH="14" VPOS="920" HPOS="292"/>
						<String ID="string_86" HPOS="306" VPOS="933" WIDTH="94" HEIGHT="50" WC="0.96" CONTENT="que"/><SP WIDTH="13" VPOS="933" HPOS="400"/>
						<String ID="string_87" HPOS="413" VPOS="934" WIDTH="69" HEIGHT="29" WC="0.96" CONTENT="ces"/><SP WIDTH="11" VPOS="934" HPOS="482"/>
						<String ID="string_88" HPOS="493" VPOS="915" WIDTH="123" HEIGHT="48" WC="0.93" CONTENT="deux"/><SP WIDTH="14" VPOS="915" HPOS="616"/>
						<String ID="string_89" HPOS="630" VPOS="911" WIDTH="156" HEIGHT="51" WC="0.92" CONTENT="chofes"/><SP WIDTH="11" VPOS="911" HPOS="786"/>
						<String ID="string_90" HPOS="797" VPOS="910" WIDTH="106" HEIGHT="51" WC="0.96" CONTENT="font"/><SP WIDTH="17" VPOS="910" HPOS="903"/>
						<String ID="string_91" HPOS="920" VPOS="911" WIDTH="276" HEIGHT="53" WC="0.28" CONTENT="differentes."/>
					</TextLine>
					<TextLine ID="line_13" HPOS="257" VPOS="981" WIDTH="1098" HEIGHT="63">
						<String ID="string_92" HPOS="257" VPOS="988" WIDTH="66" HEIGHT="42" WC="0.85" CONTENT="La"/><SP WIDTH="14" VPOS="988" HPOS="323"/>
						<String ID="string_93" HPOS="337" VPOS="982" WIDTH="220" HEIGHT="53" WC="0.85" CONTENT="feconde,"/><SP WIDTH="28" VPOS="982" HPOS="557"/>
						<String ID="string_94" HPOS="585" VPOS="982" WIDTH="63" HEIGHT="47" WC="0.40" CONTENT="eft"/><SP WIDTH="13" VPOS="982" HPOS="648"/>
						<String ID="string_95" HPOS="661" VPOS="981" WIDTH="197" HEIGHT="51" WC="0.87" CONTENT="delirele"/><SP WIDTH="12" VPOS="981" HPOS="858"/>
						<String ID="string_96" HPOS="870" VPOS="984" WIDTH="136" HEIGHT="46" WC="0.87" CONTENT="Liure"/><SP WIDTH="20" VPOS="984" HPOS="1006"/>
						<String ID="string_97" HPOS="1026" VPOS="981" WIDTH="47" HEIGHT="46" WC="0.93" CONTENT="de"/><SP WIDTH="19" VPOS="981" HPOS="1073"/>
						<String ID="string_98" HPOS="1092" VPOS="983" WIDTH="24" HEIGHT="45" WC="0.67" CONTENT="l"/><SP WIDTH="6" VPOS="983" HPOS="1116"/>
						<String ID="string_99" HPOS="1122" VPOS="982" WIDTH="233" HEIGHT="62" WC="0.41" CONTENT="&#39;Homme:."/>
					</TextLine>
					<TextLine ID="line_14" HPOS="163" VPOS="1046" WIDTH="1166" HEIGHT="69">
						<String ID="string_100" HPOS="163" VPOS="1049" WIDTH="336" HEIGHT="50" WC="0.69" CONTENT="Carcommieil"/><SP WIDTH="13" VPOS="1049" HPOS="499"/>
						<String ID="string_101" HPOS="512" VPOS="1046" WIDTH="88" HEIGHT="50" WC="0.63" CONTENT="fait"/><SP WIDTH="4" VPOS="1046" HPOS="600"/>
						<String ID="string_102" HPOS="604" VPOS="1053" WIDTH="108" HEIGHT="44" WC="0.63" CONTENT="voir"/><SP WIDTH="23" VPOS="1053" HPOS="712"/>
						<String ID="string_103" HPOS="735" VPOS="1048" WIDTH="117" HEIGHT="67" WC="0.75" CONTENT="qu&#39;il"/><SP WIDTH="20" VPOS="1048" HPOS="852"/>
						<String ID="string_104" HPOS="872" VPOS="1050" WIDTH="75" HEIGHT="65" WC="0.90" CONTENT="n&#39;y"/><SP WIDTH="21" VPOS="1050" HPOS="947"/>
						<String ID="string_105" HPOS="968" VPOS="1068" WIDTH="24" HEIGHT="28" WC="0.83" CONTENT="a"/><SP WIDTH="20" VPOS="1068" HPOS="992"/>
						<String ID="string_106" HPOS="1012" VPOS="1067" WIDTH="153" HEIGHT="31" WC="0.92" CONTENT="aucun"/><SP WIDTH="20" VPOS="1067" HPOS="1165"/>
						<String ID="string_107" HPOS="1185" VPOS="1068" WIDTH="144" HEIGHT="31" WC="0.91" CONTENT="mou-"/>
					</TextLine>
					<TextLine ID="line_15" HPOS="162" VPOS="1114" WIDTH="1190" HEIGHT="69">
						<String ID="string_108" HPOS="162" VPOS="1134" WIDTH="191" HEIGHT="32" WC="0.92" CONTENT="uement"/><SP WIDTH="31" VPOS="1134" HPOS="353"/>
						<String ID="string_109" HPOS="384" VPOS="1124" WIDTH="13" HEIGHT="47" WC="0.92" CONTENT="("/><SP WIDTH="25" VPOS="1124" HPOS="397"/>
						<String ID="string_110" HPOS="422" VPOS="1116" WIDTH="25" HEIGHT="48" WC="0.96" CONTENT="à"/><SP WIDTH="18" VPOS="1116" HPOS="447"/>
						<String ID="string_111" HPOS="465" VPOS="1116" WIDTH="47" HEIGHT="47" WC="0.84" CONTENT="la"/><SP WIDTH="19" VPOS="1116" HPOS="512"/>
						<String ID="string_112" HPOS="531" VPOS="1114" WIDTH="177" HEIGHT="49" WC="0.90" CONTENT="referue"/><SP WIDTH="18" VPOS="1114" HPOS="708"/>
						<String ID="string_113" HPOS="726" VPOS="1118" WIDTH="56" HEIGHT="47" WC="0.96" CONTENT="de"/><SP WIDTH="23" VPOS="1118" HPOS="782"/>
						<String ID="string_114" HPOS="805" VPOS="1110" WIDTH="104" HEIGHT="77" WC="0.93" CONTENT="ceux"/><SP WIDTH="19" VPOS="1110" HPOS="909"/>
						<String ID="string_115" HPOS="928" VPOS="1110" WIDTH="119" HEIGHT="77" WC="0.29" CONTENT="qui!"/><SP WIDTH="16" VPOS="1110" HPOS="1047"/>
						<String ID="string_116" HPOS="1063" VPOS="1116" WIDTH="289" HEIGHT="67" WC="0.7" CONTENT="dépendent"/>
					</TextLine>
					<TextLine ID="line_16" HPOS="160" VPOS="1181" WIDTH="1191" HEIGHT="69">
						<String ID="string_117" HPOS="160" VPOS="1184" WIDTH="57" HEIGHT="47" WC="0.96" CONTENT="de"/><SP WIDTH="21" VPOS="1184" HPOS="217"/>
						<String ID="string_118" HPOS="238" VPOS="1184" WIDTH="40" HEIGHT="48" WC="0.93" CONTENT="la"/><SP WIDTH="34" VPOS="1184" HPOS="278"/>
						<String ID="string_119" HPOS="312" VPOS="1181" WIDTH="189" HEIGHT="69" WC="0.92" CONTENT="penfée)"/><SP WIDTH="20" VPOS="1181" HPOS="501"/>
						<String ID="string_120" HPOS="521" VPOS="1187" WIDTH="105" HEIGHT="62" WC="0.93" CONTENT="qui"/><SP WIDTH="28" VPOS="1187" HPOS="626"/>
						<String ID="string_121" HPOS="654" VPOS="1181" WIDTH="138" HEIGHT="48" WC="0.45" CONTENT="ne:fe"/><SP WIDTH="29" VPOS="1181" HPOS="792"/>
						<String ID="string_122" HPOS="821" VPOS="1182" WIDTH="99" HEIGHT="65" WC="0.87" CONTENT="puft"/><SP WIDTH="-4" VPOS="1182" HPOS="920"/>
						<String ID="string_123" HPOS="916" VPOS="1176" WIDTH="145" HEIGHT="78" WC="0.93" CONTENT="faire"/><SP WIDTH="17" VPOS="1176" HPOS="1061"/>
						<String ID="string_124" HPOS="1078" VPOS="1185" WIDTH="248" HEIGHT="58" WC="0.66" CONTENT="dansivne"/>
					</TextLine>
					<TextLine ID="line_17" HPOS="158" VPOS="1244" WIDTH="1168" HEIGHT="73">
						<String ID="string_125" HPOS="158" VPOS="1252" WIDTH="219" HEIGHT="47" WC="0.96" CONTENT="machine"/><SP WIDTH="22" VPOS="1252" HPOS="377"/>
						<String ID="string_126" HPOS="399" VPOS="1250" WIDTH="83" HEIGHT="67" WC="0.93" CONTENT="qui"/><SP WIDTH="2" VPOS="1250" HPOS="482"/>
						<String ID="string_127" HPOS="484" VPOS="1240" WIDTH="219" HEIGHT="81" WC="0.90" CONTENT="n’auroit"/><SP WIDTH="12" VPOS="1240" HPOS="703"/>
						<String ID="string_128" HPOS="715" VPOS="1240" WIDTH="147" HEIGHT="81" WC="0.94" CONTENT="point"/><SP WIDTH="18" VPOS="1240" HPOS="862"/>
						<String ID="string_129" HPOS="880" VPOS="1249" WIDTH="57" HEIGHT="48" WC="0.93" CONTENT="de"/><SP WIDTH="32" VPOS="1249" HPOS="937"/>
						<String ID="string_130" HPOS="969" VPOS="1244" WIDTH="357" HEIGHT="67" WC="0.40" CONTENT="connoiffance,"/>
					</TextLine>
					<TextLine ID="line_18" HPOS="159" VPOS="1316" WIDTH="1193" HEIGHT="70">
						<String ID="string_131" HPOS="159" VPOS="1317" WIDTH="35" HEIGHT="49" WC="0.91" CONTENT="il"/><SP WIDTH="17" VPOS="1317" HPOS="194"/>
						<String ID="string_132" HPOS="211" VPOS="1319" WIDTH="171" HEIGHT="66" WC="0.91" CONTENT="aprend"/><SP WIDTH="21" VPOS="1319" HPOS="382"/>
						<String ID="string_133" HPOS="403" VPOS="1321" WIDTH="57" HEIGHT="45" WC="0.93" CONTENT="en"/><SP WIDTH="31" VPOS="1321" HPOS="460"/>
						<String ID="string_134" HPOS="491" VPOS="1316" WIDTH="176" HEIGHT="49" WC="0.92" CONTENT="mefme"/><SP WIDTH="31" VPOS="1316" HPOS="667"/>
						<String ID="string_135" HPOS="698" VPOS="1333" WIDTH="157" HEIGHT="51" WC="0.95" CONTENT="temps"/><SP WIDTH="27" VPOS="1333" HPOS="855"/>
						<String ID="string_136" HPOS="882" VPOS="1334" WIDTH="92" HEIGHT="49" WC="0.96" CONTENT="que"/><SP WIDTH="36" VPOS="1334" HPOS="974"/>
						<String ID="string_137" HPOS="1010" VPOS="1332" WIDTH="116" HEIGHT="34" WC="0.92" CONTENT="cette"/><SP WIDTH="20" VPOS="1332" HPOS="1126"/>
						<String ID="string_138" HPOS="1146" VPOS="1319" WIDTH="206" HEIGHT="67" WC="0.47" CONTENT="penféc”"/>
					</TextLine>
					<TextLine ID="line_19" HPOS="159" VPOS="1382" WIDTH="1163" HEIGHT="74">
						<String ID="string_139" HPOS="159" VPOS="1385" WIDTH="102" HEIGHT="48" WC="0.93" CONTENT="doit"/><SP WIDTH="22" VPOS="1385" HPOS="261"/>
						<String ID="string_140" HPOS="283" VPOS="1386" WIDTH="109" HEIGHT="47" WC="0.91" CONTENT="eftre"/><SP WIDTH="20" VPOS="1386" HPOS="392"/>
						<String ID="string_141" HPOS="412" VPOS="1385" WIDTH="207" HEIGHT="67" WC="0.93" CONTENT="quelque"/><SP WIDTH="25" VPOS="1385" HPOS="619"/>
						<String ID="string_142" HPOS="644" VPOS="1382" WIDTH="137" HEIGHT="51" WC="0.92" CONTENT="chofe"/><SP WIDTH="22" VPOS="1382" HPOS="781"/>
						<String ID="string_143" HPOS="803" VPOS="1386" WIDTH="58" HEIGHT="47" WC="0.96" CONTENT="de"/><SP WIDTH="19" VPOS="1386" HPOS="861"/>
						<String ID="string_144" HPOS="880" VPOS="1384" WIDTH="109" HEIGHT="48" WC="0.96" CONTENT="bien"/><SP WIDTH="20" VPOS="1384" HPOS="989"/>
						<String ID="string_145" HPOS="1009" VPOS="1386" WIDTH="214" HEIGHT="70" WC="0.82" CONTENT="différent"/><SP WIDTH="19" VPOS="1386" HPOS="1223"/>
						<String ID="string_146" HPOS="1242" VPOS="1388" WIDTH="80" HEIGHT="47" WC="0.96" CONTENT="des"/>
					</TextLine>
					<TextLine ID="line_20" HPOS="158" VPOS="1449" WIDTH="1188" HEIGHT="71">
						<String ID="string_147" HPOS="158" VPOS="1454" WIDTH="201" HEIGHT="65" WC="0.91" CONTENT="qualitez"/><SP WIDTH="14" VPOS="1454" HPOS="359"/>
						<String ID="string_148" HPOS="373" VPOS="1455" WIDTH="66" HEIGHT="48" WC="0.96" CONTENT="de"/><SP WIDTH="26" VPOS="1455" HPOS="439"/>
						<String ID="string_149" HPOS="465" VPOS="1453" WIDTH="52" HEIGHT="47" WC="0.95" CONTENT="la"/><SP WIDTH="7" VPOS="1453" HPOS="517"/>
						<String ID="string_150" HPOS="524" VPOS="1453" WIDTH="224" HEIGHT="57" WC="0.93" CONTENT="matiere,"/><SP WIDTH="37" VPOS="1453" HPOS="748"/>
						<String ID="string_151" HPOS="785" VPOS="1461" WIDTH="43" HEIGHT="39" WC="0.93" CONTENT="&amp;"/><SP WIDTH="24" VPOS="1461" HPOS="828"/>
						<String ID="string_152" HPOS="852" VPOS="1449" WIDTH="115" HEIGHT="70" WC="0.91" CONTENT="qu&#39;il"/><SP WIDTH="28" VPOS="1449" HPOS="967"/>
						<String ID="string_153" HPOS="995" VPOS="1455" WIDTH="74" HEIGHT="63" WC="0.86" CONTENT="n&#39;y"/><SP WIDTH="29" VPOS="1455" HPOS="1069"/>
						<String ID="string_154" HPOS="1098" VPOS="1455" WIDTH="35" HEIGHT="47" WC="0.85" CONTENT="a"/><SP WIDTH="11" VPOS="1455" HPOS="1133"/>
						<String ID="string_155" HPOS="1144" VPOS="1455" WIDTH="202" HEIGHT="65" WC="0.52" CONTENT="qu&#39;elle:"/>
					</TextLine>
					<TextLine ID="line_21" HPOS="157" VPOS="1517" WIDTH="1167" HEIGHT="70">
						<String ID="string_156" HPOS="157" VPOS="1521" WIDTH="360" HEIGHT="63" WC="0.90" CONTENT="quiapartiénne"/><SP WIDTH="10" VPOS="1521" HPOS="517"/>
						<String ID="string_157" HPOS="527" VPOS="1537" WIDTH="300" HEIGHT="49" WC="0.94" CONTENT="proprement"/><SP WIDTH="11" VPOS="1537" HPOS="827"/>
						<String ID="string_158" HPOS="838" VPOS="1517" WIDTH="24" HEIGHT="51" WC="0.89" CONTENT="à"/><SP WIDTH="12" VPOS="1517" HPOS="862"/>
						<String ID="string_159" HPOS="874" VPOS="1519" WIDTH="450" HEIGHT="68" WC="0.47" CONTENT="l&#39;Efpritdel’Hom-"/>
					</TextLine>
					<TextLine ID="line_22" HPOS="155" VPOS="1585" WIDTH="1191" HEIGHT="68">
						<String ID="string_160" HPOS="155" VPOS="1601" WIDTH="99" HEIGHT="34" WC="0.93" CONTENT="me;"/><SP WIDTH="22" VPOS="1601" HPOS="254"/>
						<String ID="string_161" HPOS="276" VPOS="1579" WIDTH="187" HEIGHT="78" WC="0.91" CONTENT="puifque"/><SP WIDTH="14" VPOS="1579" HPOS="463"/>
						<String ID="string_162" HPOS="477" VPOS="1603" WIDTH="110" HEIGHT="31" WC="0.96" CONTENT="tout"/><SP WIDTH="28" VPOS="1603" HPOS="587"/>
						<String ID="string_163" HPOS="615" VPOS="1588" WIDTH="40" HEIGHT="46" WC="0.64" CONTENT="le"/><SP WIDTH="21" VPOS="1588" HPOS="655"/>
						<String ID="string_164" HPOS="676" VPOS="1587" WIDTH="110" HEIGHT="48" WC="0.80" CONTENT="relte"/><SP WIDTH="21" VPOS="1587" HPOS="786"/>
						<String ID="string_165" HPOS="807" VPOS="1585" WIDTH="43" HEIGHT="50" WC="0.72" CONTENT="fe"/><SP WIDTH="19" VPOS="1585" HPOS="850"/>
						<String ID="string_166" HPOS="869" VPOS="1592" WIDTH="189" HEIGHT="61" WC="0.90" CONTENT="pouroit"/><SP WIDTH="28" VPOS="1592" HPOS="1058"/>
						<String ID="string_167" HPOS="1086" VPOS="1585" WIDTH="110" HEIGHT="50" WC="0.96" CONTENT="faire"/><SP WIDTH="22" VPOS="1585" HPOS="1196"/>
						<String ID="string_168" HPOS="1218" VPOS="1587" WIDTH="128" HEIGHT="51" WC="0.64" CONTENT="fans:"/>
					</TextLine>
					<TextLine ID="line_23" HPOS="120" VPOS="1651" WIDTH="1227" HEIGHT="68">
						<String ID="string_169" HPOS="120" VPOS="1699" WIDTH="7" HEIGHT="7" WC="0.88" CONTENT="."/><SP WIDTH="29" VPOS="1699" HPOS="127"/>
						<String ID="string_170" HPOS="156" VPOS="1651" WIDTH="80" HEIGHT="66" WC="0.21" CONTENT="Juy"/><SP WIDTH="20" VPOS="1651" HPOS="236"/>
						<String ID="string_171" HPOS="256" VPOS="1668" WIDTH="22" HEIGHT="35" WC="0.73" CONTENT=";"/><SP WIDTH="20" VPOS="1668" HPOS="278"/>
						<String ID="string_172" HPOS="298" VPOS="1653" WIDTH="60" HEIGHT="43" WC="0.91" CONTENT="Et"/><SP WIDTH="20" VPOS="1653" HPOS="358"/>
						<String ID="string_173" HPOS="378" VPOS="1667" WIDTH="188" HEIGHT="49" WC="0.79" CONTENT="partant"/><SP WIDTH="15" VPOS="1667" HPOS="566"/>
						<String ID="string_174" HPOS="581" VPOS="1655" WIDTH="114" HEIGHT="64" WC="0.83" CONTENT="qu’il"/><SP WIDTH="23" VPOS="1655" HPOS="695"/>
						<String ID="string_175" HPOS="718" VPOS="1654" WIDTH="58" HEIGHT="47" WC="0.54" CONTENT="ft"/><SP WIDTH="20" VPOS="1654" HPOS="776"/>
						<String ID="string_176" HPOS="796" VPOS="1653" WIDTH="253" HEIGHT="50" WC="0.89" CONTENT="feulement"/><SP WIDTH="22" VPOS="1653" HPOS="1049"/>
						<String ID="string_177" HPOS="1071" VPOS="1662" WIDTH="95" HEIGHT="44" WC="0.0" CONTENT="ve"/><SP WIDTH="19" VPOS="1662" HPOS="1166"/>
						<String ID="string_178" HPOS="1185" VPOS="1653" WIDTH="138" HEIGHT="66" WC="0.90" CONTENT="chofe"/>
					</TextLine>
					<TextLine ID="line_24" HPOS="156" VPOS="1715" WIDTH="1120" HEIGHT="71">
						<String ID="string_179" HPOS="156" VPOS="1715" WIDTH="289" HEIGHT="71" WC="0.63" CONTENT="quiPenfes"/><SP WIDTH="104" VPOS="1715" HPOS="445"/>
						<String ID="string_180" HPOS="549" VPOS="1736" WIDTH="15" HEIGHT="43" WC="0.4" CONTENT="0"/><SP WIDTH="61" VPOS="1736" HPOS="564"/>
						<String ID="string_181" HPOS="625" VPOS="1744" WIDTH="32" HEIGHT="18" WC="0.28" CONTENT="à"/><SP WIDTH="91" VPOS="1744" HPOS="657"/>
						<String ID="string_182" HPOS="748" VPOS="1722" WIDTH="134" HEIGHT="62" WC="0.27" CONTENT="da"/><SP WIDTH="27" VPOS="1722" HPOS="882"/>
						<String ID="string_183" HPOS="909" VPOS="1722" WIDTH="208" HEIGHT="61" WC="0.0" CONTENT="ue"/><SP WIDTH="62" VPOS="1722" HPOS="1117"/>
						<String ID="string_184" HPOS="1179" VPOS="1744" WIDTH="8" HEIGHT="16" WC="0.33" CONTENT="er"/>
					</TextLine>
					<TextLine ID="line_25" HPOS="249" VPOS="1781" WIDTH="1101" HEIGHT="61">
						<String ID="string_185" HPOS="249" VPOS="1791" WIDTH="68" HEIGHT="45" WC="0.93" CONTENT="La"/><SP WIDTH="37" VPOS="1791" HPOS="317"/>
						<String ID="string_186" HPOS="354" VPOS="1782" WIDTH="253" HEIGHT="53" WC="0.52" CONTENT="troiliefmé"/><SP WIDTH="19" VPOS="1782" HPOS="607"/>
						<String ID="string_187" HPOS="626" VPOS="1790" WIDTH="27" HEIGHT="52" WC="0.74" CONTENT="ÿ"/><SP WIDTH="28" VPOS="1790" HPOS="653"/>
						<String ID="string_188" HPOS="681" VPOS="1782" WIDTH="90" HEIGHT="50" WC="0.15" CONTENT="ft"/><SP WIDTH="28" VPOS="1782" HPOS="771"/>
						<String ID="string_189" HPOS="799" VPOS="1784" WIDTH="238" HEIGHT="48" WC="0.86" CONTENT="néceffaire"/><SP WIDTH="31" VPOS="1784" HPOS="1037"/>
						<String ID="string_190" HPOS="1068" VPOS="1781" WIDTH="282" HEIGHT="54" WC="0.92" CONTENT="feulement"/>
					</TextLine>
					<TextLine ID="line_26" HPOS="156" VPOS="1851" WIDTH="1183" HEIGHT="72">
						<String ID="string_191" HPOS="156" VPOS="1868" WIDTH="118" HEIGHT="51" WC="0.95" CONTENT="pour"/><SP WIDTH="28" VPOS="1868" HPOS="274"/>
						<String ID="string_192" HPOS="302" VPOS="1871" WIDTH="113" HEIGHT="32" WC="0.95" CONTENT="ceux"/><SP WIDTH="29" VPOS="1871" HPOS="415"/>
						<String ID="string_193" HPOS="444" VPOS="1858" WIDTH="82" HEIGHT="65" WC="0.93" CONTENT="qui"/><SP WIDTH="29" VPOS="1858" HPOS="526"/>
						<String ID="string_194" HPOS="555" VPOS="1852" WIDTH="194" HEIGHT="68" WC="0.39" CONTENT="n&#39;eftant"/><SP WIDTH="25" VPOS="1852" HPOS="749"/>
						<String ID="string_195" HPOS="774" VPOS="1872" WIDTH="78" HEIGHT="50" WC="0.93" CONTENT="pas"/><SP WIDTH="31" VPOS="1872" HPOS="852"/>
						<String ID="string_196" HPOS="883" VPOS="1851" WIDTH="320" HEIGHT="52" WC="0.91" CONTENT="accouftumez"/><SP WIDTH="31" VPOS="1851" HPOS="1203"/>
						<String ID="string_197" HPOS="1234" VPOS="1870" WIDTH="105" HEIGHT="36" WC="0.95" CONTENT="aux"/>
					</TextLine>
					<TextLine ID="line_27" HPOS="157" VPOS="1920" WIDTH="1192" HEIGHT="69">
						<String ID="string_198" HPOS="157" VPOS="1921" WIDTH="302" HEIGHT="51" WC="0.17" CONTENT="abftrations"/><SP WIDTH="24" VPOS="1921" HPOS="459"/>
						<String ID="string_199" HPOS="483" VPOS="1920" WIDTH="532" HEIGHT="69" WC="0.64" CONTENT="Methaphyfiques:,.ne"/><SP WIDTH="19" VPOS="1920" HPOS="1015"/>
						<String ID="string_200" HPOS="1034" VPOS="1935" WIDTH="207" HEIGHT="54" WC="0.81" CONTENT="peuuent"/><SP WIDTH="17" VPOS="1935" HPOS="1241"/>
						<String ID="string_201" HPOS="1258" VPOS="1938" WIDTH="91" HEIGHT="34" WC="0.66" CONTENT="ou:"/>
					</TextLine>
					<TextLine ID="line_28" HPOS="161" VPOS="1983" WIDTH="1189" HEIGHT="78">
						<String ID="string_202" HPOS="161" VPOS="1992" WIDTH="21" HEIGHT="53" WC="0.80" CONTENT="{"/><SP WIDTH="30" VPOS="1992" HPOS="182"/>
						<String ID="string_203" HPOS="212" VPOS="1990" WIDTH="343" HEIGHT="65" WC="0.89" CONTENT="commeilya"/><SP WIDTH="-5" VPOS="1990" HPOS="555"/>
						<String ID="string_204" HPOS="550" VPOS="1983" WIDTH="128" HEIGHT="78" WC="0.97" CONTENT="plus"/><SP WIDTH="28" VPOS="1983" HPOS="678"/>
						<String ID="string_205" HPOS="706" VPOS="1990" WIDTH="273" HEIGHT="65" WC="0.81" CONTENT="d&#39;aparence"/><SP WIDTH="16" VPOS="1990" HPOS="979"/>
						<String ID="string_206" HPOS="995" VPOS="2000" WIDTH="19" HEIGHT="47" WC="0.65" CONTENT="}"/><SP WIDTH="14" VPOS="2000" HPOS="1014"/>
						<String ID="string_207" HPOS="1028" VPOS="1991" WIDTH="208" HEIGHT="60" WC="0.23" CONTENT=".croyent"/><SP WIDTH="24" VPOS="1991" HPOS="1236"/>
						<String ID="string_208" HPOS="1260" VPOS="2007" WIDTH="64" HEIGHT="33" WC="0.65" CONTENT="ne"/>
					</TextLine>
					<TextLine ID="line_29" HPOS="157" VPOS="2052" WIDTH="1165" HEIGHT="73">
						<String ID="string_209" HPOS="157" VPOS="2048" WIDTH="201" HEIGHT="81" WC="0.85" CONTENT="pouuoir"/><SP WIDTH="8" VPOS="2048" HPOS="358"/>
						<String ID="string_210" HPOS="366" VPOS="2058" WIDTH="120" HEIGHT="50" WC="0.93" CONTENT="rien"/><SP WIDTH="19" VPOS="2058" HPOS="486"/>
						<String ID="string_211" HPOS="505" VPOS="2048" WIDTH="242" HEIGHT="81" WC="0.89" CONTENT="conceuoir"/><SP WIDTH="17" VPOS="2048" HPOS="747"/>
						<String ID="string_212" HPOS="764" VPOS="2048" WIDTH="93" HEIGHT="81" WC="0.96" CONTENT="qui"/><SP WIDTH="27" VPOS="2048" HPOS="857"/>
						<String ID="string_213" HPOS="884" VPOS="2074" WIDTH="60" HEIGHT="31" WC="0.93" CONTENT="ne"/><SP WIDTH="30" VPOS="2074" HPOS="944"/>
						<String ID="string_214" HPOS="974" VPOS="2052" WIDTH="88" HEIGHT="52" WC="0.92" CONTENT="foit"/><SP WIDTH="31" VPOS="2052" HPOS="1062"/>
						<String ID="string_215" HPOS="1093" VPOS="2055" WIDTH="229" HEIGHT="53" WC="0.0" CONTENT="Eftendu."/>
					</TextLine>
					<TextLine ID="line_30" HPOS="156" VPOS="2120" WIDTH="1192" HEIGHT="86">
						<String ID="string_216" HPOS="156" VPOS="2124" WIDTH="43" HEIGHT="63" WC="0.66" CONTENT="Le"/><SP WIDTH="16" VPOS="2124" HPOS="199"/>
						<String ID="string_217" HPOS="215" VPOS="2123" WIDTH="465" HEIGHT="71" WC="0.78" CONTENT="permets"/><SP WIDTH="-254" VPOS="2123" HPOS="680"/>
						<String ID="string_218" HPOS="426" VPOS="2116" WIDTH="48" HEIGHT="94" WC="0.95" CONTENT="à"/><SP WIDTH="-1" VPOS="2116" HPOS="474"/>
						<String ID="string_219" HPOS="473" VPOS="2123" WIDTH="204" HEIGHT="71" WC="0.87" CONTENT="ceux-là"/><SP WIDTH="24" VPOS="2123" HPOS="677"/>
						<String ID="string_220" HPOS="701" VPOS="2125" WIDTH="57" HEIGHT="63" WC="0.92" CONTENT="de"/><SP WIDTH="19" VPOS="2125" HPOS="758"/>
						<String ID="string_221" HPOS="777" VPOS="2116" WIDTH="250" HEIGHT="94" WC="0.83" CONTENT="conceuoir"/><SP WIDTH="10" VPOS="2116" HPOS="1027"/>
						<String ID="string_222" HPOS="1037" VPOS="2116" WIDTH="194" HEIGHT="94" WC="0.88" CONTENT="l&#39;Efprit"/><SP WIDTH="31" VPOS="2116" HPOS="1231"/>
						<String ID="string_223" HPOS="1262" VPOS="2127" WIDTH="86" HEIGHT="58" WC="0.64" CONTENT="de:"/>
					</TextLine>
					<TextLine ID="line_31" HPOS="979" VPOS="2209" WIDTH="164" HEIGHT="49">
						<String ID="string_224" HPOS="979" VPOS="2210" WIDTH="67" HEIGHT="48" WC="0.21" CONTENT="€"/><SP WIDTH="39" VPOS="2210" HPOS="1046"/>
						<String ID="string_225" HPOS="1085" VPOS="2209" WIDTH="40" HEIGHT="49" WC="0.71" CONTENT="1}."/>
					</TextLine>
				</TextBlock>
			</PrintSpace>
		</Page>
	</Layout>
</alto>
