1776 2528
541 100 386 49 PREVACT.

99 163 143 52 ſerue
259 163 95 52 ſon
375 164 154 61 vnitè,
560 166 288 50 nonobſtant
874 185 92 51 que
997 164 62 51 ſes
1076 168 213 66 propric-

1304 207 101 35 uerſæ,
1421 207 49 30 ſed
1477 209 117 31 efſentia

106 249 85 32 tesg
215 232 151 50 ſoient
396 232 211 51 diuerſes.
640 240 157 44 Toute
828 235 206 49 Veſſence
1054 235 57 46 de
1141 235 151 49 Amec

1338 286 81 27 Tota
1428 293 106 20 animæ
1543 285 46 29 eſ-

99 299 161 50 reſide
287 301 113 49 dans
423 320 73 29 ces
509 301 227 59 faculte,
762 300 238 70 leſquelles
1023 314 60 36 ne
1101 301 41 49 la
1165 303 125 47 diui-
1306 295 106 79 ecιι¶
1451 322 20 44 „r

113 366 104 51 ſent
240 373 135 62 point
387 386 58 30 en
463 374 170 61 partie,
654 388 132 48 parce
799 370 164 67 qirelle
977 369 59 48 eſt
1056 367 162 70 ſimple
1242 379 45 40 &

1303 399 61 31 ſtit,
1376 408 51 20 nec
1439 409 50 29 per
1498 410 94 28 partes

112 434 308 56 indiuiſible;
443 441 58 43 Et
533 435 34 49 ſi
587 455 65 30 on
675 437 76 64 luy
784 456 58 28 eñ
872 434 196 51 attribuẽ
1085 455 84 48 par
1185 433 104 52 fois
1304 437 236 29 ſρŨτσ

1303 474 121 39 ſimplex
1439 479 27 25 &
1478 477 112 28 indiui-

104 503 388 69 quelquesvnes,
499 504 94 48 cela
605 502 43 50 ſe
660 505 101 48 dolt
773 504 188 65 pluſtoſt
974 505 225 47 entendro
1209 518 80 51 par
1302 514 138 65 3.4
1451 515 138 67 —

782 573 9 12 8
998 574 6 6 ·
1322 562 19 17 O
1378 563 75 18 partes
1478 563 99 19 habete

108 571 265 67 analõgic,
397 589 93 47 que
512 589 100 29 non
634 588 80 48 pas
748 571 138 47 &vne
913 570 222 49 veritable
1154 588 134 30 com-
1303 562 132 75 et

120 636 208 67 poſition;
357 636 134 59 Elle
511 654 26 30 a
553 635 376 66 ſespuiſſances,
953 635 175 49 meſme
1151 652 140 34 auant
1302 638 94 28 e
1416 629 173 31 iέàn

1297 667 50 35 nis
1360 677 86 28 quam
1467 670 123 29 veritate

130 720 60 97 **
239 704 57 48 de
315 701 46 50 ſe
382 702 161 49 meſſer
569 704 114 47 dans
706 703 42 48 le
772 709 178 62 Corps,
971 722 88 30 car
1081 703 103 49 elles
1211 704 80 65 luy
1303 706 221 37 fτ
1539 709 50 27 eι

1304 743 189 39 telligendum
1504 747 84 32 eſt...

146 787 85 31 ont
264 770 279 58 naturelles,
575 780 45 39 &
651 789 59 29 ne
737 768 107 51 ſont
883 790 77 48 pas
993 787 127 32 autre
1156 770 137 50 choſe
1379 785 211 35 ισowaotg

1076 842 6 7 .
1304 822 47 27 bet
1362 831 154 28 antequam
1527 833 62 19 cor-

125 854 64 51 qu
206 837 118 50 elles.
343 838 37 47 Il
395 837 227 49 confirme
636 855 103 47 cecy
751 839 112 47 dans
877 840 41 46 ſe
931 837 225 69 Chapitre
1171 860 42 39 7.
1229 839 62 49 du
1306 861 61 36 -d
1387 861 172 45 πGσι

102 900 169 77 meſme
282 906 170 57 liure,
477 904 65 49 od
556 906 30 47 il
601 905 265 49 reconnoiſt
877 907 56 47 de
945 906 99 67 plus
1066 923 91 50 que
1181 922 110 45 tou-
1491 900 88 68 —

127 986 62 33 tes
202 970 80 50 les
312 970 197 51 faculter
541 974 57 46 de
621 973 153 47 lAme
804 971 44 49 ſe
875 989 203 52 peuuent
1117 974 176 48 reduire
1281 966 80 79 ſumt
1380 986 80 29 quam
1482 976 70 39 ipta

126 1034 26 52 à
172 1058 69 29 ces
261 1041 155 57 deux,
442 1043 260 64 aperceuoir
727 1048 42 39 &
802 1042 200 48 vouloir.
1044 1044 157 63 Voicy
1228 1039 63 50 ſes

124 1107 195 63 paroles.
356 1107 38 47 Il
415 1124 27 48 y
464 1125 26 29 à
514 1108 118 47 deux
655 1104 157 50 choſes
834 1108 115 48 dans
970 1100 140 83 lAme
1131 1112 82 62 qui
1227 1126 67 30 ne
1330 1142 73 34 unt
1419 1151 77 28 enim
1519 1151 58 30 u

125 1170 111 51 ſont
256 1191 78 48 pas
349 1189 127 31 autre
489 1172 136 49 choſe
647 1173 188 67 qu'elle,
858 1173 37 47 à
917 1173 177 63 ſcauoir
1112 1175 47 45 lC
1176 1180 115 43 Sens

127 1258 63 30 ou
211 1240 44 48 la
277 1241 191 47 lumiere
491 1240 270 59 Naturetle,
787 1244 83 63 qui
891 1240 213 51 connoiſt
1125 1256 105 33 tout
1245 1250 44 40 &
1304 1226 258 69 e

127 1306 203 50 diſcerne
362 1308 178 68 chaque
565 1306 166 55 choſe;
762 1312 60 43 Et
857 1307 56 50 de
935 1309 98 68 plus
1058 1308 44 48 la
1123 1306 170 51 facultè
1518 1298 22 85 Uù

126 1375 222 48 naturelle
372 1377 56 47 de
440 1377 186 49 vouloir
645 1393 61 31 ou
711 1371 66 68 de
798 1375 190 59 choiſir,
1016 1376 57 47 de
1093 1371 198 82 laquelle
1321 1382 137 67 iee
1491 1392 99 57 3

127 1439 156 51 VAme
303 1441 42 49 ſe
357 1442 88 50 ſert
456 1462 116 49 pour
597 1448 144 43 aimer
762 1443 179 67 chaque
953 1435 137 80 choſc
1100 1441 130 51 ſelon
1248 1443 44 49 le
1396 1456 20 45 πσ
1520 1431 72 72 .

125 1523 120 49 rang
262 1518 44 40 &
321 1509 43 49 le
381 1510 140 67 degrè
541 1510 165 67 qu'elle
729 1514 132 45 tient.
1327 1496 131 40 aalis
1480 1506 111 21 2man

207 1578 89 42 On
316 1593 108 45 peut
445 1577 108 50 àuſſi
578 1576 112 50 faire
721 1581 102 45 voir
846 1576 99 50 ſans
967 1579 327 66 beaucoup
1216 1572 78 77 de

124 1642 167 64 peine,
314 1655 92 49 que
421 1661 62 26 ce
506 1645 148 61 grand
668 1648 134 60 genic
819 1663 30 29 a
872 1644 156 50 eſtimé
1053 1664 92 48 que
1175 1642 120 50 FEſ-

130 1711 92 61 prit
247 1708 57 48 de
324 1706 251 50 THomme
594 1714 57 39 ne
665 1713 205 58 pouuoit
890 1710 137 56 eſtre,
1055 1711 30 45 à
1105 1729 191 45 propre-

132 1790 133 32 ment
278 1775 179 67 parler,
485 1774 113 49 dans
628 1789 150 31 aucun
789 1772 115 53 licu,
917 1790 77 49 par
1004 1788 128 33 cette
1148 1773 149 48 excel-

132 1839 125 51 lente
269 1841 250 50 definition
540 1840 110 69 qu'il
664 1859 56 30 en
734 1840 175 58 donne,
926 1841 111 48 dans
1052 1840 41 50 le
1112 1861 32 42 5.
1164 1840 132 51 Cha-

133 1910 117 63 pitre
277 1910 63 48 du
362 1914 133 44 Liure
516 1910 50 46 de
590 1912 42 44 la
653 1909 277 63 Connoiſſance
954 1908 48 49 de
1021 1912 40 45 la
1080 1906 216 50 veritable

132 1979 113 53 Wie,
257 1976 198 69 laquelle
468 1977 59 48 eſt
540 1978 205 47 dautant
757 1976 99 65 plus
878 1974 313 50 conſiderable
1204 1973 91 68 que

137 2058 52 28 ce
207 2043 109 46 meſt
344 2047 206 64 qu'apres
571 2047 130 46 auoir
722 2040 157 52 donnè
905 2041 42 50 la
970 2042 250 49 definition
1241 2043 57 48 de

132 2120 160 52 toutes
317 2109 68 51 les
410 2111 196 52 diuerſes
634 2109 160 74 choſes
836 2108 251 72 auſquelles
1110 2109 43 51 le
1177 2129 122 34 nom

935 2236 7 14 1
