1776 2528
272 105 78 52 DE
389 104 305 50 L'ESPRIT
728 102 85 52 DE
848 109 332 49 L'HOMME
1264 106 120 69 47

115 181 61 58 ny
198 173 175 67 lvnny
397 174 163 48 l’autre
582 171 100 49 fans
704 192 93 29 vne
817 170 241 53 fubftance
1072 166 209 78 eftenduë
1299 184 68 52 ,ie

116 240 83 49 fuis
213 239 168 50 affeuré
404 258 92 49 que
518 239 124 50 l'vne
666 250 44 39 &
735 241 157 48 l’autre
903 240 107 51 font
1035 244 77 47 des
1133 247 237 49 accidents

117 328 62 28 ou
191 314 257 60 propricetez
463 310 62 46 du
542 326 145 49 corps.
707 309 38 46 Il
758 312 107 45 n’en
880 328 59 29 va
950 312 148 64 pas
1037 303 71 77 de
1112 309 175 51 mefme
1308 315 58 48 de

100 370 58 76 la
171 374 189 68 pensée,
391 395 72 29 car
485 380 41 43 ie
544 375 43 48 la
601 380 194 59 conçois
811 374 96 50 fort
929 377 108 48 bien
1065 377 99 49 fans
1188 379 43 48 la
1253 378 115 50 {ub-

116 441 153 50 ftance
290 444 245 56 eftenduë,
563 453 45 38 &
633 444 195 64 celle-cy
844 442 100 49 fans
958 445 42 47 la
1020 444 189 67 pensée;
1227 466 48 28 ce
1305 467 65 30 ne

118 527 110 48 peut
247 513 126 47 donc
396 511 109 48 eftre
533 528 66 30 vn
615 511 210 46 accident
837 529 62 28 au
913 512 208 67 propieté
1142 514 62 46 du
1218 532 153 50 corps;

116 576 196 50 Etainfi
335 595 66 29 on
423 595 60 28 ne
501 592 111 49 peut
633 593 77 47 pas
733 576 97 47 dire
844 577 110 65 quil
975 589 76 53 n’y
1073 594 78 49 ayt
1174 580 112 47 dans
1323 584 46 47 le

115 643 184 49 monde
318 660 93 49 que
426 643 75 47 des
531 640 255 49 fubftances
819 644 275 65 corporelles
1125 682 25 20 ,
1170 645 200 71 puifque

117 718 120 41 nous
248 707 196 66 fçauons
458 707 152 68 qu'il
576 703 29 83 y
623 728 26 28 a
661 709 78 49 des
753 708 156 49 chofes
924 714 82 65 qui
1019 714 231 65 pensét,&
1272 733 97 49 que

121 777 42 48 R
175 776 165 69 pensée
365 778 309 66 n'appartient
695 781 139 62 point
858 779 63 47 du
949 795 103 32 tout
1077 798 56 29 au
1146 800 130 47 corps
1301 801 67 29 ny

124 863 187 30 comme
323 844 86 49 fon
423 845 257 64 effence,ny
699 863 188 30 comme
899 849 349 54 vnaccident;ll
1265 847 104 52 faut

122 912 123 48 donc
259 912 168 69 qu'elle
448 911 109 50 fafle
570 931 62 31 vn
656 930 142 49 genre
820 914 57 47 de
896 912 237 51 fubftance
1152 915 25 48 à
1199 934 117 50 part.

202 979 244 51 Monfieur
469 981 40 47 le
535 986 110 59 Roy
673 997 120 49 pour
814 980 156 49 eluder
1010 999 136 38 cette
1167 985 201 48 demon:

124 1045 189 52 ftration
337 1085 14 21 ,
392 1064 92 50 que
506 1066 132 29 nous
665 1051 151 44 tirons
833 1049 59 46 de
926 1068 49 27 ce
997 1066 91 51 que
1119 1051 52 47 la
1194 1054 175 47 Pensée

129 1124 43 39 &
207 1116 265 48 l’Eftendue
521 1120 201 60 peuuent
765 1114 109 48 eftre
911 1125 236 40 conceuës
1185 1117 185 68 feparé-

125 1198 130 33 ment
282 1184 123 48 l’vne
426 1182 250 51 del'autre,
698 1197 191 52 apporte
911 1198 117 31 cette
1042 1184 330 65 comparaifon

125 1249 112 49 dans
257 1251 43 47 la
324 1248 214 69 refponfe
563 1261 87 35 aux
663 1264 135 32 notes
823 1248 56 48 de
902 1247 243 50 Monfieur
1168 1250 201 51 Defcar-

126 1330 62 35 tes
201 1317 70 48 fur
284 1316 82 50 fon
380 1310 151 79 placard
563 1317 27 57 ,
618 1315 200 49 laquelle
843 1314 59 48 eft
923 1320 303 46 entierement
1256 1340 114 29 con-

126 1398 66 34 tre
213 1385 120 66 luy.,.
353 1386 107 49 bien
472 1384 170 69 qu'elle
665 1328 152 121 Émble
871 1382 42 50 le
942 1381 233 53 fauorifer.
1208 1387 48 47 LL
1277 1390 93 57 die,

127 1466 92 49 que
230 1453 70 46 s’il
313 1458 170 58 yauoit
497 1452 274 49 vnhomme
786 1454 192 65 quieuft
997 1460 235 45 vne.croix
1245 1457 128 47 d’ar-

128 1533 116 47 gent
272 1518 126 47 dans
415 1519 56 48 fa
492 1521 195 63 poche,
709 1530 46 38 &
786 1521 114 66 qu'il
932 1520 144 63 fçeuft
1113 1520 269 50 feulement

129 1581 117 64 qu'il
265 1589 152 42 auroit
439 1603 93 29 vne
557 1591 150 52 croix,
733 1585 100 51 fans
857 1585 181 64 fçauoir
1060 1591 56 45 de
1138 1589 233 66 quoyelle

127 1646 288 60 feroitfaite,
440 1657 211 57 pourtoit
673 1654 130 50 dire.,
817 1658 43 41 ie
883 1659 197 42 connois
1085 1642 286 76 clairement

132 1725 44 40 &
202 1716 359 64 ditinétement
577 1732 90 50 que
679 1720 88 58 fay
790 1734 90 29 vne
894 1720 372 45 Croixdans
1180 1712 78 77 ma
1288 1740 86 45 po-

130 1783 110 59 che,
264 1783 101 50 fans
385 1788 249 47 conceuoir
647 1783 327 68 queï'ÿayede
996 1783 224 68 l'argent,
1254 1795 118 44 &en

130 1855 132 45 niant
276 1851 174 51 mefme
464 1853 114 64 qu'il
590 1871 96 45 yen
700 1853 336 64 aytaumonde;
1049 1857 85 65 Ét
1149 1851 222 54 toutefois

129 1916 32 49 d
158 1912 75 81 ne
238 1925 218 61 pourroit
473 1938 77 49 pas
563 1921 217 46 conclure
792 1922 144 64 que
874 1912 68 81 la
953 1925 205 44 Croix-&
1175 1919 201 70 l'argent

119 1980 700 73 fuffent
304 1976 142 81 deux
445 1980 374 73 chofesfeparées
848 2022 12 21 ,
891 1985 108 47 bien
1012 1985 205 66 qu'’il:les
1230 1980 135 79 puiffe

131 2060 247 41 conceuoir
400 2054 309 69 feparément;
724 2058 52 44 Et
788 2058 190 64 partant
990 2052 31 47 il
1034 2055 193 63 pretend
1240 2075 132 33 auerr

102 2110 273 86 auffidroit
382 2110 171 86 dedire
577 2140 92 49 que
689 2140 119 35 nous
831 2123 282 66 n’auonspas
1133 2124 253 54 meilleure.

1076 2194 92 64 Ei
