1776 2528
665 103 387 49 PREEAC.

170 166 36 53 2
221 167 55 53 la
295 170 171 50 noſtre.
502 170 39 49 Il
553 168 140 51 ſeroit
705 187 226 51 pourtant
951 168 89 51 aiſè
1060 169 58 49 de
1141 169 62 49 les
1223 172 202 58 reduire,
1451 175 49 47 &

179 238 55 49 de
250 239 62 48 les
327 236 246 51 ramener
536 232 36 70 à
591 238 43 49 la
657 236 184 60 raiſon,
864 239 88 47 Sils
965 237 255 50 vouloient
1241 256 140 31 recon
1387 245 112 43 noi-

167 305 98 49 ſtre
286 307 59 47 de
364 305 162 49 bonne
550 303 82 69 foy
655 305 232 49 linutilité
918 314 45 40 &
994 303 265 51 obſcurité
1290 302 58 52 de
1380 306 117 49 leurs

177 376 262 65 Principes;
456 372 273 60 Linutilitè,
743 392 59 29 en
815 392 50 29 ce
875 372 114 67 qu'il
1002 372 60 48 eſt
1074 371 265 68 impoſſible
1350 374 56 47 de
1418 392 76 30 re-

175 438 168 52 ſoudre
351 460 81 48 par
449 441 95 48 leur
563 458 175 47 moyen
759 440 44 49 la
823 440 219 49 moindre
1061 438 280 51 difficultéde
1362 440 131 67 Pby-

169 505 169 71 ſique;
372 513 61 44 Et
464 506 292 59 obſcuritè,
787 506 190 68 puiſque
997 505 98 50 ſans
1119 508 140 47 doute
1286 508 76 48 des
1398 525 94 32 ter-

176 592 101 31 mes
310 577 196 48 doiuent
538 573 140 67 paſſer
710 591 119 48 pour
859 572 220 59 obſcurs,
1104 574 99 47 lors
1231 590 65 50 qu
1299 575 190 49 aucune

175 643 111 47 Idee
307 660 59 31 ne
378 640 180 68 repond
570 641 113 48 dans
690 632 224 81 ſEſprità
936 639 43 48 la
997 636 318 69 ſignification
1340 645 73 64 qu
1421 661 67 31 on

177 708 97 49 lcur
285 704 173 54 donnè.
478 714 74 43 Or
565 725 119 31 nous
698 710 191 46 n'auons
906 706 140 49 lIdec
1092 725 56 30 que
1168 708 56 47 de
1243 708 119 48 deux
1384 707 101 50 ſor-

176 791 65 33 tes
266 778 31 46 d
301 776 195 57 Eſtres,
528 775 181 68 parlant
725 792 70 38 en
807 774 224 67 general,
1057 724 185 113 —
1268 776 57 47 de
1354 777 130 66 celuy

176 848 80 61 qui
270 843 59 48 eſt
342 844 214 52 eſtendu,
581 845 146 64 qu'on
738 837 186 78 appelle
928 844 154 64 Corps,
1112 851 45 40 &
1173 844 56 46 de
1251 842 128 67 celuy
1401 848 81 63 qui

174 909 167 66 penſe,
376 928 91 49 que
489 911 96 47 Pon
607 929 197 30 nomm
836 906 165 69 Eſprit;
1035 913 59 44 Et
1111 926 185 50 partant
1315 912 166 65 quand

165 995 74 30 on
250 978 123 68 parle
383 980 58 46 de
452 978 227 67 quelques
691 994 147 32 autres
860 975 171 60 Eſtres,
1053 981 80 63 qui
1145 995 56 29 ne
1213 975 43 50 ſe
1278 996 201 48 peuuent

173 1061 206 51 raporter
390 1065 60 46 nyà
463 1045 130 49 lvn
613 1063 62 47 ny
698 1043 26 49 à
745 1044 195 58 Pautre,
964 1063 63 47 ny
1049 1042 26 50 à
1095 1044 284 70 quelquſvne
1399 1047 80 49 des

174 1117 256 62 propriete?
446 1132 61 30 ou
513 1114 214 48 accidens
740 1116 82 62 qui
834 1109 259 52 enferment
1111 1112 113 48 dans
1243 1112 94 47 leur
1359 1131 119 29 con-

174 1196 100 50 cept
290 1180 146 50 Idée
454 1182 56 47 de
528 1180 97 50 Tvn
651 1197 64 30 ou
737 1180 57 52 de
813 1179 194 57 lautre,
1040 1180 94 46 tels
1146 1197 92 48 que
1266 1178 108 48 ſont
1407 1199 71 30 ces

170 1248 143 49 Eſtres
328 1252 145 66 qu'on
485 1246 175 70 appelle
672 1245 170 51 formes
859 1244 340 51 Subſtantielles
1219 1247 76 47 des
1310 1252 164 61 Corps,

171 1316 203 66 qualites
386 1316 175 57 réelles,
587 1315 257 68 impreſſes,
872 1314 412 57 intentionnelles,
1307 1314 167 49 occul-

171 1396 91 45 tes,
285 1382 386 68 ſympathiques,
694 1380 292 70 ſpecifiques,
1012 1379 174 51 facultè
1206 1385 269 45 concoctri-

131 1452 121 55 ce,
282 1455 283 53 retentrice,
607 1450 274 67 expultrice,
907 1458 89 41 &c.
1043 1448 32 48 il
1113 1450 60 47 eſt
1211 1447 266 68 impoſſible

167 1520 260 60 qu'aucune
449 1516 108 49 Idèc
572 1516 100 50 leut
695 1516 141 68 puiſſe
852 1516 233 68 répondre
1115 1518 114 47 dans
1263 1514 209 68 LEſprit,

165 1597 64 47 ny
257 1598 92 46 que
369 1602 49 28 ce
439 1587 146 62 qu'on
598 1585 68 47 dit
679 1585 119 48 alors
811 1588 64 44 ait
895 1602 137 31 lucun
1032 1576 111 78 ſens
1166 1587 81 63 qui
1265 1582 44 49 ſe
1328 1580 146 68 puiſſe

166 1651 267 45 conceuoir.
476 1653 123 43 Mais
629 1670 50 26 ce
706 1651 109 47 neſt
847 1670 79 46 pas
956 1669 120 30 mon
1109 1651 170 48 deſſcin
1320 1649 57 47 de
1406 1649 65 47 les

152 1709 274 74 combattre
433 1714 103 64 icy;
568 1716 49 42 Ie
638 1713 105 62 ſay
765 1732 91 45 que
876 1717 62 46 les
958 1716 251 47 ſentimens
1233 1718 144 61 qu'on
1398 1730 75 31 at-

167 1781 150 49 tribuẽ
340 1776 294 75 quelquefois
663 1777 27 51 à
714 1778 213 60 VEcole,
961 1782 405 64 mappartiennent
1393 1800 77 48 pas

158 1848 237 50 touſiouts
406 1848 26 49 à
446 1865 131 32 toute
584 1868 195 33 lEcole;
795 1850 57 45 Et
864 1847 113 69 qu'il
996 1864 28 50 y
1046 1864 57 31 en
1117 1865 25 30 a
1154 1844 170 50 meſme
1337 1850 135 65 quel-

165 1907 138 81 ques·
306 1936 85 31 vns
403 1934 168 50 parmy
586 1933 109 41 eux,
709 1919 80 64 qui
802 1911 107 54 font
930 1916 150 66 gloire
1099 1916 57 47 de
1179 1930 183 34 trouuer
1385 1936 86 30 au-

163 1985 372 65 jourd'huydans
548 1983 226 58 Ariſtote,
786 2000 105 31 tout
904 2003 48 27 ce
963 2002 90 48 que
1074 1983 95 47 Von
1183 1999 24 30 a
1223 1980 247 54 dcouuert

159 2048 65 48 de
244 2050 99 61 plus
367 2069 215 32 nouueau
620 2050 111 49 dans
745 2071 49 28 ce
814 2049 144 50 ſiccle.
993 2054 51 45 Ie
1063 2069 59 28 ne
1145 2066 180 49 pretens
1344 2054 126 49 donc

160 2132 87 51 pas
268 2130 213 55 attaquer
513 2135 104 35 tous
649 2119 63 50 les
746 2122 253 61 Scctatcurs
1035 2117 283 58 dAriſtote;
1350 2126 123 47 Mais

1199 2204 46 48 uj
