1776 2528
534 100 395 46 PREFARCE..

213 163 214 72 Surquoy
437 176 119 38 vous
575 162 265 50 obſeruerez
863 181 92 50 que
981 162 134 50 ſelon
1132 158 42 54 S.
1200 166 128 46 Aus-

135 234 176 67 guſtin,
337 233 109 48 eſtre
478 233 174 66 apergù
680 234 65 46 de
766 234 24 45 l
796 234 108 45 Ame
947 232 60 47 eſt
1057 251 65 30 vn
1162 241 173 57 genre

136 318 228 31 commun
384 315 126 34 entre
544 298 139 50 ſentir
719 308 50 40 &
796 298 214 64 ſcauoir;
1034 307 105 55 Car
1169 306 48 59 ie
1244 319 59 29 ne

138 388 106 46 croy
275 384 82 51 pas
387 371 151 62 qu'on
567 367 142 68 puiſſe
740 373 268 61 interpreter
1038 385 269 32 autrement

136 456 75 27 non
230 437 121 46 lafere
370 440 202 52 animam,
593 454 91 48 que
707 452 79 50 par
811 436 92 61 eſiie
920 434 144 68 aperg
1084 435 46 46 de
1149 438 25 45 b
1178 439 124 45 Ame.

221 510 137 46 Vous
389 497 328 77 remarquerez
732 541 367 19 ſecondement,
1125 522 92 48 que
1248 504 57 47 de

137 587 118 33 cette
275 570 146 63 faxon
444 571 32 46 il
500 570 170 64 paroiſt
702 587 92 49 que
826 573 42 43 S.
906 571 287 64 Auguſtin
1146 564 51 76 a
1231 589 73 28 re-

103 656 192 29 connu
323 654 125 49 pout
475 633 43 53 le
547 640 154 44 moins
745 636 119 47 deux
904 637 168 66 degrez
1110 637 132 47 dans
1264 637 72 47 le-

136 705 141 53 ſens;
315 709 64 43 Le
390 707 207 63 ptemier
699 701 126 117 *
848 699 77 77 eſt
938 723 48 28 ce
1017 704 112 66 qu'il
1162 704 176 68 apelle

135 778 150 60 paßzion
306 772 56 46 du
385 776 129 62 Corps,
527 773 84 51 &
638 771 42 47 le
723 772 149 50 ſecond
892 772 60 46 eſt
965 771 48 48 la
1042 770 163 69 penſéc
1241 789 63 31 ou

136 844 266 62 perception
429 841 63 47 de
514 837 178 69 VEſprit
719 843 80 62 qui
830 841 30 56 s
866 845 206 62 aperęolt
1101 841 69 46 do
1187 857 118 31 cette

136 907 207 66 paſſion;
372 900 133 77 C'eſt
515 924 246 49 pourquoy
785 906 42 47 ib
839 907 73 64 dit
928 925 167 30 encore
1117 908 112 55 dans
1261 908 44 47 le

138 973 292 69 cinquieſme
447 974 307 66 Chapitrẽ
680 968 78 78 du
782 984 59 47 7.
865 968 144 78 Liure
1018 976 74 45 de
1123 972 43 51 la
1179 976 124 46 Tri-
1322 1003 79 30 vigo
1412 1002 103 40 quæ
1479 968 40 78 it
1527 990 55 48 ia

126 1040 115 61 git;
255 1061 91 49 que
370 1043 41 47 la
433 1039 152 52 viſion
641 1045 46 58 qui
710 1039 42 48 ſe
772 1039 83 49 fait
876 1042 113 47 dans
1009 1040 211 68 Vorgane
1242 1044 61 55 du
1321 1042 232 76 .

137 1107 131 53 ſens
240 1103 39 76 a
291 1110 207 65 quelque
517 1109 136 47 choſe
679 1110 62 45 de
759 1107 234 67 ſpirituel,
1009 1127 132 47 parce
1167 1105 140 76 qu'el-
1318 1119 132 66 —

141 1174 42 49 le
205 1194 59 30 ne
290 1175 45 48 ſe
354 1191 121 53 peuᷣt
496 1172 112 50 faire
631 1172 105 50 ſans
763 1176 155 48 lAme
986 1181 122 43 Vlais
1115 1161 190 87 qurelle
1311 1236 299 6 .

141 1243 109 48 meſt
263 1262 83 48 pas
373 1258 130 32 toute
526 1240 298 69 ſpirituelle;
839 1246 96 44 Car
949 1242 44 49 la
1013 1241 179 69 paſſion
1222 1244 116 68 qui⸗
1341 1233 265 78 —

143 1308 46 49 ſo
208 1309 83 50 fait
313 1312 127 48 dans
455 1309 241 68 Forgane,
711 1304 145 79 quand
919 1310 32 48 il
982 1312 60 47 eſt
1072 1309 126 70 frapé
1225 1283 239 96 F
1531 1317 58 62 eo

143 1377 62 48 les
229 1379 148 62 objets,
402 1388 91 48 &
487 1372 125 79 qui
627 1378 200 68 Sapelle
851 1377 111 51 auſſi
992 1376 99 51 ſens,
1125 1390 181 57 apar-

143 1448 117 45 tient
281 1465 62 47 au
367 1453 165 60 Corps.
567 1449 48 44 Ie
643 1465 58 29 ne
723 1464 111 47 croy
852 1464 77 50 pas
952 1462 100 32 non
1070 1447 98 67 plus
1193 1447 114 69 qu'il

142 1528 22 45 V
186 1516 70 43 ait
278 1513 92 46 licu
389 1514 57 46 de
472 1514 163 47 douter
658 1513 113 68 qu'il
806 1519 109 44 nait
944 1514 58 47 de
1031 1513 278 50 meſmedi-

142 1575 181 66 ſtingué
342 1579 41 45 le
412 1577 420 69 troiſieſmedegrè
852 1583 63 46 du
933 1579 125 60 ſens,
1091 1584 86 47 des
1184 1590 162 21 deux

143 1659 175 41 autres,
341 1644 99 44 ceſt
463 1644 26 46 à
509 1644 177 61 ſauoir
706 1648 42 46 le
769 1652 249 61 Iugement
1044 1654 83 61 qui
1141 1640 100 79 ſuit
1271 1648 42 46 la

143 1713 270 65 perception
431 1710 64 48 de
507 1748 219 18 łEſprit,
757 1720 187 39 comme
947 1705 180 77 celle-
1141 1733 51 42 cy
1225 1713 117 46 ſuit

145 1778 43 48 la
197 1778 178 67 paſſion
386 1780 63 46 du
470 1783 176 62 Corps,
672 1780 99 65 puis
791 1777 113 67 qu'il
925 1778 68 46 dit
1012 1785 58 40 en
1097 1775 257 69 pluſicurs-

147 1847 184 48 endrois
353 1862 93 51 que
473 1846 99 48 Ceſt
600 1846 118 65 luy-
732 1843 167 52 meſme
937 1848 81 68 qui
1057 1844 44 51 ſe
1130 1862 184 53 trompe

147 1921 46 40 &
216 1932 101 30 non
336 1932 78 50 pas
440 1913 99 49 elle.

200 1981 91 65 ILy
312 2000 107 32 avn
441 1980 326 69 parfaitement
786 1982 122 48 beau
928 1982 188 68 paſſage
1131 1982 114 48 dans
1270 1983 42 50 le

143 2047 87 56 24.
273 2049 220 67 Chapitre
516 2052 165 47 duix.
717 2054 137 44 Liure
883 2050 56 49 dé
970 2051 42 47 la
1039 2048 177 51 Geneſe
1241 2050 72 50 ſe-

146 2111 86 53 lon
251 2110 43 48 la
318 2115 136 61 letre,
483 2118 118 52 dans
612 2118 161 68 lequel
794 2119 31 49 il
856 2118 216 70 explique
1103 2118 276 65 admira-

1021 2204 27 30 ũ
1075 2205 30 48 ij
