1776 2528
820 125 11 17 2

0 792 69 33 —
606 807 34 20 2
1033 817 6 10 ·
1411 803 18 35 57

0 819 338 68 —Dans
363 814 196 78 laquelle
586 815 16 52 li
623 818 200 52 Auteur
841 816 97 71 fait
955 835 112 35 voir
1086 815 50 54 la
1159 816 272 72 conformite
1442 815 70 56 de

318 893 50 54 la
390 893 234 54 Boctrine
644 890 55 54 de
714 893 143 53 Saint
866 893 279 74 Auguſtin,
1164 912 116 33 auec
1302 891 64 53 les

416 968 255 71 ſentimens
682 967 54 52 de
748 968 261 69 Monſicur
1018 971 286 66 Deſcartes,

550 1039 227 73 touchant
798 1040 50 73 la
871 1043 203 52 Nature
1089 1041 71 74 de-

762 1120 207 51 Ame.

522 1260 193 50 VAND
742 1255 42 51 ie
807 1255 236 51 conſidere
1062 1253 208 73 qu'entre
1289 1257 64 49 les
1372 1254 168 55 veri-

494 1344 100 44 tez
610 1343 92 50 que
716 1323 243 52 Monſieur
974 1324 238 51 Deſcartes
1231 1343 118 33 nous
1367 1345 25 29 a
1416 1342 84 31 en-

477 1386 246 74 Gſciguces,
736 1393 65 59 il
812 1395 73 64 wy
906 1412 88 29 ena
1012 1398 136 64 point
1163 1391 256 71 auſquelles
1436 1410 66 32 on

521 1459 44 50 ſe
582 1460 90 49 ſoit
689 1459 34 50 ſi
744 1458 254 51 fortement
1018 1459 198 71 oppoſè,
1234 1461 115 70 qu'à
1370 1460 130 49 celles

401 1555 53 3 —
489 1533 116 62 quĩ
631 1527 107 50 ſont
767 1537 249 41 contenués
1051 1531 113 47 dans
1192 1527 65 50 ſes
1289 1530 211 49 Medita-

193 1592 123 44 tions
344 1593 405 68 Metaphyſiques;
779 1597 34 47 il
832 1614 76 29 me
926 1594 174 51 ſemble
1121 1588 89 79 que
1224 1600 53 44 ie
1293 1614 65 29 ne
1378 1611 124 51 pou-

190 1659 95 46 rois
306 1652 101 52 ſans
433 1659 234 113 —
690 1664 58 45 de
770 1661 250 59 temerité,
1045 1679 76 32 me
1149 1677 257 52 promettre
1434 1678 66 32 vn

194 1720 285 77 traittement
490 1724 115 69 plus
613 1720 290 77 fauorable,
905 1745 116 45 pour
1044 1729 261 60 UOuurage
1340 1743 92 50 que
1459 1731 44 44 ie

194 1808 118 33 mets
331 1812 55 31 au
402 1796 142 56 iour,
576 1788 193 73 puiſque
791 1792 99 48 cen
905 1789 61 49 eſt
992 1783 80 82 vne
1078 1788 132 51 ſuite
1240 1793 256 51 neceffaire.

194 1860 161 59 Auſſi,
387 1862 112 48 bien
510 1862 117 48 loin
655 1861 58 50 de
740 1879 78 31 me
851 1858 144 52 flater
1036 1860 224 49 daucune
1292 1858 214 71 eſperan-

196 1946 49 29 ce,
257 1932 69 54 ie
339 1927 86 51 ſuis
437 1931 122 63 desja
571 1927 94 51 fort
674 1926 219 72 porſuadè,
900 1928 155 69 qu'il
1065 1947 26 49 y
1103 1946 28 31 a
1141 1931 113 45 trois
1266 1946 61 32 ou
1339 1949 163 51 quatre

194 1992 211 54 ſortesde
417 1996 276 69 perſonnes,
717 1995 26 50 à
758 2001 84 64 qui
854 1994 482 70 felon
982 1988 83 82 les
1064 1994 272 70 apparences
1347 2003 40 44 ſe
1398 2003 108 63 way

197 2077 79 50 pas
295 2065 91 58 lieu
406 2064 217 70 ceſperer
644 2064 112 70 qu'il
775 2063 143 69 puiſſe
931 2064 152 69 plaire.
1115 2070 69 43 Ce
1196 2066 107 48 meſt
1322 2086 77 48 pas
1413 2086 93 48 quc

191 2145 127 53 Eux
327 2127 79 97 qui
408 2127 135 97 liſeat
564 2134 64 67 les
638 2138 161 67 Liutes
810 2152 60 33 ne
882 2133 25 69 d
917 2127 186 97 euſſent
1116 2127 106 97 peut
1247 2134 109 51 eſtre
1366 2135 140 68 auſſi-

1254 2222 50 46 —
