1776 2528
461 132 57 42 yo
727 146 2 2 |
882 104 432 51 FRAÎITTE

464 183 99 46 dire
572 179 42 47 le
625 174 172 52 fecond
785 165 28 83 ;
840 192 73 30 car
922 172 94 50 fila
1025 172 423 52 connoiffance
1352 165 91 83 des
1464 169 101 54 fens
1590 173 133 71 n’api

463 248 237 68 partenoit
721 239 145 71 qu'au
887 248 153 61 Corps
1072 240 128 61 feul,
1239 241 34 49 il
1303 240 210 50 faudroit
1540 252 175 41 recon-

464 313 172 51 noiftre
675 312 119 47 deux
838 314 232 64 principes
1104 309 60 48 de
1203 308 336 51 connoiffance
1596 312 118 49 dans

465 383 253 48 l'Homme
739 376 101 50 fans
864 374 217 53 neceflité
1099 397 17 33 ;
1136 386 44 38 &
1214 378 32 46 il
1281 375 208 51 faudroit
1518 378 64 48 de
1610 379 106 67 plus

469 467 90 46 que
589 463 117 32 cette
730 449 205 44 maniere
957 445 342 66 d’apperceuoir
1329 443 248 50 enfermaft
1597 449 117 47 dans

468 514 87 50 fon
585 513 101 51 idée
713 514 47 47 la
785 517 179 45 notion
983 514 58 46 de
1071 510 297 60 l’Eftenduë,
1393 530 190 31 comme
1605 513 120 50 font:

470 575 152 75 routes
638 583 76 47 les
744 598 157 31 autres.
926 579 202 64 qualitez
1163 580 309 66 corporelles
1441 575 50 75 ;
1508 597 54 30 or
1593 599 134 31 nous.

471 669 150 31 auons
631 647 85 50 fait
729 653 102 43 voir
843 647 43 46 le
908 651 230 43 contraire
1159 647 114 47 dans
1298 647 43 47 le
1360 646 228 65 Chapitre
1608 655 111 61 pre-

474 719 192 55 cedent,
683 725 44 38 &
742 729 331 53 partantonne
1083 728 108 51 peut
1203 732 78 48 pas
1294 713 281 67 direqu'elle
1593 725 129 52 con-

472 790 244 44 uienneau
727 789 175 58 Corps.
1157 844 2 2 |

549 848 298 53 Venons
743 841 36 70 à
778 841 71 70 la
866 845 200 51 feconde
1088 847 249 60 difficulté,
1350 847 26 50 à
1388 847 253 52 l’occafñion
1659 850 67 48 de

479 918 204 68 laquelle
693 917 184 48 ilsnous
889 911 108 52 font
1018 933 150 30 toutes
1190 915 61 49 les
1273 933 164 34 autres.
1495 917 62 48 Ils
1580 918 137 59 obje-

479 991 132 44 &ent
635 986 126 47 donc
783 984 138 66 qu'en
942 982 157 49 oftant
1117 1000 160 32 toutes
1291 982 143 51 fortes
1454 984 58 48 de
1534 983 194 69 penfces.

480 1073 88 30 aux
580 1051 259 50 fubftances
854 1051 276 67 corporelles
1143 1089 15 20 ,
1154 1045 53 79 il
1206 1049 323 61 s’enfuiuroit,
1544 1072 66 28 ou
1623 1070 100 50 que

480 1121 63 49 les
555 1120 154 50 Beftes
729 1120 157 50 brutes
913 1121 271 46 n'auroient
1197 1136 187 32 aucune
1413 1121 313 57 connoiffan-

482 1209 73 38 ee,
571 1208 61 30 ou
645 1188 109 48 bien
767 1185 185 67 qu'elles
967 1191 216 44 auroient
1197 1206 94 31 vne
1303 1190 121 47 Ame
1437 1188 280 67 Spirituelle.

486 1254 338 67 L'vndefquels
838 1253 173 49 femble
1033 1252 518 61 manifeftementfaux,
1575 1255 153 49 eftant

484 1322 270 67 impoflible
770 1321 285 66 d'expliquer
1076 1338 156 31 toutes
1258 1322 115 54 leurs
1405 1324 183 46 aétions
1618 1322 112 51 fans:

486 1388 96 47 leur
604 1388 222 48 attribuer
846 1390 204 64 quelque
1064 1388 131 49 forte
1206 1390 56 49 de
1284 1389 357 60 connoiffance,
1672 1400 55 41 &

487 1456 160 46 l'autre
658 1454 170 67 paroift
850 1458 227 60 injurieux
1100 1455 29 49 à
1147 1457 273 50 l'Homme.
1451 1464 156 41 Eette
1626 1458 104 48 ob-

480 1525 181 61 jection
684 1521 60 48 eft
766 1520 43 49 la
835 1521 111 66 plus
958 1520 316 50 confiderable
1296 1524 58 47 de
1375 1539 179 44 toutes,
1587 1544 145 48 parce:

487 1590 115 67 qu'il
625 1587 181 50 femble
820 1586 273 69 impoflible
1110 1589 58 47 de
1187 1608 59 30 ne
1267 1609 79 49 pas
1366 1596 146 45 croire
1538 1610 92 50 que
1662 1594 71 47 les.

487 1660 181 46 actions
692 1657 77 49 des
795 1655 145 49 Beftes
960 1653 107 52 font
1086 1658 375 70 accompagnées
1491 1660 79 46 des
1600 1658 126 51 mef-

485 1745 99 29 mes
595 1724 333 50 fentiments
871 1720 48 72 &
941 1726 350 48 connoiffances
1311 1742 97 46 que
1424 1740 308 41 nousauons,

487 1793 92 49 lors
594 1811 91 47 que
696 1811 121 29 nous
811 1784 168 82 faifons
1002 1793 78 45 les
1099 1789 195 49 mefmes
1313 1793 209 58 actions,
1547 1811 63 31 ou
1629 1811 101 51 que

488 1878 119 33 nous
638 1857 204 50 fommes
871 1854 185 69 frappez
1088 1875 81 49 par
1204 1857 63 50 les
1299 1857 203 51 mefmes
1525 1861 203 60 objects.

490 1932 123 46 Mais
631 1944 118 50 pour
770 1942 117 33 vous
906 1920 119 54 faire
1048 1929 223 66 voir.que
1301 1927 52 47 la.
1380 1925 224 52 difficulté
1632 1948 99 49 que:

1738 337 10 10 \

487 2013 120 31 nous
626 2013 146 31 auons
792 2013 29 30 a
839 1991 231 52 déraciner
1100 2011 117 31 cette
1243 1996 228 47 ancienne
1501 2001 228 63 opinion,

491 2077 60 30 ne
561 2069 133 43 vient
701 2081 80 51 pas
793 2078 101 33 tant
916 2062 221 47 d'aucune
1158 2057 155 51 raifon
1332 2057 147 55 folide
1501 2069 84 62 qui
1605 2081 119 34 nous

460 2125 80 79 _k:
555 2129 243 71 perfuade,
822 2148 97 50 que
938 2128 61 51 de
1013 2126 258 54 l'habitude
1300 2144 93 54 que
1420 2147 121 49 nous
1575 2141 157 48 auané

675 2210 12 48 JL
741 2204 46 46 Ki
1155 2230 4 6 ’

1765 2423 11 105 RENE
