1776 2528
281 111 88 51 DE
409 109 777 55 ESENTITDEIHOMME.
1319 122 52 55 31

111 180 278 50 Contractee
419 180 81 49 dès
534 181 155 48 noſtre
741 178 212 53 Enfance
974 184 66 47 de
1067 184 130 65 iuger
1228 185 130 51 ainſi.

117 253 157 61 Voicy
299 269 50 28 ce
382 267 95 50 que
495 253 44 44 ie
563 247 202 69 reſpons.
822 253 393 56 Premieremènt,
1235 269 127 32 nous

88 332 87 32 ne
185 315 156 51 diſons
351 322 140 62 point
501 314 302 51 abſoſument
812 317 198 67 parlant,
1032 335 92 49 que
1136 319 62 47 les
1210 319 144 50 beſtes

118 400 59 32 ne
198 385 299 50 connoiſſent
517 388 173 64 point,
707 404 62 29 au
793 389 229 45 contraire
1056 390 42 45 ic
1125 384 90 49 ſuis
1243 393 122 43 tout

112 451 119 65 preſt
252 453 58 48 de
329 452 42 48 le
390 451 320 50 reconnoiſtre,
747 451 52 60 ſi
812 451 96 49 toſt
931 469 92 50 que
1049 453 99 47 Ton
1176 456 176 48 maura

109 515 91 52 fait
211 524 109 44 voir
334 520 203 67 quelque
548 517 132 68 ſigne
698 518 265 48 cuident
905 511 54 80 &
983 524 176 44 certain
1172 520 64 47 de
1256 520 95 52 leur

108 587 349 48 connoiſſance.
514 589 125 44 Mais
651 587 42 44 ie
704 585 68 48 dis
788 601 91 49 que
892 584 67 48 sil
968 585 63 47 eſt
1044 603 109 47 vray
1174 602 92 49 que
1285 589 76 47 les

111 652 155 49 brutes
278 669 141 49 ayent
427 651 211 68 quelque
654 649 256 51 ſentiment
931 669 63 30 ou
1015 652 199 66 quelque
1229 661 131 60 per-

116 725 186 61 ception
313 721 281 58 interieure;
597 715 230 77 quexcite
846 737 61 31 en
932 719 106 48 elles
1058 720 194 48 Vaction
1271 722 79 48 des

115 786 146 63 objets
284 791 247 45 exterieurs
556 786 73 51 ſur
648 787 236 68 lOrgane
901 787 58 49 de
991 786 117 50 leurs
1138 785 127 61 ſens,
1299 798 48 40 &

115 850 32 50 ſi
169 854 106 50 elles
294 854 111 51 font
416 846 162 73 toutes
599 854 116 49 leurs
738 859 184 45 actions
952 873 112 30 auec
1090 855 173 49 deſſein
1292 856 63 49 de

115 918 58 51 les
185 919 137 65 faire,
336 924 61 48 les
410 920 176 52 raiſons
595 921 229 68 allegues
839 920 188 67 iuſques
1057 927 98 61 icy,
1181 931 46 40 &
1250 924 97 49 cel-

113 986 61 50 les
205 1006 93 51 que
325 994 308 65 i'apporteray
653 1008 168 32 encore
840 988 211 69 cy-apres,
1073 1006 278 38 montrent

112 1058 116 62 qu'iſ
253 1059 60 48 eſt
334 1059 245 49 neceſſaire
600 1058 157 67 que
704 1053 59 77 le
781 1062 208 64 principe
1010 1058 59 49 de
1089 1074 118 33 cette
1237 1077 109 49 per-

111 1130 186 45 ception
311 1136 44 40 &
370 1127 57 48 de
438 1146 51 28 ce
501 1126 171 48 deſſein
684 1123 90 51 ſoit
796 1124 229 68 Spirituel.
1084 1130 77 44 Or
1182 1128 164 63 quand

112 1142 94 98 —
219 1191 168 59 ſeroit
408 1213 52 29 (ce
484 1209 95 53 que
599 1210 119 31 nous
741 1211 61 30 ne
822 1208 198 49 croyons
1041 1201 105 58 pas)
1175 1191 95 49 cela
1288 1210 62 30 ne

113 1252 135 57 ſeroit
266 1277 316 33 aucunemènt
601 1262 227 63 injurieux
849 1258 26 49 à
898 1260 251 49 Homme:
1169 1277 111 30 car
1307 1264 44 44 ic

111 1338 58 34 ne
181 1333 105 44 vois
300 1347 179 32 aucune
488 1326 214 51 neceſſitè,
714 1345 120 50 que
855 1343 107 33 tout
983 1347 49 28 ce
1052 1331 85 63 qui
1154 1325 60 50 eſt
1241 1331 107 63 Spi-

113 1395 132 48 rituel
253 1394 102 52 ſoit
377 1399 59 47 de
455 1395 178 50 meſme
660 1394 191 69 eſpece,
888 1404 46 40 &
965 1399 63 44 ait
1058 1395 63 48 ſes
1150 1393 198 50 meſmes

76 1466 286 68 zuantages
389 1474 46 40 &
463 1468 317 63 prerogatiues
803 1480 93 53 que
926 1456 179 82 PEſprit
1127 1462 215 50 humain.

109 1526 362 62 Secondement
486 1536 43 43 ic
542 1532 68 47 dis
626 1547 92 52 que
731 1547 107 33 tout
846 1549 64 29 ce
926 1547 97 50 que
1038 1548 120 30 nous
1181 1536 170 42 remar-

107 1605 158 52 quons
288 1595 116 47 dans
425 1598 63 45 les
519 1597 198 48 diuerſes
746 1602 184 44 actions
960 1607 46 38 &
1040 1598 62 47 les
1132 1597 213 47 inſtincts

109 1658 78 50 des
212 1657 140 52 beſtes
373 1658 45 50 ſe
438 1678 111 50 peut
568 1661 97 49 fort
683 1665 112 46 bien
818 1664 238 65 expliquer
1079 1662 101 48 ſans
1203 1662 44 46 le
1274 1659 77 49 ſe-

110 1741 131 35 cours
256 1730 36 47 d
296 1730 189 48 aucuñie
504 1724 194 72 penſce;
725 1732 131 44 Ceunx
888 1732 84 60 qui
1001 1745 58 29 en
1087 1728 258 46 douteree

112 1803 139 41 wont
260 1796 112 68 qu·à
383 1797 92 49 lire
489 1796 48 50 ſe
558 1792 181 55 Traittè
759 1793 62 50 de
839 1793 251 50 fHomme
1109 1793 57 49 de
1190 1797 160 45 Mon-

113 1854 111 57 ſieur
243 1864 239 64 Beſcartes,
522 1875 42 52 &
606 1865 62 49 les
690 1880 277 55 remarques
989 1881 90 49 que
1101 1866 10 44 i
1119 1864 68 61 ay
1209 1858 131 50 faites

110 1924 181 67 deſſus,
315 1930 131 71 pour
463 1934 90 48 Sen
574 1930 235 50 eſclaireir.
855 1937 50 42 Ie
921 1929 188 69 reſpons
1132 1946 58 30 en
1218 1932 123 45 troi-

93 1984 168 91 ſieſme
283 2001 116 60 lieu,
422 2016 99 55 que
538 1998 92 53 foit
641 1984 90 91 que
742 1998 65 49 les
829 1997 144 49 beſtes
992 1998 352 66 apperęoiuent,

111 2075 63 34 ou
197 2082 120 33 non,
343 2070 96 47 cela
458 2088 59 31 ne
536 2069 89 50 ſert
646 2069 60 49 de
724 2071 99 47 rien
835 2082 125 54 pour
980 2063 240 69 expliquer
1239 2081 105 34 tou-

112 2139 65 57 tes
193 2130 118 53 leurs
335 2140 200 63 actions.
587 2142 126 64 Pour
734 2131 302 77 vouẽ
846 2126 65 86 le
910 2131 126 77 faire
1052 2136 122 57 voit,
1196 2133 150 67 conſi-

136 2241 17 15 —
