1776 2528
902 93 378 73 PREFACE:
1513 161 3 2 |

509 167 314 67 imagination
856 183 11 34 3
898 162 88 50 foit
1022 181 92 48 que
1152 183 116 30 nous
1306 179 125 34 nous
1466 163 236 54 feruiohs®

508 238 55 45 de
585 250 117 32 cette
722 230 167 51 faculté
911 250 115 49 pour
1050 246 118 35 nous
1194 224 288 87 reprefenter
1494 235 209 65 volon--

507 306 245 43 tairement
770 299 218 67 plufieurs
1013 299 183 59 chofes,
1232 302 89 46 foit
1352 317 91 50 que
1466 302 114 48 leurs
1600 298 103 52 ef--
1739 310 33 49 #

506 388 130 48 peces
659 362 271 78 reuiennent
937 368 179 47 d'elles
1150 367 195 49 mefmes
1374 367 100 51 fans
1503 388 27 47 y
1563 371 112 59 eftre
1701 390 4 18 :

507 434 206 69 apellées,
738 440 67 44 La
817 428 147 79 vifion
975 428 262 79 fpirituelle
1259 454 27 29 a
1306 435 164 51 befoin
1494 439 57 47 de
1572 438 104 48 l'in:

509 503 276 48 cellectuelle
822 521 116 49 pour
980 502 112 47 eltre
1126 512 231 39 reconnuë
1401 514 45 38 &
1498 505 136 68 jugée
1658 526 48 34 ;-

511 575 123 44 Mais
632 564 232 75 celle-cy
876 572 93 45 n'a
995 568 162 50 befoin
1188 573 238 46 d'aucune.
1443 572 80 47 des
1553 575 150 56 deux:

509 655 146 31 autres
678 659 12 32 ;
726 642 59 42 Et
807 632 113 76 ainfi
927 637 47 45 il
994 632 60 76 eft
1057 636 110 47 aifé
1187 639 58 46 de
1266 642 104 44 voir
1389 655 109 49 que
1524 640 43 47 la
1599 642 80 50 vi-

488 704 125 49 fion
635 704 272 65 Corporelle
926 703 59 47 eft
1004 701 202 50 foûmife
1228 702 33 48 à
1284 704 41 47 la
1352 704 154 49 vifion
1539 705 138 68 fpiri-

509 772 140 49 tuclle
678 808 13 22 ,
728 780 45 39 &
801 788 92 48 que
919 771 93 48 l'vn
1037 779 43 39 &
1106 769 158 49 l’autre
1299 770 43 48 le
1354 770 120 51 doit
1507 773 111 49 eftre
1649 774 61 49 à:

492 834 394 66 l'intellectuelle.
1535 841 2 2 |

604 905 41 49 Il
664 908 123 62 n'ya
805 909 103 44 rien
930 906 57 47 de
1007 903 32 49 fi
1072 905 91 48 aifé
1192 923 95 50 que
1312 908 56 47 de
1398 910 104 46 voir
1535 914 169 45 com=-

509 974 113 48 bien
645 991 49 33 ce
714 972 182 67 paflage
915 992 24 29 a
959 974 53 47 de
1022 974 168 65 raport
1210 992 109 30 auec
1339 974 63 47 les
1422 973 264 52 fentimens
1708 1010 2 2 :

510 1042 60 47 de
602 1038 242 52 Monfieur
878 1038 269 58 Defcartes
1120 1034 41 81 ;
1177 1045 61 43 Et
1269 1045 42 44 ie
1324 1059 78 31 ne
1428 1041 137 67 penfe
1595 1061 82 50 pas

511 1107 177 52 mefme
710 1125 94 51 que
825 1126 111 32 ceux
953 1112 84 66 qui
1055 1108 143 49 liront
1221 1108 41 48 Îe
1285 1125 120 33 texte
1429 1113 141 47 Latin
1592 1115 85 63 qui

513 1177 60 48 eft
592 1176 26 49 à
636 1176 55 50 la
708 1194 194 51 marge,
931 1174 44 50 fe
1002 1175 197 69 puiffent
1225 1175 239 70 perfuader
1499 1195 94 50 que
1626 1196 52 30 ce

512 1261 94 48 que
630 1251 85 58 j'ay
734 1243 172 66 ajoufté
927 1245 113 47 dans
1062 1263 76 28 ma
1161 1246 291 56 traduétion,
1485 1262 120 49 pour
1633 1246 46 48 le
1703 1265 10 21 :

511 1312 167 46 rendre
695 1311 96 66 plus
813 1311 109 47 clair
942 1348 14 21 ,
989 1320 43 38 &
1059 1329 116 48 pour
1195 1308 112 50 faire
1325 1315 158 47 mieux
1505 1318 107 44 voir
1631 1315 44 48 la
1668 1304 39 77 .

510 1375 162 67 penfée
691 1377 58 48 de
779 1381 130 44 Saint
940 1377 233 66 Auguftin
1194 1415 14 21 ,
1240 1377 79 67 luy
1351 1375 114 53 faffe
1498 1399 180 31 aucune
1706 1418 3 2 :

487 1440 249 79 violence.
757 1440 280 79 Concluons
1056 1444 125 47 donc
1203 1462 93 49 que
1316 1449 161 66 quand
1499 1448 33 48 il
1561 1468 25 29 à
1608 1451 69 47 dit
1700 1465 5 4 :

511 1512 257 63 cy-deuant
790 1527 95 51 que
907 1511 153 48 l’Ame
1078 1512 206 48 donnoit
1304 1513 44 47 la
1365 1518 75 44 vie
1461 1513 216 52 fenfitiue
1701 1535 13 22 :

511 1575 134 51 à.fon
656 1570 173 79 Corps,
865 1574 118 52 iln’a
1002 1577 222 68 paspenfé
1249 1580 167 63 qu’elle
1436 1581 77 64 luy
1537 1592 141 39 com-

509 1646 231 48 municaft
767 1646 43 47 la
837 1644 167 49 faculté
1032 1647 57 46 de
1119 1648 263 49 connoïftre
1414 1655 83 62 qui
1528 1649 149 51 refide
1710 1671 4 4 :

510 1731 55 30 en
569 1713 138 67 elle,
744 1723 44 40 &
813 1714 113 69 qu'il
947 1717 81 46 n'a
1051 1715 145 49 voulu
1225 1717 98 46 dire
1347 1731 132 30 autre
1509 1715 203 61 chofe,-

508 1780 136 50 finon
667 1792 94 55 que
782 1783 42 47 le
845 1781 225 66 compofé
1086 1787 83 58 qui
1164 1774 66 77 fe
1242 1778 97 61 fait
1359 1779 57 50 de
1438 1781 154 51 l’'Ame
1625 1795 47 39 &

506 1850 63 47 du
594 1855 179 58 Corps,
798 1848 162 63 quand
985 1847 52 44 ils
1059 1844 42 48 fe
1121 1850 220 63 joignent
1352 1866 24 41 ;
1392 1856 202 43 receuoit
1615 1854 58 47 de
1708 1873 2 3 :

505 1914 212 50 l’'Amela
746 1912 226 69 puiffance
989 1913 312 68 d’aperceuoir
1315 1916 69 48 les
1405 1917 158 50 chofes
1587 1924 86 63 qui
1703 1944 7 17 :

505 1979 183 69 frapent
709 1980 83 50 fon
813 1986 161 62 Corps.
975 1975 27 77 .

599 2055 96 53 Qui
718 2051 179 50 voudra
917 2048 180 63 fçauoir
1118 2051 98 64 plus
1230 2068 76 30 au
1329 2051 124 66 long
1488 2052 40 50 le
1563 2054 113 50 fen-

510 2113 165 78 timent
682 2124 349 59 dece.Sçauant
1056 2121 240 56 Doéteur,
1324 2135 111 52 peut
1456 2120 81 51 lire
1559 2123 126 58 l’ens.

1602 2231 9 13 LI
