<?xml version="1.0" encoding="UTF-8"?>
<alto xmlns="http://www.loc.gov/standards/alto/ns-v3#" xmlns:xlink="http://www.w3.org/1999/xlink" xmlns:xsi="http://www.w3.org/2001/XMLSchema-instance" xsi:schemaLocation="http://www.loc.gov/standards/alto/ns-v3# http://www.loc.gov/alto/v3/alto-3-0.xsd">
	<Description>
		<MeasurementUnit>pixel</MeasurementUnit>
		<sourceImageInformation>
			<fileName>			</fileName>
		</sourceImageInformation>
		<OCRProcessing ID="OCR_0">
			<ocrProcessingStep>
				<processingSoftware>
					<softwareName>tesseract v4.1.0-elag2019</softwareName>
				</processingSoftware>
			</ocrProcessingStep>
		</OCRProcessing>
	</Description>
	<Layout>
		<Page WIDTH="1776" HEIGHT="2528" PHYSICAL_IMG_NR="0" ID="page_0">
			<PrintSpace HPOS="0" VPOS="0" WIDTH="1776" HEIGHT="2528">
				<TextBlock ID="block_0" HPOS="166" VPOS="94" WIDTH="1370" HEIGHT="2171">
					<TextLine ID="line_0" HPOS="477" VPOS="94" WIDTH="559" HEIGHT="67">
						<String ID="string_0" HPOS="477" VPOS="156" WIDTH="9" HEIGHT="5" WC="0.90" CONTENT="|"/><SP WIDTH="173" VPOS="156" HPOS="486"/>
						<String ID="string_1" HPOS="659" VPOS="94" WIDTH="377" HEIGHT="56" WC="0.89" CONTENT="PREFACE."/>
					</TextLine>
					<TextLine ID="line_1" HPOS="181" VPOS="165" WIDTH="1326" HEIGHT="74">
						<String ID="string_2" HPOS="181" VPOS="184" WIDTH="90" HEIGHT="35" WC="0.96" CONTENT="ont"/><SP WIDTH="32" VPOS="184" HPOS="271"/>
						<String ID="string_3" HPOS="303" VPOS="166" WIDTH="43" HEIGHT="51" WC="0.61" CONTENT="Île"/><SP WIDTH="28" VPOS="166" HPOS="346"/>
						<String ID="string_4" HPOS="374" VPOS="165" WIDTH="349" HEIGHT="52" WC="0.91" CONTENT="raifonnement"/><SP WIDTH="34" VPOS="165" HPOS="723"/>
						<String ID="string_5" HPOS="757" VPOS="165" WIDTH="42" HEIGHT="49" WC="0.40" CONTENT="le"/><SP WIDTH="29" VPOS="165" HPOS="799"/>
						<String ID="string_6" HPOS="828" VPOS="160" WIDTH="110" HEIGHT="83" WC="0.54" CONTENT="plus."/><SP WIDTH="-1" VPOS="160" HPOS="938"/>
						<String ID="string_7" HPOS="937" VPOS="160" WIDTH="151" HEIGHT="83" WC="0.54" CONTENT="fort,"/><SP WIDTH="19" VPOS="160" HPOS="1088"/>
						<String ID="string_8" HPOS="1107" VPOS="177" WIDTH="39" HEIGHT="40" WC="0.93" CONTENT="&amp;"/><SP WIDTH="20" VPOS="177" HPOS="1146"/>
						<String ID="string_9" HPOS="1166" VPOS="171" WIDTH="91" HEIGHT="68" WC="0.93" CONTENT="qui"/><SP WIDTH="19" VPOS="171" HPOS="1257"/>
						<String ID="string_10" HPOS="1276" VPOS="168" WIDTH="231" HEIGHT="69" WC="0.71" CONTENT="digérene"/>
					</TextLine>
					<TextLine ID="line_2" HPOS="185" VPOS="232" WIDTH="1304" HEIGHT="70">
						<String ID="string_11" HPOS="185" VPOS="236" WIDTH="43" HEIGHT="51" WC="0.85" CONTENT="le"/><SP WIDTH="13" VPOS="236" HPOS="228"/>
						<String ID="string_12" HPOS="241" VPOS="242" WIDTH="156" HEIGHT="43" WC="0.94" CONTENT="mieux"/><SP WIDTH="12" VPOS="242" HPOS="397"/>
						<String ID="string_13" HPOS="409" VPOS="236" WIDTH="117" HEIGHT="47" WC="0.93" CONTENT="leurs"/><SP WIDTH="15" VPOS="236" HPOS="526"/>
						<String ID="string_14" HPOS="541" VPOS="232" WIDTH="200" HEIGHT="70" WC="0.72" CONTENT="penfées,"/><SP WIDTH="13" VPOS="232" HPOS="741"/>
						<String ID="string_15" HPOS="754" VPOS="234" WIDTH="93" HEIGHT="49" WC="0.93" CONTENT="afin"/><SP WIDTH="20" VPOS="234" HPOS="847"/>
						<String ID="string_16" HPOS="867" VPOS="233" WIDTH="306" HEIGHT="52" WC="0.90" CONTENT="delesrendre"/><SP WIDTH="15" VPOS="233" HPOS="1173"/>
						<String ID="string_17" HPOS="1188" VPOS="238" WIDTH="151" HEIGHT="48" WC="0.93" CONTENT="claires"/><SP WIDTH="16" VPOS="238" HPOS="1339"/>
						<String ID="string_18" HPOS="1355" VPOS="248" WIDTH="43" HEIGHT="39" WC="0.92" CONTENT="&amp;"/><SP WIDTH="15" VPOS="248" HPOS="1398"/>
						<String ID="string_19" HPOS="1413" VPOS="243" WIDTH="76" HEIGHT="44" WC="0.90" CONTENT="in-"/>
					</TextLine>
					<TextLine ID="line_3" HPOS="182" VPOS="300" WIDTH="1326" HEIGHT="76">
						<String ID="string_20" HPOS="182" VPOS="305" WIDTH="250" HEIGHT="66" WC="0.76" CONTENT="telligibles"/><SP WIDTH="25" VPOS="305" HPOS="432"/>
						<String ID="string_21" HPOS="457" VPOS="340" WIDTH="13" HEIGHT="21" WC="0.68" CONTENT=","/><SP WIDTH="28" VPOS="340" HPOS="470"/>
						<String ID="string_22" HPOS="498" VPOS="308" WIDTH="203" HEIGHT="62" WC="0.91" CONTENT="peuuent"/><SP WIDTH="32" VPOS="308" HPOS="701"/>
						<String ID="string_23" HPOS="733" VPOS="300" WIDTH="232" HEIGHT="51" WC="0.92" CONTENT="toufiours"/><SP WIDTH="28" VPOS="300" HPOS="965"/>
						<String ID="string_24" HPOS="993" VPOS="304" WIDTH="44" HEIGHT="48" WC="0.95" CONTENT="le"/><SP WIDTH="29" VPOS="304" HPOS="1037"/>
						<String ID="string_25" HPOS="1066" VPOS="300" WIDTH="156" HEIGHT="80" WC="0.90" CONTENT="mieux"/><SP WIDTH="10" VPOS="300" HPOS="1222"/>
						<String ID="string_26" HPOS="1232" VPOS="300" WIDTH="263" HEIGHT="80" WC="0.84" CONTENT="perfuader"/>
					</TextLine>
					<TextLine ID="line_4" HPOS="182" VPOS="369" WIDTH="1327" HEIGHT="73">
						<String ID="string_27" HPOS="182" VPOS="382" WIDTH="57" HEIGHT="40" WC="0.96" CONTENT="ce"/><SP WIDTH="21" VPOS="382" HPOS="239"/>
						<String ID="string_28" HPOS="260" VPOS="371" WIDTH="134" HEIGHT="71" WC="0.85" CONTENT="qu&#39;ils"/><SP WIDTH="21" VPOS="371" HPOS="394"/>
						<String ID="string_29" HPOS="415" VPOS="365" WIDTH="282" HEIGHT="81" WC="0.91" CONTENT="propofent,"/><SP WIDTH="11" VPOS="365" HPOS="697"/>
						<String ID="string_30" HPOS="708" VPOS="365" WIDTH="178" HEIGHT="81" WC="0.96" CONTENT="encore"/><SP WIDTH="9" VPOS="365" HPOS="886"/>
						<String ID="string_31" HPOS="895" VPOS="365" WIDTH="141" HEIGHT="81" WC="0.69" CONTENT="qu&#39;ils"/><SP WIDTH="22" VPOS="365" HPOS="1036"/>
						<String ID="string_32" HPOS="1058" VPOS="390" WIDTH="60" HEIGHT="30" WC="0.93" CONTENT="ne"/><SP WIDTH="20" VPOS="390" HPOS="1118"/>
						<String ID="string_33" HPOS="1138" VPOS="374" WIDTH="244" HEIGHT="66" WC="0.82" CONTENT="parlaffent"/><SP WIDTH="16" VPOS="374" HPOS="1382"/>
						<String ID="string_34" HPOS="1398" VPOS="387" WIDTH="111" HEIGHT="54" WC="0.19" CONTENT="que:"/>
					</TextLine>
					<TextLine ID="line_5" HPOS="183" VPOS="438" WIDTH="1307" HEIGHT="70">
						<String ID="string_35" HPOS="183" VPOS="440" WIDTH="314" HEIGHT="56" WC="0.84" CONTENT="bas-Breton:,"/><SP WIDTH="23" VPOS="440" HPOS="497"/>
						<String ID="string_36" HPOS="520" VPOS="440" WIDTH="134" HEIGHT="66" WC="0.54" CONTENT="qu&#39;ils"/><SP WIDTH="12" VPOS="440" HPOS="654"/>
						<String ID="string_37" HPOS="666" VPOS="438" WIDTH="221" HEIGHT="50" WC="0.46" CONTENT="n’euffent"/><SP WIDTH="19" VPOS="438" HPOS="887"/>
						<String ID="string_38" HPOS="906" VPOS="443" WIDTH="161" HEIGHT="45" WC="0.35" CONTENT="jamais"/><SP WIDTH="23" VPOS="443" HPOS="1067"/>
						<String ID="string_39" HPOS="1090" VPOS="445" WIDTH="117" HEIGHT="63" WC="0.93" CONTENT="apris"/><SP WIDTH="21" VPOS="445" HPOS="1207"/>
						<String ID="string_40" HPOS="1228" VPOS="442" WIDTH="56" HEIGHT="47" WC="0.93" CONTENT="de"/><SP WIDTH="15" VPOS="442" HPOS="1284"/>
						<String ID="string_41" HPOS="1299" VPOS="442" WIDTH="191" HEIGHT="49" WC="0.90" CONTENT="Rheto-"/>
					</TextLine>
					<TextLine ID="line_6" HPOS="185" VPOS="505" WIDTH="1305" HEIGHT="72">
						<String ID="string_42" HPOS="185" VPOS="512" WIDTH="149" HEIGHT="65" WC="0.93" CONTENT="rique."/><SP WIDTH="26" VPOS="512" HPOS="334"/>
						<String ID="string_43" HPOS="360" VPOS="507" WIDTH="118" HEIGHT="49" WC="0.88" CONTENT="C’eft"/><SP WIDTH="14" VPOS="507" HPOS="478"/>
						<String ID="string_44" HPOS="492" VPOS="524" WIDTH="250" HEIGHT="49" WC="0.90" CONTENT="pourquoy"/><SP WIDTH="24" VPOS="524" HPOS="742"/>
						<String ID="string_45" HPOS="766" VPOS="509" WIDTH="87" HEIGHT="61" WC="0.33" CONTENT="j&#39;ay"/><SP WIDTH="18" VPOS="509" HPOS="853"/>
						<String ID="string_46" HPOS="871" VPOS="511" WIDTH="89" HEIGHT="60" WC="0.96" CONTENT="pris"/><SP WIDTH="21" VPOS="511" HPOS="960"/>
						<String ID="string_47" HPOS="981" VPOS="505" WIDTH="103" HEIGHT="51" WC="0.95" CONTENT="foin"/><SP WIDTH="24" VPOS="505" HPOS="1084"/>
						<String ID="string_48" HPOS="1108" VPOS="510" WIDTH="382" HEIGHT="65" WC="0.95" CONTENT="principalement"/>
					</TextLine>
					<TextLine ID="line_7" HPOS="184" VPOS="572" WIDTH="1307" HEIGHT="62">
						<String ID="string_49" HPOS="184" VPOS="576" WIDTH="59" HEIGHT="49" WC="0.92" CONTENT="de"/><SP WIDTH="14" VPOS="576" HPOS="243"/>
						<String ID="string_50" HPOS="257" VPOS="580" WIDTH="107" HEIGHT="45" WC="0.92" CONTENT="bien"/><SP WIDTH="18" VPOS="580" HPOS="364"/>
						<String ID="string_51" HPOS="382" VPOS="568" WIDTH="250" HEIGHT="70" WC="0.91" CONTENT="conceuoir"/><SP WIDTH="9" VPOS="568" HPOS="632"/>
						<String ID="string_52" HPOS="641" VPOS="568" WIDTH="111" HEIGHT="70" WC="0.93" CONTENT="mon"/><SP WIDTH="32" VPOS="568" HPOS="752"/>
						<String ID="string_53" HPOS="784" VPOS="572" WIDTH="137" HEIGHT="62" WC="0.69" CONTENT="fujet,"/><SP WIDTH="16" VPOS="572" HPOS="921"/>
						<String ID="string_54" HPOS="937" VPOS="575" WIDTH="101" HEIGHT="56" WC="0.89" CONTENT="{car"/><SP WIDTH="22" VPOS="575" HPOS="1038"/>
						<String ID="string_55" HPOS="1060" VPOS="575" WIDTH="33" HEIGHT="48" WC="0.96" CONTENT="il"/><SP WIDTH="22" VPOS="575" HPOS="1093"/>
						<String ID="string_56" HPOS="1115" VPOS="593" WIDTH="76" HEIGHT="30" WC="0.92" CONTENT="me"/><SP WIDTH="19" VPOS="593" HPOS="1191"/>
						<String ID="string_57" HPOS="1210" VPOS="574" WIDTH="173" HEIGHT="51" WC="0.87" CONTENT="femble"/><SP WIDTH="21" VPOS="574" HPOS="1383"/>
						<String ID="string_58" HPOS="1404" VPOS="577" WIDTH="87" HEIGHT="51" WC="0.0" CONTENT="ab:"/>
					</TextLine>
					<TextLine ID="line_8" HPOS="184" VPOS="639" WIDTH="1328" HEIGHT="72">
						<String ID="string_59" HPOS="184" VPOS="639" WIDTH="653" HEIGHT="69" WC="0.32" CONTENT="folumentimpofhble"/><SP WIDTH="-138" VPOS="639" HPOS="837"/>
						<String ID="string_60" HPOS="699" VPOS="634" WIDTH="28" HEIGHT="81" WC="0.40" CONTENT=";"/><SP WIDTH="6" VPOS="634" HPOS="727"/>
						<String ID="string_61" HPOS="733" VPOS="634" WIDTH="109" HEIGHT="81" WC="0.93" CONTENT="que"/><SP WIDTH="15" VPOS="634" HPOS="842"/>
						<String ID="string_62" HPOS="857" VPOS="634" WIDTH="216" HEIGHT="81" WC="0.90" CONTENT="ceux-qui"/><SP WIDTH="7" VPOS="634" HPOS="1073"/>
						<String ID="string_63" HPOS="1080" VPOS="634" WIDTH="309" HEIGHT="81" WC="0.54" CONTENT="n‘entendent"/><SP WIDTH="24" VPOS="634" HPOS="1389"/>
						<String ID="string_64" HPOS="1413" VPOS="664" WIDTH="99" HEIGHT="47" WC="0.95" CONTENT="pas"/>
					</TextLine>
					<TextLine ID="line_9" HPOS="186" VPOS="707" WIDTH="1317" HEIGHT="71">
						<String ID="string_65" HPOS="162" VPOS="703" WIDTH="132" HEIGHT="79" WC="0.93" CONTENT="bien"/><SP WIDTH="12" VPOS="703" HPOS="294"/>
						<String ID="string_66" HPOS="306" VPOS="728" WIDTH="91" HEIGHT="32" WC="0.83" CONTENT="vne"/><SP WIDTH="13" VPOS="728" HPOS="397"/>
						<String ID="string_67" HPOS="410" VPOS="713" WIDTH="215" HEIGHT="52" WC="0.83" CONTENT="matiere,"/><SP WIDTH="20" VPOS="713" HPOS="625"/>
						<String ID="string_68" HPOS="645" VPOS="707" WIDTH="42" HEIGHT="48" WC="0.93" CONTENT="la"/><SP WIDTH="11" VPOS="707" HPOS="687"/>
						<String ID="string_69" HPOS="698" VPOS="703" WIDTH="200" HEIGHT="79" WC="0.75" CONTENT="puiffent"/><SP WIDTH="9" VPOS="703" HPOS="898"/>
						<String ID="string_70" HPOS="907" VPOS="703" WIDTH="164" HEIGHT="79" WC="0.90" CONTENT="iamais"/><SP WIDTH="30" VPOS="703" HPOS="1071"/>
						<String ID="string_71" HPOS="1101" VPOS="707" WIDTH="107" HEIGHT="52" WC="0.96" CONTENT="bien"/><SP WIDTH="20" VPOS="707" HPOS="1208"/>
						<String ID="string_72" HPOS="1228" VPOS="711" WIDTH="275" HEIGHT="67" WC="0.66" CONTENT="expliquer)"/>
					</TextLine>
					<TextLine ID="line_10" HPOS="191" VPOS="772" WIDTH="1303" HEIGHT="73">
						<String ID="string_73" HPOS="191" VPOS="788" WIDTH="46" HEIGHT="39" WC="0.92" CONTENT="&amp;"/><SP WIDTH="15" VPOS="788" HPOS="237"/>
						<String ID="string_74" HPOS="252" VPOS="778" WIDTH="110" HEIGHT="48" WC="0.83" CONTENT="dele"/><SP WIDTH="11" VPOS="778" HPOS="362"/>
						<String ID="string_75" HPOS="373" VPOS="773" WIDTH="201" HEIGHT="70" WC="0.83" CONTENT="difpofer"/><SP WIDTH="13" VPOS="773" HPOS="574"/>
						<String ID="string_76" HPOS="587" VPOS="772" WIDTH="173" HEIGHT="53" WC="0.91" CONTENT="detelle"/><SP WIDTH="21" VPOS="772" HPOS="760"/>
						<String ID="string_77" HPOS="781" VPOS="774" WIDTH="121" HEIGHT="50" WC="0.87" CONTENT="forte,"/><SP WIDTH="13" VPOS="774" HPOS="902"/>
						<String ID="string_78" HPOS="915" VPOS="794" WIDTH="126" HEIGHT="51" WC="0.96" CONTENT="que"/><SP WIDTH="18" VPOS="794" HPOS="1041"/>
						<String ID="string_79" HPOS="1059" VPOS="776" WIDTH="62" HEIGHT="49" WC="0.91" CONTENT="les"/><SP WIDTH="19" VPOS="776" HPOS="1121"/>
						<String ID="string_80" HPOS="1140" VPOS="779" WIDTH="198" HEIGHT="48" WC="0.93" CONTENT="derniers"/><SP WIDTH="23" VPOS="779" HPOS="1338"/>
						<String ID="string_81" HPOS="1361" VPOS="781" WIDTH="133" HEIGHT="48" WC="0.93" CONTENT="Cha-"/>
					</TextLine>
					<TextLine ID="line_11" HPOS="166" VPOS="842" WIDTH="1326" HEIGHT="75">
						<String ID="string_82" HPOS="166" VPOS="846" WIDTH="160" HEIGHT="71" WC="0.93" CONTENT="pitres"/><SP WIDTH="24" VPOS="846" HPOS="326"/>
						<String ID="string_83" HPOS="350" VPOS="838" WIDTH="166" HEIGHT="68" WC="0.85" CONTENT="fuffent"/><SP WIDTH="13" VPOS="838" HPOS="516"/>
						<String ID="string_84" HPOS="529" VPOS="838" WIDTH="84" HEIGHT="68" WC="0.96" CONTENT="des"/><SP WIDTH="22" VPOS="838" HPOS="613"/>
						<String ID="string_85" HPOS="635" VPOS="842" WIDTH="133" HEIGHT="49" WC="0.96" CONTENT="fuites"/><SP WIDTH="27" VPOS="842" HPOS="768"/>
						<String ID="string_86" HPOS="795" VPOS="843" WIDTH="260" HEIGHT="66" WC="0.91" CONTENT="neceffaires"/><SP WIDTH="20" VPOS="843" HPOS="1055"/>
						<String ID="string_87" HPOS="1075" VPOS="845" WIDTH="76" HEIGHT="48" WC="0.96" CONTENT="des"/><SP WIDTH="13" VPOS="845" HPOS="1151"/>
						<String ID="string_88" HPOS="1164" VPOS="850" WIDTH="214" HEIGHT="63" WC="0.92" CONTENT="premiers"/><SP WIDTH="32" VPOS="850" HPOS="1378"/>
						<String ID="string_89" HPOS="1410" VPOS="868" WIDTH="10" HEIGHT="35" WC="0.91" CONTENT=";"/><SP WIDTH="27" VPOS="868" HPOS="1420"/>
						<String ID="string_90" HPOS="1447" VPOS="859" WIDTH="45" HEIGHT="39" WC="0.92" CONTENT="&amp;"/>
					</TextLine>
					<TextLine ID="line_12" HPOS="190" VPOS="909" WIDTH="1319" HEIGHT="72">
						<String ID="string_91" HPOS="190" VPOS="932" WIDTH="93" HEIGHT="49" WC="0.92" CONTENT="que"/><SP WIDTH="28" VPOS="932" HPOS="283"/>
						<String ID="string_92" HPOS="311" VPOS="930" WIDTH="195" HEIGHT="48" WC="0.92" CONTENT="ceux-cy"/><SP WIDTH="21" VPOS="930" HPOS="506"/>
						<String ID="string_93" HPOS="527" VPOS="914" WIDTH="105" HEIGHT="46" WC="0.92" CONTENT="n&#39;en"/><SP WIDTH="31" VPOS="914" HPOS="632"/>
						<String ID="string_94" HPOS="663" VPOS="909" WIDTH="357" HEIGHT="69" WC="0.87" CONTENT="prefupofaflent"/><SP WIDTH="28" VPOS="909" HPOS="1020"/>
						<String ID="string_95" HPOS="1048" VPOS="930" WIDTH="171" HEIGHT="32" WC="0.93" CONTENT="aucuns"/><SP WIDTH="28" VPOS="930" HPOS="1219"/>
						<String ID="string_96" HPOS="1247" VPOS="924" WIDTH="162" HEIGHT="49" WC="0.86" CONTENT="auttes."/><SP WIDTH="37" VPOS="924" HPOS="1409"/>
						<String ID="string_97" HPOS="1446" VPOS="921" WIDTH="63" HEIGHT="43" WC="0.61" CONTENT="Le"/>
					</TextLine>
					<TextLine ID="line_13" HPOS="190" VPOS="979" WIDTH="1339" HEIGHT="71">
						<String ID="string_98" HPOS="190" VPOS="999" WIDTH="79" HEIGHT="31" WC="0.89" CONTENT="me"/><SP WIDTH="17" VPOS="999" HPOS="269"/>
						<String ID="string_99" HPOS="286" VPOS="980" WIDTH="87" HEIGHT="49" WC="0.88" CONTENT="fuis"/><SP WIDTH="19" VPOS="980" HPOS="373"/>
						<String ID="string_100" HPOS="392" VPOS="974" WIDTH="114" HEIGHT="80" WC="0.37" CONTENT="aufhi"/><SP WIDTH="2" VPOS="974" HPOS="506"/>
						<String ID="string_101" HPOS="508" VPOS="974" WIDTH="145" HEIGHT="80" WC="0.89" CONTENT="feruy"/><SP WIDTH="20" VPOS="974" HPOS="653"/>
						<String ID="string_102" HPOS="673" VPOS="980" WIDTH="80" HEIGHT="48" WC="0.96" CONTENT="des"/><SP WIDTH="25" VPOS="980" HPOS="753"/>
						<String ID="string_103" HPOS="778" VPOS="995" WIDTH="165" HEIGHT="32" WC="0.96" CONTENT="termes"/><SP WIDTH="33" VPOS="995" HPOS="943"/>
						<String ID="string_104" HPOS="976" VPOS="998" WIDTH="91" HEIGHT="48" WC="0.92" CONTENT="que"/><SP WIDTH="26" VPOS="998" HPOS="1067"/>
						<String ID="string_105" HPOS="1093" VPOS="982" WIDTH="94" HEIGHT="63" WC="0.46" CONTENT="j&#39;ay"/><SP WIDTH="21" VPOS="982" HPOS="1187"/>
						<String ID="string_106" HPOS="1208" VPOS="981" WIDTH="78" HEIGHT="48" WC="0.92" CONTENT="crû"/><SP WIDTH="23" VPOS="981" HPOS="1286"/>
						<String ID="string_107" HPOS="1309" VPOS="982" WIDTH="62" HEIGHT="49" WC="0.66" CONTENT="Les"/><SP WIDTH="24" VPOS="982" HPOS="1371"/>
						<String ID="string_108" HPOS="1395" VPOS="983" WIDTH="99" HEIGHT="67" WC="0.91" CONTENT="plus"/><SP WIDTH="30" VPOS="983" HPOS="1494"/>
						<String ID="string_109" HPOS="1524" VPOS="1008" WIDTH="5" HEIGHT="3" WC="0.77" CONTENT=":"/>
					</TextLine>
					<TextLine ID="line_14" HPOS="192" VPOS="1046" WIDTH="1305" HEIGHT="69">
						<String ID="string_110" HPOS="192" VPOS="1047" WIDTH="292" HEIGHT="68" WC="0.81" CONTENT="fignificatifs"/><SP WIDTH="24" VPOS="1047" HPOS="484"/>
						<String ID="string_111" HPOS="508" VPOS="1058" WIDTH="45" HEIGHT="38" WC="0.93" CONTENT="&amp;"/><SP WIDTH="30" VPOS="1058" HPOS="553"/>
						<String ID="string_112" HPOS="583" VPOS="1048" WIDTH="62" HEIGHT="47" WC="0.93" CONTENT="les"/><SP WIDTH="27" VPOS="1048" HPOS="645"/>
						<String ID="string_113" HPOS="672" VPOS="1046" WIDTH="113" HEIGHT="67" WC="0.93" CONTENT="plus"/><SP WIDTH="23" VPOS="1046" HPOS="785"/>
						<String ID="string_114" HPOS="808" VPOS="1046" WIDTH="302" HEIGHT="68" WC="0.89" CONTENT="intelligibles"/><SP WIDTH="24" VPOS="1046" HPOS="1110"/>
						<String ID="string_115" HPOS="1134" VPOS="1072" WIDTH="13" HEIGHT="34" WC="0.88" CONTENT=";"/><SP WIDTH="36" VPOS="1072" HPOS="1147"/>
						<String ID="string_116" HPOS="1183" VPOS="1047" WIDTH="314" HEIGHT="53" WC="0.96" CONTENT="déterminant"/>
					</TextLine>
					<TextLine ID="line_15" HPOS="193" VPOS="1114" WIDTH="1305" HEIGHT="72">
						<String ID="string_117" HPOS="193" VPOS="1109" WIDTH="165" HEIGHT="81" WC="0.53" CONTENT="meéfme"/><SP WIDTH="-1" VPOS="1109" HPOS="358"/>
						<String ID="string_118" HPOS="357" VPOS="1109" WIDTH="62" HEIGHT="81" WC="0.84" CONTENT="la"/><SP WIDTH="16" VPOS="1109" HPOS="419"/>
						<String ID="string_119" HPOS="435" VPOS="1114" WIDTH="314" HEIGHT="70" WC="0.86" CONTENT="fignification"/><SP WIDTH="13" VPOS="1114" HPOS="749"/>
						<String ID="string_120" HPOS="762" VPOS="1114" WIDTH="57" HEIGHT="48" WC="0.96" CONTENT="de"/><SP WIDTH="13" VPOS="1114" HPOS="819"/>
						<String ID="string_121" HPOS="832" VPOS="1133" WIDTH="110" HEIGHT="29" WC="0.96" CONTENT="ceux"/><SP WIDTH="8" VPOS="1133" HPOS="942"/>
						<String ID="string_122" HPOS="950" VPOS="1118" WIDTH="97" HEIGHT="63" WC="0.93" CONTENT="qui"/><SP WIDTH="21" VPOS="1118" HPOS="1047"/>
						<String ID="string_123" HPOS="1068" VPOS="1119" WIDTH="212" HEIGHT="45" WC="0.59" CONTENT="auroient"/><SP WIDTH="21" VPOS="1119" HPOS="1280"/>
						<String ID="string_124" HPOS="1301" VPOS="1118" WIDTH="64" HEIGHT="68" WC="0.33" CONTENT="pü"/><SP WIDTH="23" VPOS="1118" HPOS="1365"/>
						<String ID="string_125" HPOS="1388" VPOS="1119" WIDTH="110" HEIGHT="48" WC="0.91" CONTENT="eftre"/>
					</TextLine>
					<TextLine ID="line_16" HPOS="193" VPOS="1180" WIDTH="1321" HEIGHT="74">
						<String ID="string_126" HPOS="193" VPOS="1181" WIDTH="316" HEIGHT="73" WC="0.91" CONTENT="équiuoques,"/><SP WIDTH="24" VPOS="1181" HPOS="509"/>
						<String ID="string_127" HPOS="533" VPOS="1200" WIDTH="190" HEIGHT="30" WC="0.96" CONTENT="comme"/><SP WIDTH="22" VPOS="1200" HPOS="723"/>
						<String ID="string_128" HPOS="745" VPOS="1198" WIDTH="111" HEIGHT="32" WC="0.93" CONTENT="ceux"/><SP WIDTH="14" VPOS="1198" HPOS="856"/>
						<String ID="string_129" HPOS="870" VPOS="1180" WIDTH="180" HEIGHT="68" WC="0.71" CONTENT="d&#39;Efprir"/><SP WIDTH="21" VPOS="1180" HPOS="1050"/>
						<String ID="string_130" HPOS="1071" VPOS="1191" WIDTH="44" HEIGHT="38" WC="0.89" CONTENT="&amp;"/><SP WIDTH="31" VPOS="1191" HPOS="1115"/>
						<String ID="string_131" HPOS="1146" VPOS="1182" WIDTH="146" HEIGHT="50" WC="0.66" CONTENT="d&#39;Idée."/><SP WIDTH="35" VPOS="1182" HPOS="1292"/>
						<String ID="string_132" HPOS="1327" VPOS="1189" WIDTH="105" HEIGHT="56" WC="0.95" CONTENT="Que"/><SP WIDTH="30" VPOS="1189" HPOS="1432"/>
						<String ID="string_133" HPOS="1462" VPOS="1185" WIDTH="52" HEIGHT="48" WC="0.57" CONTENT="fi"/>
					</TextLine>
					<TextLine ID="line_17" HPOS="196" VPOS="1246" WIDTH="1324" HEIGHT="74">
						<String ID="string_134" HPOS="196" VPOS="1251" WIDTH="205" HEIGHT="69" WC="0.93" CONTENT="quelque"/><SP WIDTH="23" VPOS="1251" HPOS="401"/>
						<String ID="string_135" HPOS="424" VPOS="1248" WIDTH="237" HEIGHT="68" WC="0.92" CONTENT="Cartefien"/><SP WIDTH="22" VPOS="1248" HPOS="661"/>
						<String ID="string_136" HPOS="683" VPOS="1265" WIDTH="105" HEIGHT="51" WC="0.93" CONTENT="trop"/><SP WIDTH="19" VPOS="1265" HPOS="788"/>
						<String ID="string_137" HPOS="807" VPOS="1247" WIDTH="265" HEIGHT="70" WC="0.91" CONTENT="fcrupuleux"/><SP WIDTH="17" VPOS="1247" HPOS="1072"/>
						<String ID="string_138" HPOS="1089" VPOS="1246" WIDTH="44" HEIGHT="51" WC="0.93" CONTENT="fe"/><SP WIDTH="15" VPOS="1246" HPOS="1133"/>
						<String ID="string_139" HPOS="1148" VPOS="1247" WIDTH="261" HEIGHT="54" WC="0.92" CONTENT="fcandalife"/><SP WIDTH="32" VPOS="1247" HPOS="1409"/>
						<String ID="string_140" HPOS="1441" VPOS="1254" WIDTH="58" HEIGHT="48" WC="0.95" CONTENT="de"/>
					</TextLine>
					<TextLine ID="line_18" HPOS="196" VPOS="1315" WIDTH="1302" HEIGHT="71">
						<String ID="string_141" HPOS="196" VPOS="1324" WIDTH="105" HEIGHT="43" WC="0.96" CONTENT="voir"/><SP WIDTH="24" VPOS="1324" HPOS="301"/>
						<String ID="string_142" HPOS="325" VPOS="1337" WIDTH="89" HEIGHT="49" WC="0.91" CONTENT="que"/><SP WIDTH="13" VPOS="1337" HPOS="414"/>
						<String ID="string_143" HPOS="427" VPOS="1322" WIDTH="85" HEIGHT="63" WC="0.56" CONTENT="j&#39;ay"/><SP WIDTH="19" VPOS="1322" HPOS="512"/>
						<String ID="string_144" HPOS="531" VPOS="1318" WIDTH="210" HEIGHT="48" WC="0.91" CONTENT="reftraint"/><SP WIDTH="21" VPOS="1318" HPOS="741"/>
						<String ID="string_145" HPOS="762" VPOS="1318" WIDTH="251" HEIGHT="48" WC="0.84" CONTENT="ce‘dernier"/><SP WIDTH="26" VPOS="1318" HPOS="1013"/>
						<String ID="string_146" HPOS="1039" VPOS="1311" WIDTH="82" HEIGHT="79" WC="0.93" CONTENT="aux"/><SP WIDTH="13" VPOS="1311" HPOS="1121"/>
						<String ID="string_147" HPOS="1134" VPOS="1315" WIDTH="157" HEIGHT="52" WC="0.91" CONTENT="feules"/><SP WIDTH="20" VPOS="1315" HPOS="1291"/>
						<String ID="string_148" HPOS="1311" VPOS="1317" WIDTH="187" HEIGHT="69" WC="0.96" CONTENT="formes"/>
					</TextLine>
					<TextLine ID="line_19" HPOS="194" VPOS="1383" WIDTH="1305" HEIGHT="70">
						<String ID="string_149" HPOS="194" VPOS="1386" WIDTH="77" HEIGHT="48" WC="0.93" CONTENT="dés"/><SP WIDTH="20" VPOS="1386" HPOS="271"/>
						<String ID="string_150" HPOS="291" VPOS="1385" WIDTH="185" HEIGHT="68" WC="0.92" CONTENT="penfées"/><SP WIDTH="18" VPOS="1385" HPOS="476"/>
						<String ID="string_151" HPOS="494" VPOS="1387" WIDTH="64" HEIGHT="48" WC="0.92" CONTENT="de"/><SP WIDTH="19" VPOS="1387" HPOS="558"/>
						<String ID="string_152" HPOS="577" VPOS="1383" WIDTH="230" HEIGHT="68" WC="0.62" CONTENT="l&#39;Efprit,."/><SP WIDTH="24" VPOS="1383" HPOS="807"/>
						<String ID="string_153" HPOS="831" VPOS="1399" WIDTH="131" HEIGHT="52" WC="0.53" CONTENT="quoyÿ"/><SP WIDTH="24" VPOS="1399" HPOS="962"/>
						<String ID="string_154" HPOS="986" VPOS="1398" WIDTH="91" HEIGHT="54" WC="0.93" CONTENT="que"/><SP WIDTH="29" VPOS="1398" HPOS="1077"/>
						<String ID="string_155" HPOS="1106" VPOS="1384" WIDTH="240" HEIGHT="51" WC="0.92" CONTENT="Monfieur"/><SP WIDTH="33" VPOS="1384" HPOS="1346"/>
						<String ID="string_156" HPOS="1379" VPOS="1387" WIDTH="120" HEIGHT="52" WC="0.26" CONTENT="Déf-"/>
					</TextLine>
					<TextLine ID="line_20" HPOS="193" VPOS="1451" WIDTH="1307" HEIGHT="69">
						<String ID="string_157" HPOS="193" VPOS="1471" WIDTH="143" HEIGHT="30" WC="0.96" CONTENT="cartes"/><SP WIDTH="35" VPOS="1471" HPOS="336"/>
						<String ID="string_158" HPOS="371" VPOS="1456" WIDTH="94" HEIGHT="46" WC="0.61" CONTENT="s’en"/><SP WIDTH="6" VPOS="1456" HPOS="465"/>
						<String ID="string_159" HPOS="471" VPOS="1451" WIDTH="138" HEIGHT="50" WC="0.89" CONTENT="ferue"/><SP WIDTH="23" VPOS="1451" HPOS="609"/>
						<String ID="string_160" HPOS="632" VPOS="1447" WIDTH="116" HEIGHT="77" WC="0.69" CONTENT="aufli"/><SP WIDTH="5" VPOS="1447" HPOS="748"/>
						<String ID="string_161" HPOS="753" VPOS="1447" WIDTH="123" HEIGHT="77" WC="0.93" CONTENT="pour"/><SP WIDTH="30" VPOS="1447" HPOS="876"/>
						<String ID="string_162" HPOS="906" VPOS="1451" WIDTH="206" HEIGHT="69" WC="0.76" CONTENT="fignifier"/><SP WIDTH="21" VPOS="1451" HPOS="1112"/>
						<String ID="string_163" HPOS="1133" VPOS="1455" WIDTH="64" HEIGHT="47" WC="0.86" CONTENT="les"/><SP WIDTH="25" VPOS="1455" HPOS="1197"/>
						<String ID="string_164" HPOS="1222" VPOS="1451" WIDTH="172" HEIGHT="53" WC="0.95" CONTENT="formes"/><SP WIDTH="29" VPOS="1451" HPOS="1394"/>
						<String ID="string_165" HPOS="1423" VPOS="1459" WIDTH="77" HEIGHT="46" WC="0.96" CONTENT="des"/>
					</TextLine>
					<TextLine ID="line_21" HPOS="192" VPOS="1518" WIDTH="1310" HEIGHT="70">
						<String ID="string_166" HPOS="192" VPOS="1518" WIDTH="155" HEIGHT="67" WC="0.90" CONTENT="efprits"/><SP WIDTH="15" VPOS="1518" HPOS="347"/>
						<String ID="string_167" HPOS="362" VPOS="1525" WIDTH="243" HEIGHT="53" WC="0.92" CONTENT="animaux,"/><SP WIDTH="24" VPOS="1525" HPOS="605"/>
						<String ID="string_168" HPOS="629" VPOS="1519" WIDTH="252" HEIGHT="69" WC="0.93" CONTENT="aufquelles"/><SP WIDTH="24" VPOS="1519" HPOS="881"/>
						<String ID="string_169" HPOS="905" VPOS="1539" WIDTH="69" HEIGHT="29" WC="0.96" CONTENT="ces"/><SP WIDTH="12" VPOS="1539" HPOS="974"/>
						<String ID="string_170" HPOS="986" VPOS="1537" WIDTH="151" HEIGHT="33" WC="0.96" CONTENT="autres"/><SP WIDTH="15" VPOS="1537" HPOS="1137"/>
						<String ID="string_171" HPOS="1152" VPOS="1518" WIDTH="171" HEIGHT="53" WC="0.96" CONTENT="formes"/><SP WIDTH="15" VPOS="1518" HPOS="1323"/>
						<String ID="string_172" HPOS="1338" VPOS="1524" WIDTH="56" HEIGHT="46" WC="0.96" CONTENT="de"/><SP WIDTH="21" VPOS="1524" HPOS="1394"/>
						<String ID="string_173" HPOS="1415" VPOS="1541" WIDTH="87" HEIGHT="30" WC="0.96" CONTENT="nos"/>
					</TextLine>
					<TextLine ID="line_22" HPOS="192" VPOS="1585" WIDTH="1312" HEIGHT="77">
						<String ID="string_174" HPOS="192" VPOS="1585" WIDTH="185" HEIGHT="65" WC="0.91" CONTENT="penfées"/><SP WIDTH="23" VPOS="1585" HPOS="377"/>
						<String ID="string_175" HPOS="400" VPOS="1586" WIDTH="106" HEIGHT="50" WC="0.96" CONTENT="font"/><SP WIDTH="20" VPOS="1586" HPOS="506"/>
						<String ID="string_176" HPOS="526" VPOS="1587" WIDTH="254" HEIGHT="58" WC="0.96" CONTENT="attachées,"/><SP WIDTH="36" VPOS="1587" HPOS="780"/>
						<String ID="string_177" HPOS="816" VPOS="1592" WIDTH="41" HEIGHT="43" WC="0.96" CONTENT="ie"/><SP WIDTH="22" VPOS="1592" HPOS="857"/>
						<String ID="string_178" HPOS="879" VPOS="1587" WIDTH="42" HEIGHT="48" WC="0.80" CONTENT="le"/><SP WIDTH="19" VPOS="1587" HPOS="921"/>
						<String ID="string_179" HPOS="940" VPOS="1592" WIDTH="95" HEIGHT="63" WC="0.96" CONTENT="prie"/><SP WIDTH="19" VPOS="1592" HPOS="1035"/>
						<String ID="string_180" HPOS="1054" VPOS="1589" WIDTH="58" HEIGHT="48" WC="0.93" CONTENT="de"/><SP WIDTH="21" VPOS="1589" HPOS="1112"/>
						<String ID="string_181" HPOS="1133" VPOS="1586" WIDTH="258" HEIGHT="52" WC="0.92" CONTENT="confiderer"/><SP WIDTH="20" VPOS="1586" HPOS="1391"/>
						<String ID="string_182" HPOS="1411" VPOS="1586" WIDTH="93" HEIGHT="76" WC="0.96" CONTENT="que"/>
					</TextLine>
					<TextLine ID="line_23" HPOS="194" VPOS="1652" WIDTH="1327" HEIGHT="69">
						<String ID="string_183" HPOS="194" VPOS="1652" WIDTH="116" HEIGHT="48" WC="0.93" CONTENT="dans"/><SP WIDTH="25" VPOS="1652" HPOS="310"/>
						<String ID="string_184" HPOS="335" VPOS="1669" WIDTH="94" HEIGHT="29" WC="0.89" CONTENT="vne"/><SP WIDTH="11" VPOS="1669" HPOS="429"/>
						<String ID="string_185" HPOS="440" VPOS="1648" WIDTH="200" HEIGHT="77" WC="0.93" CONTENT="matiere"/><SP WIDTH="20" VPOS="1648" HPOS="640"/>
						<String ID="string_186" HPOS="660" VPOS="1654" WIDTH="122" HEIGHT="48" WC="0.81" CONTENT="aufli."/><SP WIDTH="16" VPOS="1654" HPOS="782"/>
						<String ID="string_187" HPOS="798" VPOS="1653" WIDTH="192" HEIGHT="49" WC="0.91" CONTENT="obfcure"/><SP WIDTH="19" VPOS="1653" HPOS="990"/>
						<String ID="string_188" HPOS="1009" VPOS="1657" WIDTH="154" HEIGHT="64" WC="0.20" CONTENT="qu’eft"/><SP WIDTH="33" VPOS="1657" HPOS="1163"/>
						<String ID="string_189" HPOS="1196" VPOS="1656" WIDTH="227" HEIGHT="63" WC="0.70" CONTENT="celle-cy,"/><SP WIDTH="32" VPOS="1656" HPOS="1423"/>
						<String ID="string_190" HPOS="1455" VPOS="1668" WIDTH="66" HEIGHT="38" WC="0.73" CONTENT="&amp;"/>
					</TextLine>
					<TextLine ID="line_24" HPOS="198" VPOS="1715" WIDTH="1308" HEIGHT="71">
						<String ID="string_191" HPOS="198" VPOS="1719" WIDTH="66" HEIGHT="50" WC="0.96" CONTENT="où"/><SP WIDTH="21" VPOS="1719" HPOS="264"/>
						<String ID="string_192" HPOS="285" VPOS="1720" WIDTH="44" HEIGHT="48" WC="0.93" CONTENT="la"/><SP WIDTH="22" VPOS="1720" HPOS="329"/>
						<String ID="string_193" HPOS="351" VPOS="1715" WIDTH="194" HEIGHT="71" WC="0.86" CONTENT="méprife"/><SP WIDTH="15" VPOS="1715" HPOS="545"/>
						<String ID="string_194" HPOS="560" VPOS="1719" WIDTH="137" HEIGHT="45" WC="0.86" CONTENT="eftoit"/><SP WIDTH="19" VPOS="1719" HPOS="697"/>
						<String ID="string_195" HPOS="716" VPOS="1736" WIDTH="336" HEIGHT="32" WC="0.95" CONTENT="extremement"/><SP WIDTH="12" VPOS="1736" HPOS="1052"/>
						<String ID="string_196" HPOS="1064" VPOS="1722" WIDTH="26" HEIGHT="46" WC="0.96" CONTENT="à"/><SP WIDTH="20" VPOS="1722" HPOS="1090"/>
						<String ID="string_197" HPOS="1110" VPOS="1722" WIDTH="217" HEIGHT="46" WC="0.87" CONTENT="craindre"/><SP WIDTH="14" VPOS="1722" HPOS="1327"/>
						<String ID="string_198" HPOS="1341" VPOS="1753" WIDTH="12" HEIGHT="24" WC="0.87" CONTENT=","/><SP WIDTH="13" VPOS="1753" HPOS="1353"/>
						<String ID="string_199" HPOS="1366" VPOS="1727" WIDTH="58" HEIGHT="59" WC="0.96" CONTENT="ie"/><SP WIDTH="22" VPOS="1727" HPOS="1424"/>
						<String ID="string_200" HPOS="1446" VPOS="1742" WIDTH="60" HEIGHT="31" WC="0.96" CONTENT="ne"/>
					</TextLine>
					<TextLine ID="line_25" HPOS="197" VPOS="1780" WIDTH="1307" HEIGHT="74">
						<String ID="string_201" HPOS="197" VPOS="1792" WIDTH="201" HEIGHT="62" WC="0.91" CONTENT="pouuois"/><SP WIDTH="15" VPOS="1792" HPOS="398"/>
						<String ID="string_202" HPOS="413" VPOS="1786" WIDTH="108" HEIGHT="49" WC="0.91" CONTENT="eftre"/><SP WIDTH="22" VPOS="1786" HPOS="521"/>
						<String ID="string_203" HPOS="543" VPOS="1802" WIDTH="106" HEIGHT="51" WC="0.93" CONTENT="trop"/><SP WIDTH="20" VPOS="1802" HPOS="649"/>
						<String ID="string_204" HPOS="669" VPOS="1780" WIDTH="266" HEIGHT="70" WC="0.91" CONTENT="fcrupuleux"/><SP WIDTH="21" VPOS="1780" HPOS="935"/>
						<String ID="string_205" HPOS="956" VPOS="1785" WIDTH="113" HEIGHT="47" WC="0.96" CONTENT="dans"/><SP WIDTH="18" VPOS="1785" HPOS="1069"/>
						<String ID="string_206" HPOS="1087" VPOS="1787" WIDTH="43" HEIGHT="45" WC="0.83" CONTENT="Le"/><SP WIDTH="26" VPOS="1787" HPOS="1130"/>
						<String ID="string_207" HPOS="1156" VPOS="1783" WIDTH="137" HEIGHT="50" WC="0.96" CONTENT="choix"/><SP WIDTH="20" VPOS="1783" HPOS="1293"/>
						<String ID="string_208" HPOS="1313" VPOS="1787" WIDTH="76" HEIGHT="50" WC="0.93" CONTENT="des"/><SP WIDTH="21" VPOS="1787" HPOS="1389"/>
						<String ID="string_209" HPOS="1410" VPOS="1802" WIDTH="94" HEIGHT="38" WC="0.51" CONTENT="ter-"/>
					</TextLine>
					<TextLine ID="line_26" HPOS="201" VPOS="1849" WIDTH="1305" HEIGHT="74">
						<String ID="string_210" HPOS="201" VPOS="1871" WIDTH="134" HEIGHT="43" WC="0.84" CONTENT="mes,"/><SP WIDTH="36" VPOS="1871" HPOS="335"/>
						<String ID="string_211" HPOS="371" VPOS="1874" WIDTH="63" HEIGHT="46" WC="0.96" CONTENT="ny"/><SP WIDTH="24" VPOS="1874" HPOS="434"/>
						<String ID="string_212" HPOS="458" VPOS="1855" WIDTH="195" HEIGHT="68" WC="0.96" CONTENT="prendre"/><SP WIDTH="20" VPOS="1855" HPOS="653"/>
						<String ID="string_213" HPOS="673" VPOS="1869" WIDTH="105" HEIGHT="51" WC="0.96" CONTENT="trop"/><SP WIDTH="25" VPOS="1869" HPOS="778"/>
						<String ID="string_214" HPOS="803" VPOS="1851" WIDTH="57" HEIGHT="51" WC="0.96" CONTENT="de"/><SP WIDTH="19" VPOS="1851" HPOS="860"/>
						<String ID="string_215" HPOS="879" VPOS="1849" WIDTH="102" HEIGHT="53" WC="0.93" CONTENT="foin"/><SP WIDTH="20" VPOS="1849" HPOS="981"/>
						<String ID="string_216" HPOS="1001" VPOS="1852" WIDTH="190" HEIGHT="51" WC="0.77" CONTENT="d’éuiter"/><SP WIDTH="19" VPOS="1852" HPOS="1191"/>
						<String ID="string_217" HPOS="1210" VPOS="1851" WIDTH="62" HEIGHT="50" WC="0.93" CONTENT="les"/><SP WIDTH="33" VPOS="1851" HPOS="1272"/>
						<String ID="string_218" HPOS="1305" VPOS="1852" WIDTH="201" HEIGHT="71" WC="0.92" CONTENT="équiuo-"/>
					</TextLine>
					<TextLine ID="line_27" HPOS="203" VPOS="1920" WIDTH="1325" HEIGHT="70">
						<String ID="string_219" HPOS="203" VPOS="1941" WIDTH="111" HEIGHT="49" WC="0.93" CONTENT="ques"/><SP WIDTH="12" VPOS="1941" HPOS="314"/>
						<String ID="string_220" HPOS="326" VPOS="1914" WIDTH="140" HEIGHT="80" WC="0.57" CONTENT="&amp;:les"/><SP WIDTH="25" VPOS="1914" HPOS="466"/>
						<String ID="string_221" HPOS="491" VPOS="1920" WIDTH="202" HEIGHT="69" WC="0.87" CONTENT="difputes"/><SP WIDTH="22" VPOS="1920" HPOS="693"/>
						<String ID="string_222" HPOS="715" VPOS="1922" WIDTH="77" HEIGHT="49" WC="0.96" CONTENT="des"/><SP WIDTH="21" VPOS="1922" HPOS="792"/>
						<String ID="string_223" HPOS="813" VPOS="1939" WIDTH="147" HEIGHT="33" WC="0.96" CONTENT="mots."/><SP WIDTH="31" VPOS="1939" HPOS="960"/>
						<String ID="string_224" HPOS="991" VPOS="1925" WIDTH="46" HEIGHT="46" WC="0.92" CONTENT="Ie"/><SP WIDTH="24" VPOS="1925" HPOS="1037"/>
						<String ID="string_225" HPOS="1061" VPOS="1921" WIDTH="301" HEIGHT="61" WC="0.96" CONTENT="demande"/><SP WIDTH="-70" VPOS="1921" HPOS="1362"/>
						<String ID="string_226" HPOS="1292" VPOS="1914" WIDTH="81" HEIGHT="80" WC="0.90" CONTENT="la"/><SP WIDTH="16" VPOS="1914" HPOS="1373"/>
						<String ID="string_227" HPOS="1389" VPOS="1927" WIDTH="139" HEIGHT="51" WC="0.70" CONTENT="mef-"/>
					</TextLine>
					<TextLine ID="line_28" HPOS="203" VPOS="1988" WIDTH="1305" HEIGHT="70">
						<String ID="string_228" HPOS="203" VPOS="2008" WIDTH="76" HEIGHT="30" WC="0.96" CONTENT="me"/><SP WIDTH="24" VPOS="2008" HPOS="279"/>
						<String ID="string_229" HPOS="303" VPOS="2007" WIDTH="153" HEIGHT="50" WC="0.39" CONTENT="grace."/><SP WIDTH="18" VPOS="2007" HPOS="456"/>
						<String ID="string_230" HPOS="474" VPOS="1991" WIDTH="26" HEIGHT="49" WC="0.39" CONTENT="à"/><SP WIDTH="25" VPOS="1991" HPOS="500"/>
						<String ID="string_231" HPOS="525" VPOS="2008" WIDTH="111" HEIGHT="31" WC="0.95" CONTENT="ceux"/><SP WIDTH="30" VPOS="2008" HPOS="636"/>
						<String ID="string_232" HPOS="666" VPOS="1992" WIDTH="83" HEIGHT="66" WC="0.96" CONTENT="qui"/><SP WIDTH="38" VPOS="1992" HPOS="749"/>
						<String ID="string_233" HPOS="787" VPOS="1989" WIDTH="187" HEIGHT="49" WC="0.96" CONTENT="veulent"/><SP WIDTH="29" VPOS="1989" HPOS="974"/>
						<String ID="string_234" HPOS="1003" VPOS="1993" WIDTH="147" HEIGHT="64" WC="0.93" CONTENT="qu&#39;on"/><SP WIDTH="35" VPOS="1993" HPOS="1150"/>
						<String ID="string_235" HPOS="1185" VPOS="1988" WIDTH="190" HEIGHT="54" WC="0.91" CONTENT="obferue"/><SP WIDTH="41" VPOS="1988" HPOS="1375"/>
						<String ID="string_236" HPOS="1416" VPOS="2015" WIDTH="92" HEIGHT="30" WC="0.91" CONTENT="vne"/>
					</TextLine>
					<TextLine ID="line_29" HPOS="205" VPOS="2057" WIDTH="1322" HEIGHT="71">
						<String ID="string_237" HPOS="205" VPOS="2057" WIDTH="342" HEIGHT="64" WC="0.89" CONTENT="puretéentiere"/><SP WIDTH="30" VPOS="2057" HPOS="547"/>
						<String ID="string_238" HPOS="577" VPOS="2060" WIDTH="115" HEIGHT="47" WC="0.93" CONTENT="dans"/><SP WIDTH="2" VPOS="2060" HPOS="692"/>
						<String ID="string_239" HPOS="694" VPOS="2053" WIDTH="184" HEIGHT="79" WC="0.92" CONTENT="noftre"/><SP WIDTH="10" VPOS="2053" HPOS="878"/>
						<String ID="string_240" HPOS="888" VPOS="2094" WIDTH="226" HEIGHT="21" WC="0.93" CONTENT="langue,"/><SP WIDTH="36" VPOS="2094" HPOS="1114"/>
						<String ID="string_241" HPOS="1150" VPOS="2066" WIDTH="45" HEIGHT="39" WC="0.93" CONTENT="&amp;"/><SP WIDTH="6" VPOS="2066" HPOS="1195"/>
						<String ID="string_242" HPOS="1201" VPOS="2053" WIDTH="88" HEIGHT="79" WC="0.69" CONTENT="les"/><SP WIDTH="17" VPOS="2053" HPOS="1289"/>
						<String ID="string_243" HPOS="1306" VPOS="2058" WIDTH="114" HEIGHT="70" WC="0.43" CONTENT="‘prie"/><SP WIDTH="30" VPOS="2058" HPOS="1420"/>
						<String ID="string_244" HPOS="1450" VPOS="2067" WIDTH="77" HEIGHT="48" WC="0.55" CONTENT="de’"/>
					</TextLine>
					<TextLine ID="line_30" HPOS="207" VPOS="2126" WIDTH="1329" HEIGHT="73">
						<String ID="string_245" HPOS="207" VPOS="2127" WIDTH="248" HEIGHT="68" WC="0.54" CONTENT="m&#39;exculer"/><SP WIDTH="20" VPOS="2127" HPOS="455"/>
						<String ID="string_246" HPOS="475" VPOS="2126" WIDTH="88" HEIGHT="68" WC="0.0" CONTENT="fi"/><SP WIDTH="34" VPOS="2126" HPOS="563"/>
						<String ID="string_247" HPOS="597" VPOS="2127" WIDTH="111" HEIGHT="50" WC="0.93" CONTENT="dans"/><SP WIDTH="22" VPOS="2127" HPOS="708"/>
						<String ID="string_248" HPOS="730" VPOS="2126" WIDTH="292" HEIGHT="67" WC="0.90" CONTENT="vn-Traitté"/><SP WIDTH="20" VPOS="2126" HPOS="1022"/>
						<String ID="string_249" HPOS="1042" VPOS="2126" WIDTH="359" HEIGHT="73" WC="0.56" CONTENT="Metaphyfiaue"/><SP WIDTH="19" VPOS="2126" HPOS="1401"/>
						<String ID="string_250" HPOS="1420" VPOS="2170" WIDTH="15" HEIGHT="22" WC="0.56" CONTENT=","/><SP WIDTH="25" VPOS="2170" HPOS="1435"/>
						<String ID="string_251" HPOS="1460" VPOS="2139" WIDTH="76" HEIGHT="53" WC="0.76" CONTENT="ie"/>
					</TextLine>
					<TextLine ID="line_31" HPOS="1187" VPOS="2214" WIDTH="129" HEIGHT="51">
						<String ID="string_252" HPOS="1187" VPOS="2214" WIDTH="41" HEIGHT="46" WC="0.23" CONTENT="£"/><SP WIDTH="32" VPOS="2214" HPOS="1228"/>
						<String ID="string_253" HPOS="1260" VPOS="2215" WIDTH="56" HEIGHT="50" WC="0.50" CONTENT="1};"/>
					</TextLine>
				</TextBlock>
			</PrintSpace>
		</Page>
	</Layout>
</alto>
