1776 2528
449 104 62 50 8
870 83 440 53 VTVRRXITTE*

451 164 221 47 Lecteur;
694 157 35 49 à
734 157 158 47 moins
915 156 190 65 dequoy
1130 155 99 49 ceſt
1240 174 93 31 vne
1347 153 139 51 choſe
1504 156 207 50 ridiculè-

450 232 57 45 de
519 227 219 64 changer
732 217 71 78 la
810 221 334 70 ſignification
1166 226 241 47 ordinaire
1431 225 130 49 d'vn
1579 244 129 30 nom

450 295 101 48 ſans
587 311 181 35 aucune
796 289 244 53 neceſſité.
1087 290 135 61 C'eſt
1256 309 253 51 pourquoy
1540 294 166 66 quand

418 364 143 49 bien
577 360 273 50 Tertullien
861 378 58 32 en
941 376 216 32 mettant
1170 364 127 45 Dieu
1311 369 54 41 &
1387 378 87 31 nos
1497 380 125 30 ames
1645 379 69 31 au

452 448 125 48 rang
594 430 79 47 des
699 434 179 61 Corps,
902 429 209 47 mauroit
1119 427 142 49 voulu
1291 430 100 47 dire
1412 446 130 32 autre
1564 427 153 50 choſe

429 488 164 79 ſinòn
600 514 100 49 que
715 515 57 32 ce
778 492 194 71 ſontdes
993 493 147 51 Eſtres
1164 493 148 60 réels,
1331 504 45 40 &
1401 514 102 31 non
1525 516 78 47 pas
1625 499 94 46 des.

455 566 410 62 chimeres
688 557 91 77 (ce
778 557 97 77 qui
877 574 74 38 ma
964 565 161 45 iamais
1144 561 87 49 eſtè
1252 563 69 47 dit
1343 581 79 49 par
1443 563 272 66 perſonne)

456 634 33 49 il
509 652 59 29 ne
590 631 219 48 laiſſeroit
833 649 78 46 pas
930 630 157 49 d'eſtre
1117 628 258 52 blaſmable,
1385 628 164 71 pour.
1572 636 148 45 auoir

455 700 103 55 ſans
584 696 168 65 beſoin
786 696 199 51 eſtendu
1007 696 57 48 la
1081 695 321 68 ſignification
1434 700 58 46 de
1521 719 51 28 ce
1598 715 123 33 mot

458 787 59 33 au
526 766 127 53 delà
672 766 73 51 de
729 757 78 77 ſa
818 761 335 69 ſignification
1181 766 266 55 ordinaire;
1486 767 236 49 donnant

459 832 117 56 ainſi
593 830 263 52 occaſion
821 826 41 80 à
878 850 110 31 ceux
1013 837 83 63 qui
1118 850 69 33 ne
1198 830 192 68 ſcauent
1419 853 89 48 pas
1534 835 191 67 qu'elle

460 902 61 48 eſt
545 920 58 30 en
625 900 93 49 cela
736 898 46 49 ſa
792 898 165 67 penſẽe
968 900 63 51 de
1044 905 280 63 imaginer,
1336 902 116 64 quil
1464 921 29 29 a
1506 903 82 48 crù
1615 920 110 50 que

461 973 126 46 Dieu
619 977 46 42 &
698 967 156 49 noſtre
884 985 100 32 ame
1002 967 208 49 eſtoient
1231 963 266 78 materiels.
1513 974 195 63 Epicure

461 1036 62 49 eſt
553 1032 166 56 tombe
740 1035 114 47 dans
879 1034 63 51 la
953 1028 169 70 meſme
1151 1032 190 62 faute,
1356 1033 82 51 ſur
1459 1056 93 31 vne
1580 1052 147 36 autre

445 1097 234 78 matiere,
686 1102 103 50 lors
800 1102 151 68 quil
926 1097 39 78 a
968 1103 72 48 dit
1062 1119 93 52 que
1177 1122 88 33 nos
1287 1101 101 51 ſens
1400 1121 59 33 ne
1487 1104 58 50 ſe
1554 1097 172 78 trom-

463 1170 575 70 poientiamais.
821 1166 86 79 Car
913 1166 60 79 il
972 1166 93 79 eſt
1064 1171 126 50 bien.
1196 1166 186 79 certain
1393 1166 115 79 qu'il
1531 1175 74 46 na
1629 1191 98 50 pas

463 1240 151 47 Voulu
632 1243 126 53 nier,
772 1255 102 50 que
892 1238 68 49 les
977 1242 264 63 iugements
1257 1255 99 51 que
1378 1258 120 30 nous
1531 1239 196 51 faiſons

464 1304 72 49 ſur
563 1306 42 48 le
627 1304 94 49 ſeul
742 1321 191 51 rapport
953 1306 57 46 de
1033 1324 86 30 nos
1143 1304 129 60 ſens,
1287 1324 70 40 ne
1388 1303 170 54 fuſſent
1591 1310 135 48 aſſes-

466 1370 198 52 ſouuent
678 1369 144 60 faux,
825 1389 73 48 ny
920 1388 92 50 que
1008 1365 93 83 les
1110 1365 165 83 objets
1296 1392 59 30 ne
1380 1372 175 53 fuſſent
1572 1377 157 67 quel-

468 1437 205 70 quesfois
693 1455 263 35 autrement
989 1439 134 64 quils
1146 1458 60 31 ne
1226 1458 121 31 nous
1379 1444 347 64 apparoiſſent,

468 1511 82 61 qui
579 1505 78 52 eſt
678 1504 223 49 toutefois
949 1505 58 49 la
1035 1504 139 51 ſeule
1195 1505 139 51 choſe
1372 1512 358 65 qufentendent

469 1593 111 30 ceux
583 1567 101 82 qui
700 1601 10 9 ·
717 1571 151 52 diſent
881 1572 187 68 queles
1086 1572 110 53 ſens
1212 1573 44 50 ſe
1285 1592 278 53 trompent:
1594 1582 139 45 mais-

467 1644 33 48 ib
525 1662 24 29 a
570 1640 257 53 ſeulement
839 1641 144 51 voulu
1012 1643 113 60 dire,
1143 1661 90 49 que
1252 1644 63 49 les
1338 1651 275 61 opcrations
1632 1647 99 47 des

433 1709 136 64 ſens
594 1710 205 49 eſtoient
819 1710 374 60 veritables,
1120 1705 80 79 de
1207 1728 138 30 cette
1381 1709 155 49 verité
1560 1715 170 65 qu'on

468 1779 624 56 nommed'exiſtence,
983 1771 116 81 ceſt
1104 1777 25 46 à
1140 1780 114 55 dire,
1269 1793 98 52 que
1389 1777 61 50 les
1461 1779 153 66 objets
1626 1799 98 49 pa-

469 1846 248 49 roiſſoient
753 1842 360 52 veritablement
1145 1843 100 52 tels
1267 1847 141 67 qu'ils
1445 1864 121 31 nous
1605 1866 123 49 par-

469 1914 262 50 roiſſoient.
759 1917 70 44 Ce
839 1915 84 63 qui
933 1912 109 49 neſt
1056 1916 145 65 point
1205 1914 63 49 du
1282 1931 105 30 tout
1398 1930 58 32 en
1478 1916 250 69 queſtion:

471 1990 45 40 &
587 1987 47 44 qui
654 1981 72 52 ma
730 1973 178 84 iamais
938 1980 87 48 eſtõ
1048 1981 77 50 niè
1145 1985 57 44 de
1257 1977 222 65 perſonne,
1499 1981 107 57 non
1634 1999 97 54 pas

469 1999 238 118 ee
747 2050 62 48 les
825 2054 241 58 Stoiques;
1081 2050 125 47 Mais
1269 2050 265 50 Tertullien
1557 2070 26 30 a
1597 2068 126 34 vou-

468 2111 47 50 lu
517 2115 133 60 dire,
667 2107 159 87 comme
833 2117 102 67 ily
942 2133 33 51 à
994 2114 177 69 grande
1191 2133 278 53 apparence,
1487 2136 99 54 que
1609 2125 120 57 tous

702 2216 13 14 .
