1776 2528
142 1698 58 30 Sed
209 1694 155 41 quomodo
380 1690 53 31 eſſe

142 1739 84 28 ſuum
247 1739 172 33 impertiunt

140 1775 148 35 corpori?
300 1771 122 28 miſcent

143 1825 36 19 ne
191 1811 93 40 ipſum?
299 1811 115 42 mini-

143 1864 49 18 me
227 1851 72 38 perit
312 1857 78 19 enim

144 1889 191 32 confunditur
358 1885 78 38 quod

146 1929 148 31 miſcetur.
318 1928 43 25 An
372 1933 67 19 tan-

145 1978 73 31 gunt
234 1969 125 34 corpus?
384 1972 52 17 ge-

145 2015 165 33 quaquam;
324 1997 113 41 Tactus

148 2049 79 28 enim
245 2044 122 29 duorum
386 2038 39 45 eſt

147 2083 129 41 corporũ
296 2087 139 33 proprius.

148 2119 144 48 Nunquid
304 2117 82 31 claud
391 2126 49 17 un-

149 2172 47 22 tur
211 2163 32 30 iu
252 2166 61 33 eo?
327 2165 93 31 nequs

815 81 391 56 P.REEACX.

415 151 86 70 qui
513 151 60 50 eſt
583 149 191 70 preſque
784 149 273 67 ſpirituelle,
1066 167 132 50 parce
1207 149 169 69 qu'elle
1385 156 64 43 ne
1461 150 144 68 peut

418 221 111 48 cſtre
539 218 100 50 ſans
648 225 243 7 lEmec.

491 286 165 64 Quelle
668 279 135 79 peut/
807 279 110 79 eſtre
929 301 124 32 cette
1065 286 147 67 partie
1233 283 282 70 fantaſtique
1537 287 72 48 de

421 356 155 48 PAme
600 359 83 62 qui
704 353 109 50 meſt
825 371 85 98 F
933 360 150 60 Corps
1106 357 117 43 mais
1254 353 256 50 ſemblable
1539 369 70 33 au

426 429 150 60 Corps,
610 419 59 62 ſi
685 441 50 28 ce
756 440 57 30 ne
846 437 85 31 ſont
946 420 61 48 les
1026 419 185 68 penſces
1224 420 213 50 confuſes
1451 423 56 47 de
1528 421 76 58 li-

427 493 300 63 magination
741 490 81 66 qui
835 494 67 42 ne
924 486 106 50 ſont
1035 504 103 51 pas
1149 526 179 29 Corps,
1356 490 148 48 eſtant
1524 489 94 48 des.

429 562 269 63 opcrations
718 559 57 46 dẽ
797 554 227 69 lEſprit:
1050 561 126 44 Mais
1199 555 249 50 toutesfois
1481 555 124 50 ſem-

429 625 175 49 blables
624 642 57 32 au
701 630 187 60 Corps,
914 641 132 51 parce
1076 624 188 67 qu'elles
1297 624 42 47 le
1368 620 241 71 repreſen-

432 709 129 41 tent,
583 701 45 39 &
644 691 189 66 qu'elles
856 708 57 29 en
932 691 297 65 dependent?
1245 695 61 44 Et
1323 691 154 65 quelle
1498 705 127 51 peut

435 762 114 47 eſtre
567 775 118 33 cette
705 762 144 63 partie
884 755 212 50 ſenſitiue
1125 758 64 48 du
1220 763 182 61 Corps,
1435 763 83 63 qui
1548 757 77 48 eſt

435 826 194 70 preſque
640 824 160 69 eſprit,
822 843 131 49 parce
975 824 164 69 qu'elle
1157 844 58 31 ne
1238 818 102 82 peut
1367 818 125 82 eſtre
1510 823 119 51 ſans

437 898 155 46 PAme,
601 892 176 60 ſinon
790 909 117 31 cette
919 896 113 62 igna
1054 897 92 54 vis,
1169 894 138 48 oules
1329 891 157 70 eſprits
1506 897 108 45 ani-

436 980 169 40 maux,
641 966 84 60 qui
746 963 262 45 mauroient
1029 980 75 48 pas
1126 962 46 49 le
1190 966 202 64 pouuoir
1414 963 58 46 de
1494 979 136 30 nous

438 1028 114 50 faire
571 1033 99 45 rien
691 1025 139 51 ſentir
856 1026 35 49 ſi
918 1028 127 66 celuy
1069 1048 81 49 qui
1180 1048 25 29 à
1242 1049 95 46 vny
1368 1029 165 48 PAme
1556 1027 84 50 au.

439 1101 169 64 Corps
627 1096 188 50 n'auoit
835 1095 108 50 auſſi
974 1094 182 53 attachè
1184 1116 87 31 nos
1302 1094 185 71 penſces
1527 1102 108 52 aux

442 1162 175 53 formies
630 1164 138 69 qu'ils
778 1181 256 52 prennent.

538 1235 92 64 lay
630 1226 97 77 dit
733 1233 114 48 dãns
866 1234 41 46 le
933 1248 414 35 commencement
1367 1234 58 48 de
1451 1251 50 28 ce
1524 1230 98 50 diſ-

447 1318 158 40 cours,
619 1319 91 49 que
722 1300 63 47 les
799 1297 249 50 ſentimens
1063 1301 60 46 de
1134 1301 200 47 Marcile
1353 1297 146 53 Eiſcin
1522 1302 119 45 me-

446 1367 170 48 ſtoient
652 1382 77 52 pas
767 1365 218 68 cloignez
1023 1367 58 56 de
1118 1387 110 28 ceux
1270 1368 58 48 de
1375 1366 269 52 Monſieur

448 1431 268 54 Deſcartes.
763 1440 130 42 Ceux
926 1437 84 62 qui
1048 1451 86 31 ont
1175 1435 75 48 leu
1279 1434 45 61 ſa
1355 1436 286 64 Theologie

451 1502 286 68 Platonique
744 1504 115 45 nen
887 1517 198 50 peuuent
1105 1503 194 57 douter,
1325 1513 45 38 &
1394 1506 89 58 jen
1505 1520 136 49 pou-

450 1572 93 46 rois
558 1572 278 45 conuaincre
858 1568 62 48 les
943 1585 150 31 autres
1112 1587 83 48 par
1212 1569 213 67 quantitè
1446 1571 57 46 de
1523 1569 108 67 paſ-

451 1636 153 67 ſages:
633 1640 123 46 Mais
777 1641 42 44 ie
843 1655 108 49 croy
1008 1655 56 30 que
1085 1637 215 68 celuydcy
1327 1640 104 47 doit
1454 1636 191 55 ſuffire;

457 1710 161 61 Vdicy
635 1725 187 30 comme
795 1698 80 79 il
883 1706 165 67 parſe;
1073 1710 125 46 Mais
1220 1718 244 36 comment
1453 1698 120 79 eſt-
1580 1724 52 28 ce

456 1792 93 50 que
587 1775 62 47 les
689 1774 169 70 Eſprits
897 1789 201 50 peuuent
1139 1775 361 67 communiquer
1536 1771 114 50 leur

456 1844 109 46 cſtre
577 1859 58 29 au
659 1847 187 58 Corps?
862 1845 57 39 Se
940 1831 175 79 melent
1136 1837 66 49 ils
1220 1857 110 30 auec
1351 1840 113 66 luy?
1483 1843 165 46 Point

458 1912 62 47 du
553 1923 143 38 tout;
736 1912 93 43 Car
859 1922 113 31 tout
993 1924 48 29 ce
1072 1909 83 63 qui
1190 1905 44 51 ſe
1273 1907 117 49 mele
1429 1912 117 61 perit
1584 1917 57 41 &

456 1979 114 63 perd
593 1976 44 50 ſa
659 1992 185 42 nature,
865 1994 58 29 en
947 1972 43 51 ſe
1011 1973 303 51 confondant
1329 1992 111 30 auec
1461 1992 66 32 vn
1546 1993 103 31 au-

458 2060 78 34 tre.
580 2049 248 47 Seroit
730 2040 36 72 /
772 2040 72 72 ce
859 2062 60 29 en
940 2044 232 48 touchant
1189 2044 41 45 le
1261 2047 189 61 Corps?
1485 2047 161 51 Non;

457 2130 74 45 car
585 2114 366 70 latouchement
1002 2127 60 50 ne
1118 2124 111 53 Peut
1246 2138 28 37 &
1294 2108 113 73 eſtre
1455 2116 188 68 quen-
