<?xml version="1.0" encoding="UTF-8"?>
<alto xmlns="http://www.loc.gov/standards/alto/ns-v3#" xmlns:xlink="http://www.w3.org/1999/xlink" xmlns:xsi="http://www.w3.org/2001/XMLSchema-instance" xsi:schemaLocation="http://www.loc.gov/standards/alto/ns-v3# http://www.loc.gov/alto/v3/alto-3-0.xsd">
	<Description>
		<MeasurementUnit>pixel</MeasurementUnit>
		<sourceImageInformation>
			<fileName>			</fileName>
		</sourceImageInformation>
		<OCRProcessing ID="OCR_0">
			<ocrProcessingStep>
				<processingSoftware>
					<softwareName>tesseract v4.1.0-elag2019</softwareName>
				</processingSoftware>
			</ocrProcessingStep>
		</OCRProcessing>
	</Description>
	<Layout>
		<Page WIDTH="1776" HEIGHT="2528" PHYSICAL_IMG_NR="0" ID="page_0">
			<PrintSpace HPOS="0" VPOS="0" WIDTH="1776" HEIGHT="2528">
				<TextBlock ID="block_0" HPOS="209" VPOS="110" WIDTH="1489" HEIGHT="267">
					<TextLine ID="line_0" HPOS="907" VPOS="110" WIDTH="396" HEIGHT="45">
						<String ID="string_0" HPOS="907" VPOS="110" WIDTH="396" HEIGHT="45" WC="0.43" CONTENT="PREEACE."/>
					</TextLine>
					<TextLine ID="line_1" HPOS="215" VPOS="172" WIDTH="1483" HEIGHT="83">
						<String ID="string_1" HPOS="215" VPOS="178" WIDTH="298" HEIGHT="77" WC="0.0" CONTENT="e"/><SP WIDTH="21" VPOS="178" HPOS="513"/>
						<String ID="string_2" HPOS="534" VPOS="176" WIDTH="215" HEIGHT="57" WC="0.81" CONTENT="dehors,"/><SP WIDTH="39" VPOS="176" HPOS="749"/>
						<String ID="string_3" HPOS="788" VPOS="191" WIDTH="189" HEIGHT="31" WC="0.89" CONTENT="comme,"/><SP WIDTH="42" VPOS="191" HPOS="977"/>
						<String ID="string_4" HPOS="1019" VPOS="174" WIDTH="77" HEIGHT="47" WC="0.78" CONTENT="Sil"/><SP WIDTH="42" VPOS="174" HPOS="1096"/>
						<String ID="string_5" HPOS="1138" VPOS="176" WIDTH="201" HEIGHT="65" WC="0.54" CONTENT="poumoit"/><SP WIDTH="44" VPOS="176" HPOS="1339"/>
						<String ID="string_6" HPOS="1383" VPOS="172" WIDTH="111" HEIGHT="49" WC="0.91" CONTENT="eſtre"/><SP WIDTH="23" VPOS="172" HPOS="1494"/>
						<String ID="string_7" HPOS="1517" VPOS="173" WIDTH="181" HEIGHT="52" WC="0.50" CONTENT="abſent"/>
					</TextLine>
					<TextLine ID="line_2" HPOS="209" VPOS="240" WIDTH="1487" HEIGHT="70">
						<String ID="string_8" HPOS="209" VPOS="244" WIDTH="292" HEIGHT="58" WC="0.0" CONTENT="iic"/><SP WIDTH="33" VPOS="244" HPOS="501"/>
						<String ID="string_9" HPOS="534" VPOS="245" WIDTH="57" HEIGHT="47" WC="0.75" CONTENT="de"/><SP WIDTH="13" VPOS="245" HPOS="591"/>
						<String ID="string_10" HPOS="604" VPOS="244" WIDTH="93" HEIGHT="64" WC="0.88" CONTENT="luy,"/><SP WIDTH="16" VPOS="244" HPOS="697"/>
						<String ID="string_11" HPOS="713" VPOS="261" WIDTH="60" HEIGHT="30" WC="0.92" CONTENT="ou"/><SP WIDTH="13" VPOS="261" HPOS="773"/>
						<String ID="string_12" HPOS="786" VPOS="260" WIDTH="90" HEIGHT="49" WC="0.92" CONTENT="que"/><SP WIDTH="11" VPOS="260" HPOS="876"/>
						<String ID="string_13" HPOS="887" VPOS="241" WIDTH="203" HEIGHT="69" WC="0.91" CONTENT="quelque"/><SP WIDTH="11" VPOS="241" HPOS="1090"/>
						<String ID="string_14" HPOS="1101" VPOS="240" WIDTH="141" HEIGHT="54" WC="0.63" CONTENT="chioſe"/><SP WIDTH="13" VPOS="240" HPOS="1242"/>
						<String ID="string_15" HPOS="1255" VPOS="241" WIDTH="76" HEIGHT="65" WC="0.91" CONTENT="luy"/><SP WIDTH="16" VPOS="241" HPOS="1331"/>
						<String ID="string_16" HPOS="1347" VPOS="241" WIDTH="98" HEIGHT="67" WC="0.93" CONTENT="puſt"/><SP WIDTH="22" VPOS="241" HPOS="1445"/>
						<String ID="string_17" HPOS="1467" VPOS="241" WIDTH="110" HEIGHT="49" WC="0.89" CONTENT="eſtre"/><SP WIDTH="19" VPOS="241" HPOS="1577"/>
						<String ID="string_18" HPOS="1596" VPOS="243" WIDTH="100" HEIGHT="66" WC="0.92" CONTENT="plus"/>
					</TextLine>
					<TextLine ID="line_3" HPOS="226" VPOS="293" WIDTH="1471" HEIGHT="84">
						<String ID="string_19" HPOS="325" VPOS="304" WIDTH="148" HEIGHT="27" WC="0.0" CONTENT="nten"/><SP WIDTH="53" VPOS="304" HPOS="473"/>
						<String ID="string_20" HPOS="526" VPOS="309" WIDTH="212" HEIGHT="68" WC="0.92" CONTENT="preſente"/><SP WIDTH="21" VPOS="309" HPOS="738"/>
						<String ID="string_21" HPOS="759" VPOS="328" WIDTH="90" HEIGHT="48" WC="0.88" CONTENT="que"/><SP WIDTH="18" VPOS="328" HPOS="849"/>
						<String ID="string_22" HPOS="867" VPOS="310" WIDTH="76" HEIGHT="64" WC="0.88" CONTENT="luy"/><SP WIDTH="26" VPOS="310" HPOS="943"/>
						<String ID="string_23" HPOS="969" VPOS="307" WIDTH="188" HEIGHT="55" WC="0.77" CONTENT="meſme."/><SP WIDTH="32" VPOS="307" HPOS="1157"/>
						<String ID="string_24" HPOS="1189" VPOS="310" WIDTH="125" HEIGHT="63" WC="0.88" CONTENT="Quil"/><SP WIDTH="26" VPOS="310" HPOS="1314"/>
						<String ID="string_25" HPOS="1340" VPOS="309" WIDTH="133" HEIGHT="49" WC="0.52" CONTENT="tache"/><SP WIDTH="20" VPOS="309" HPOS="1473"/>
						<String ID="string_26" HPOS="1493" VPOS="310" WIDTH="126" HEIGHT="49" WC="0.91" CONTENT="donc"/><SP WIDTH="19" VPOS="310" HPOS="1619"/>
						<String ID="string_27" HPOS="1638" VPOS="312" WIDTH="59" HEIGHT="47" WC="0.89" CONTENT="de"/>
					</TextLine>
				</TextBlock>
				<TextBlock ID="block_1" HPOS="225" VPOS="334" WIDTH="221" HEIGHT="32">
					<TextLine ID="line_4" HPOS="225" VPOS="334" WIDTH="221" HEIGHT="32">
						<String ID="string_28" HPOS="225" VPOS="341" WIDTH="59" HEIGHT="18" WC="0.92" CONTENT="non"/><SP WIDTH="10" VPOS="341" HPOS="284"/>
						<String ID="string_29" HPOS="294" VPOS="334" WIDTH="152" HEIGHT="32" WC="0.90" CONTENT="amauerit,"/>
					</TextLine>
				</TextBlock>
				<TextBlock ID="block_2" HPOS="223" VPOS="368" WIDTH="1471" HEIGHT="81">
					<TextLine ID="line_5" HPOS="223" VPOS="368" WIDTH="1471" HEIGHT="81">
						<String ID="string_30" HPOS="223" VPOS="380" WIDTH="146" HEIGHT="28" WC="0.72" CONTENT="nanquam"/><SP WIDTH="12" VPOS="380" HPOS="369"/>
						<String ID="string_31" HPOS="381" VPOS="370" WIDTH="110" HEIGHT="28" WC="0.92" CONTENT="neſcie-"/><SP WIDTH="18" VPOS="370" HPOS="491"/>
						<String ID="string_32" HPOS="509" VPOS="368" WIDTH="66" HEIGHT="67" WC="0.86" CONTENT="ſe"/><SP WIDTH="19" VPOS="368" HPOS="575"/>
						<String ID="string_33" HPOS="594" VPOS="374" WIDTH="212" HEIGHT="75" WC="0.92" CONTENT="regarder"/><SP WIDTH="19" VPOS="374" HPOS="806"/>
						<String ID="string_34" HPOS="825" VPOS="372" WIDTH="161" HEIGHT="75" WC="0.88" CONTENT="comme"/><SP WIDTH="3" VPOS="372" HPOS="986"/>
						<String ID="string_35" HPOS="989" VPOS="376" WIDTH="245" HEIGHT="67" WC="0.90" CONTENT="preſent,"/><SP WIDTH="41" VPOS="376" HPOS="1234"/>
						<String ID="string_36" HPOS="1275" VPOS="385" WIDTH="45" HEIGHT="41" WC="0.84" CONTENT="&amp;"/><SP WIDTH="29" VPOS="385" HPOS="1320"/>
						<String ID="string_37" HPOS="1349" VPOS="377" WIDTH="59" HEIGHT="52" WC="0.91" CONTENT="de"/><SP WIDTH="8" VPOS="377" HPOS="1408"/>
						<String ID="string_38" HPOS="1416" VPOS="371" WIDTH="66" HEIGHT="68" WC="0.64" CONTENT="ſc"/><SP WIDTH="34" VPOS="371" HPOS="1482"/>
						<String ID="string_39" HPOS="1516" VPOS="372" WIDTH="178" HEIGHT="76" WC="0.92" CONTENT="ſeparer"/>
					</TextLine>
				</TextBlock>
				<TextBlock ID="block_3" HPOS="223" VPOS="408" WIDTH="286" HEIGHT="31">
					<TextLine ID="line_6" HPOS="223" VPOS="408" WIDTH="286" HEIGHT="31">
						<String ID="string_40" HPOS="223" VPOS="411" WIDTH="51" HEIGHT="28" WC="0.57" CONTENT="rit,"/><SP WIDTH="13" VPOS="411" HPOS="274"/>
						<String ID="string_41" HPOS="287" VPOS="409" WIDTH="48" HEIGHT="28" WC="0.73" CONTENT="fed"/><SP WIDTH="9" VPOS="409" HPOS="335"/>
						<String ID="string_42" HPOS="344" VPOS="408" WIDTH="58" HEIGHT="29" WC="0.88" CONTENT="alià"/><SP WIDTH="10" VPOS="408" HPOS="402"/>
						<String ID="string_43" HPOS="412" VPOS="408" WIDTH="97" HEIGHT="28" WC="0.92" CONTENT="ſecum"/>
					</TextLine>
				</TextBlock>
				<TextBlock ID="block_4" HPOS="186" VPOS="444" WIDTH="1571" HEIGHT="1748">
					<TextLine ID="line_7" HPOS="221" VPOS="444" WIDTH="1472" HEIGHT="75">
						<String ID="string_44" HPOS="221" VPOS="447" WIDTH="277" HEIGHT="72" WC="0.0" CONTENT="nn"/><SP WIDTH="31" VPOS="447" HPOS="498"/>
						<String ID="string_45" HPOS="529" VPOS="446" WIDTH="57" HEIGHT="46" WC="0.75" CONTENT="de"/><SP WIDTH="12" VPOS="446" HPOS="586"/>
						<String ID="string_46" HPOS="598" VPOS="456" WIDTH="104" HEIGHT="37" WC="0.75" CONTENT="tout"/><SP WIDTH="13" VPOS="456" HPOS="702"/>
						<String ID="string_47" HPOS="715" VPOS="465" WIDTH="47" HEIGHT="28" WC="0.89" CONTENT="ce"/><SP WIDTH="13" VPOS="465" HPOS="762"/>
						<String ID="string_48" HPOS="775" VPOS="449" WIDTH="83" HEIGHT="63" WC="0.89" CONTENT="qui"/><SP WIDTH="17" VPOS="449" HPOS="858"/>
						<String ID="string_49" HPOS="875" VPOS="463" WIDTH="59" HEIGHT="35" WC="0.88" CONTENT="ne"/><SP WIDTH="11" VPOS="463" HPOS="934"/>
						<String ID="string_50" HPOS="945" VPOS="446" WIDTH="77" HEIGHT="63" WC="0.88" CONTENT="luy"/><SP WIDTH="15" VPOS="446" HPOS="1022"/>
						<String ID="string_51" HPOS="1037" VPOS="448" WIDTH="227" HEIGHT="69" WC="0.91" CONTENT="apartient"/><SP WIDTH="16" VPOS="448" HPOS="1264"/>
						<String ID="string_52" HPOS="1280" VPOS="462" WIDTH="91" HEIGHT="48" WC="0.90" CONTENT="pas."/><SP WIDTH="29" VPOS="462" HPOS="1371"/>
						<String ID="string_53" HPOS="1400" VPOS="449" WIDTH="66" HEIGHT="64" WC="0.90" CONTENT="Et"/><SP WIDTH="21" VPOS="449" HPOS="1466"/>
						<String ID="string_54" HPOS="1487" VPOS="444" WIDTH="35" HEIGHT="49" WC="0.91" CONTENT="ſi"/><SP WIDTH="19" VPOS="444" HPOS="1522"/>
						<String ID="string_55" HPOS="1541" VPOS="444" WIDTH="46" HEIGHT="49" WC="0.71" CONTENT="ſa"/><SP WIDTH="13" VPOS="444" HPOS="1587"/>
						<String ID="string_56" HPOS="1600" VPOS="465" WIDTH="93" HEIGHT="29" WC="0.71" CONTENT="vo-"/>
					</TextLine>
					<TextLine ID="line_8" HPOS="186" VPOS="509" WIDTH="1571" HEIGHT="70">
						<String ID="string_57" HPOS="429" VPOS="511" WIDTH="229" HEIGHT="50" WC="0.18" CONTENT=" lonté"/><SP WIDTH="12" VPOS="511" HPOS="658"/>
						<String ID="string_58" HPOS="670" VPOS="512" WIDTH="212" HEIGHT="67" WC="0.90" CONTENT="employe"/><SP WIDTH="13" VPOS="512" HPOS="882"/>
						<String ID="string_59" HPOS="895" VPOS="513" WIDTH="40" HEIGHT="49" WC="0.90" CONTENT="la"/><SP WIDTH="20" VPOS="513" HPOS="935"/>
						<String ID="string_60" HPOS="955" VPOS="510" WIDTH="174" HEIGHT="55" WC="0.85" CONTENT="meſme"/><SP WIDTH="19" VPOS="510" HPOS="1129"/>
						<String ID="string_61" HPOS="1148" VPOS="509" WIDTH="128" HEIGHT="52" WC="0.68" CONTENT="force"/><SP WIDTH="20" VPOS="509" HPOS="1276"/>
						<String ID="string_62" HPOS="1296" VPOS="512" WIDTH="120" HEIGHT="50" WC="0.68" CONTENT="dont"/><SP WIDTH="20" VPOS="512" HPOS="1416"/>
						<String ID="string_63" HPOS="1436" VPOS="512" WIDTH="84" HEIGHT="48" WC="0.85" CONTENT="elle"/><SP WIDTH="19" VPOS="512" HPOS="1520"/>
						<String ID="string_64" HPOS="1539" VPOS="511" WIDTH="46" HEIGHT="53" WC="0.85" CONTENT="ſe"/><SP WIDTH="19" VPOS="511" HPOS="1585"/>
						<String ID="string_65" HPOS="1604" VPOS="511" WIDTH="153" HEIGHT="67" WC="0.90" CONTENT="ſert"/>
					</TextLine>
					<TextLine ID="line_9" HPOS="218" VPOS="561" WIDTH="288" HEIGHT="39">
						<String ID="string_66" HPOS="218" VPOS="570" WIDTH="59" HEIGHT="28" WC="0.92" CONTENT="gno"/><SP WIDTH="8" VPOS="570" HPOS="277"/>
						<String ID="string_67" HPOS="285" VPOS="561" WIDTH="98" HEIGHT="29" WC="0.91" CONTENT="labore"/><SP WIDTH="11" VPOS="561" HPOS="383"/>
						<String ID="string_68" HPOS="394" VPOS="561" WIDTH="112" HEIGHT="39" WC="0.82" CONTENT="ſepara-"/>
					</TextLine>
					<TextLine ID="line_10" HPOS="217" VPOS="578" WIDTH="1478" HEIGHT="70">
						<String ID="string_69" HPOS="528" VPOS="581" WIDTH="159" HEIGHT="65" WC="0.0" CONTENT=" quand"/><SP WIDTH="23" VPOS="581" HPOS="687"/>
						<String ID="string_70" HPOS="710" VPOS="581" WIDTH="84" HEIGHT="52" WC="0.84" CONTENT="elle"/><SP WIDTH="16" VPOS="581" HPOS="794"/>
						<String ID="string_71" HPOS="810" VPOS="581" WIDTH="42" HEIGHT="45" WC="0.84" CONTENT="le"/><SP WIDTH="16" VPOS="581" HPOS="852"/>
						<String ID="string_72" HPOS="868" VPOS="596" WIDTH="136" HEIGHT="52" WC="0.89" CONTENT="porte"/><SP WIDTH="19" VPOS="596" HPOS="1004"/>
						<String ID="string_73" HPOS="1023" VPOS="579" WIDTH="107" HEIGHT="51" WC="0.90" CONTENT="hors"/><SP WIDTH="17" VPOS="579" HPOS="1130"/>
						<String ID="string_74" HPOS="1147" VPOS="579" WIDTH="61" HEIGHT="48" WC="0.92" CONTENT="de"/><SP WIDTH="22" VPOS="579" HPOS="1208"/>
						<String ID="string_75" HPOS="1230" VPOS="578" WIDTH="112" HEIGHT="65" WC="0.60" CONTENT="luy.,"/><SP WIDTH="16" VPOS="578" HPOS="1342"/>
						<String ID="string_76" HPOS="1358" VPOS="596" WIDTH="131" HEIGHT="48" WC="0.91" CONTENT="pour"/><SP WIDTH="19" VPOS="596" HPOS="1489"/>
						<String ID="string_77" HPOS="1508" VPOS="580" WIDTH="187" HEIGHT="51" WC="0.77" CONTENT="arreſter"/>
					</TextLine>
					<TextLine ID="line_11" HPOS="217" VPOS="639" WIDTH="1474" HEIGHT="77">
						<String ID="string_78" HPOS="298" VPOS="639" WIDTH="43" HEIGHT="72" WC="0.0" CONTENT="m"/><SP WIDTH="13" VPOS="639" HPOS="341"/>
						<String ID="string_79" HPOS="354" VPOS="648" WIDTH="137" HEIGHT="27" WC="0.0" CONTENT="amotem"/><SP WIDTH="26" VPOS="648" HPOS="491"/>
						<String ID="string_80" HPOS="517" VPOS="646" WIDTH="53" HEIGHT="56" WC="0.77" CONTENT="ſa"/><SP WIDTH="14" VPOS="646" HPOS="570"/>
						<String ID="string_81" HPOS="584" VPOS="646" WIDTH="159" HEIGHT="66" WC="0.77" CONTENT="penſce"/><SP WIDTH="12" VPOS="646" HPOS="743"/>
						<String ID="string_82" HPOS="755" VPOS="647" WIDTH="110" HEIGHT="51" WC="0.14" CONTENT="chez"/><SP WIDTH="12" VPOS="647" HPOS="865"/>
						<String ID="string_83" HPOS="877" VPOS="648" WIDTH="105" HEIGHT="62" WC="0.64" CONTENT="luy,"/><SP WIDTH="25" VPOS="648" HPOS="982"/>
						<String ID="string_84" HPOS="1007" VPOS="655" WIDTH="41" HEIGHT="37" WC="0.93" CONTENT="&amp;"/><SP WIDTH="18" VPOS="655" HPOS="1048"/>
						<String ID="string_85" HPOS="1066" VPOS="663" WIDTH="123" HEIGHT="48" WC="0.91" CONTENT="pour"/><SP WIDTH="20" VPOS="663" HPOS="1189"/>
						<String ID="string_86" HPOS="1209" VPOS="663" WIDTH="58" HEIGHT="30" WC="0.85" CONTENT="ne"/><SP WIDTH="8" VPOS="663" HPOS="1267"/>
						<String ID="string_87" HPOS="1275" VPOS="635" WIDTH="182" HEIGHT="85" WC="0.85" CONTENT="penſer"/><SP WIDTH="12" VPOS="635" HPOS="1457"/>
						<String ID="string_88" HPOS="1469" VPOS="644" WIDTH="97" HEIGHT="72" WC="0.82" CONTENT="quà"/><SP WIDTH="28" VPOS="644" HPOS="1566"/>
						<String ID="string_89" HPOS="1594" VPOS="647" WIDTH="97" HEIGHT="65" WC="0.87" CONTENT="luy,"/>
					</TextLine>
					<TextLine ID="line_12" HPOS="227" VPOS="707" WIDTH="1470" HEIGHT="72">
						<String ID="string_90" HPOS="525" VPOS="713" WIDTH="96" HEIGHT="48" WC="0.82" CONTENT="afin"/><SP WIDTH="25" VPOS="713" HPOS="621"/>
						<String ID="string_91" HPOS="646" VPOS="713" WIDTH="113" HEIGHT="66" WC="0.24" CONTENT="qu&#39;il"/><SP WIDTH="14" VPOS="713" HPOS="759"/>
						<String ID="string_92" HPOS="773" VPOS="710" WIDTH="43" HEIGHT="49" WC="0.92" CONTENT="ſe"/><SP WIDTH="23" VPOS="710" HPOS="816"/>
						<String ID="string_93" HPOS="839" VPOS="711" WIDTH="274" HEIGHT="58" WC="0.20" CONTENT="connoiſſe,"/><SP WIDTH="25" VPOS="711" HPOS="1113"/>
						<String ID="string_94" HPOS="1138" VPOS="720" WIDTH="54" HEIGHT="38" WC="0.89" CONTENT="&amp;"/><SP WIDTH="26" VPOS="720" HPOS="1192"/>
						<String ID="string_95" HPOS="1218" VPOS="712" WIDTH="112" HEIGHT="63" WC="0.38" CONTENT="quil"/><SP WIDTH="23" VPOS="712" HPOS="1330"/>
						<String ID="string_96" HPOS="1353" VPOS="712" WIDTH="182" HEIGHT="57" WC="0.72" CONTENT="Saime,"/><SP WIDTH="24" VPOS="712" HPOS="1535"/>
						<String ID="string_97" HPOS="1559" VPOS="713" WIDTH="34" HEIGHT="49" WC="0.83" CONTENT="il"/><SP WIDTH="10" VPOS="713" HPOS="1593"/>
						<String ID="string_98" HPOS="1603" VPOS="733" WIDTH="94" HEIGHT="29" WC="0.82" CONTENT="re-"/>
					</TextLine>
					<TextLine ID="line_13" HPOS="503" VPOS="776" WIDTH="1187" HEIGHT="71">
						<String ID="string_99" HPOS="503" VPOS="781" WIDTH="286" HEIGHT="49" WC="0.92" CONTENT="connoiſtra"/><SP WIDTH="12" VPOS="781" HPOS="789"/>
						<String ID="string_100" HPOS="801" VPOS="780" WIDTH="113" HEIGHT="67" WC="0.22" CONTENT="qu&#39;il"/><SP WIDTH="15" VPOS="780" HPOS="914"/>
						<String ID="string_101" HPOS="929" VPOS="782" WIDTH="71" HEIGHT="44" WC="0.42" CONTENT="nia"/><SP WIDTH="13" VPOS="782" HPOS="1000"/>
						<String ID="string_102" HPOS="1013" VPOS="782" WIDTH="159" HEIGHT="56" WC="0.92" CONTENT="jamais"/><SP WIDTH="13" VPOS="782" HPOS="1172"/>
						<String ID="string_103" HPOS="1185" VPOS="776" WIDTH="85" HEIGHT="48" WC="0.84" CONTENT="eſtè"/><SP WIDTH="14" VPOS="776" HPOS="1270"/>
						<String ID="string_104" HPOS="1284" VPOS="776" WIDTH="106" HEIGHT="53" WC="0.85" CONTENT="ſans"/><SP WIDTH="12" VPOS="776" HPOS="1390"/>
						<String ID="string_105" HPOS="1402" VPOS="779" WIDTH="199" HEIGHT="58" WC="0.28" CONTENT="ſaimer,"/><SP WIDTH="15" VPOS="779" HPOS="1601"/>
						<String ID="string_106" HPOS="1616" VPOS="799" WIDTH="74" HEIGHT="47" WC="0.91" CONTENT="ny"/>
					</TextLine>
					<TextLine ID="line_14" HPOS="508" VPOS="845" WIDTH="1182" HEIGHT="68">
						<String ID="string_107" HPOS="508" VPOS="847" WIDTH="112" HEIGHT="56" WC="0.91" CONTENT="ſans"/><SP WIDTH="23" VPOS="847" HPOS="620"/>
						<String ID="string_108" HPOS="643" VPOS="846" WIDTH="43" HEIGHT="48" WC="0.91" CONTENT="ſe"/><SP WIDTH="13" VPOS="846" HPOS="686"/>
						<String ID="string_109" HPOS="699" VPOS="846" WIDTH="285" HEIGHT="57" WC="0.91" CONTENT="connoiſtre,"/><SP WIDTH="25" VPOS="846" HPOS="984"/>
						<String ID="string_110" HPOS="1009" VPOS="845" WIDTH="107" HEIGHT="48" WC="0.92" CONTENT="bien"/><SP WIDTH="12" VPOS="845" HPOS="1116"/>
						<String ID="string_111" HPOS="1128" VPOS="845" WIDTH="111" HEIGHT="68" WC="0.49" CONTENT="qu&#39;il"/><SP WIDTH="20" VPOS="845" HPOS="1239"/>
						<String ID="string_112" HPOS="1259" VPOS="845" WIDTH="261" HEIGHT="67" WC="0.69" CONTENT="lignoraſt;"/><SP WIDTH="29" VPOS="845" HPOS="1520"/>
						<String ID="string_113" HPOS="1549" VPOS="850" WIDTH="141" HEIGHT="50" WC="0.89" CONTENT="Parce"/>
					</TextLine>
					<TextLine ID="line_15" HPOS="519" VPOS="910" WIDTH="1168" HEIGHT="71">
						<String ID="string_114" HPOS="519" VPOS="916" WIDTH="252" HEIGHT="64" WC="0.5" CONTENT="quaymant"/><SP WIDTH="7" VPOS="916" HPOS="771"/>
						<String ID="string_115" HPOS="778" VPOS="906" WIDTH="140" HEIGHT="79" WC="0.91" CONTENT="auſſi"/><SP WIDTH="13" VPOS="906" HPOS="918"/>
						<String ID="string_116" HPOS="931" VPOS="932" WIDTH="107" HEIGHT="34" WC="0.91" CONTENT="auec"/><SP WIDTH="22" VPOS="932" HPOS="1038"/>
						<String ID="string_117" HPOS="1060" VPOS="912" WIDTH="78" HEIGHT="66" WC="0.78" CONTENT="ſoy"/><SP WIDTH="29" VPOS="912" HPOS="1138"/>
						<String ID="string_118" HPOS="1167" VPOS="913" WIDTH="60" HEIGHT="47" WC="0.78" CONTENT="les"/><SP WIDTH="22" VPOS="913" HPOS="1227"/>
						<String ID="string_119" HPOS="1249" VPOS="911" WIDTH="156" HEIGHT="59" WC="0.63" CONTENT="choſes"/><SP WIDTH="22" VPOS="911" HPOS="1405"/>
						<String ID="string_120" HPOS="1427" VPOS="916" WIDTH="260" HEIGHT="65" WC="0.92" CONTENT="Corporel-"/>
					</TextLine>
					<TextLine ID="line_16" HPOS="504" VPOS="978" WIDTH="1179" HEIGHT="69">
						<String ID="string_121" HPOS="504" VPOS="982" WIDTH="99" HEIGHT="55" WC="0.23" CONTENT="les,"/><SP WIDTH="23" VPOS="982" HPOS="603"/>
						<String ID="string_122" HPOS="626" VPOS="980" WIDTH="83" HEIGHT="50" WC="0.92" CONTENT="ſon"/><SP WIDTH="21" VPOS="980" HPOS="709"/>
						<String ID="string_123" HPOS="730" VPOS="999" WIDTH="163" HEIGHT="29" WC="0.91" CONTENT="amour"/><SP WIDTH="12" VPOS="999" HPOS="893"/>
						<String ID="string_124" HPOS="905" VPOS="978" WIDTH="152" HEIGHT="50" WC="0.91" CONTENT="faiſoit"/><SP WIDTH="12" VPOS="978" HPOS="1057"/>
						<String ID="string_125" HPOS="1069" VPOS="981" WIDTH="110" HEIGHT="66" WC="0.71" CONTENT="qu&#39;il"/><SP WIDTH="24" VPOS="981" HPOS="1179"/>
						<String ID="string_126" HPOS="1203" VPOS="978" WIDTH="43" HEIGHT="49" WC="0.93" CONTENT="ſe"/><SP WIDTH="26" VPOS="978" HPOS="1246"/>
						<String ID="string_127" HPOS="1272" VPOS="978" WIDTH="284" HEIGHT="51" WC="0.56" CONTENT="confondoſt"/><SP WIDTH="17" VPOS="978" HPOS="1556"/>
						<String ID="string_128" HPOS="1573" VPOS="1001" WIDTH="110" HEIGHT="31" WC="0.91" CONTENT="auec"/>
					</TextLine>
					<TextLine ID="line_17" HPOS="498" VPOS="1046" WIDTH="1183" HEIGHT="69">
						<String ID="string_129" HPOS="498" VPOS="1047" WIDTH="155" HEIGHT="53" WC="0.81" CONTENT="elles;"/><SP WIDTH="38" VPOS="1047" HPOS="653"/>
						<String ID="string_130" HPOS="691" VPOS="1050" WIDTH="208" HEIGHT="45" WC="0.23" CONTENT="Cautant"/><SP WIDTH="26" VPOS="1050" HPOS="899"/>
						<String ID="string_131" HPOS="925" VPOS="1048" WIDTH="114" HEIGHT="64" WC="0.56" CONTENT="qu&#39;il"/><SP WIDTH="20" VPOS="1048" HPOS="1039"/>
						<String ID="string_132" HPOS="1059" VPOS="1068" WIDTH="56" HEIGHT="28" WC="0.91" CONTENT="ne"/><SP WIDTH="22" VPOS="1068" HPOS="1115"/>
						<String ID="string_133" HPOS="1137" VPOS="1052" WIDTH="201" HEIGHT="63" WC="0.92" CONTENT="pouuoit"/><SP WIDTH="18" VPOS="1052" HPOS="1338"/>
						<String ID="string_134" HPOS="1356" VPOS="1046" WIDTH="172" HEIGHT="67" WC="0.92" CONTENT="ſeparer"/><SP WIDTH="23" VPOS="1046" HPOS="1528"/>
						<String ID="string_135" HPOS="1551" VPOS="1050" WIDTH="56" HEIGHT="46" WC="0.89" CONTENT="de"/><SP WIDTH="29" VPOS="1050" HPOS="1607"/>
						<String ID="string_136" HPOS="1636" VPOS="1049" WIDTH="45" HEIGHT="50" WC="0.89" CONTENT="ſa"/>
					</TextLine>
					<TextLine ID="line_18" HPOS="505" VPOS="1113" WIDTH="1177" HEIGHT="71">
						<String ID="string_137" HPOS="505" VPOS="1114" WIDTH="168" HEIGHT="67" WC="0.66" CONTENT="penſce"/><SP WIDTH="14" VPOS="1114" HPOS="673"/>
						<String ID="string_138" HPOS="687" VPOS="1113" WIDTH="99" HEIGHT="57" WC="0.92" CONTENT="ſans"/><SP WIDTH="14" VPOS="1113" HPOS="786"/>
						<String ID="string_139" HPOS="800" VPOS="1115" WIDTH="237" HEIGHT="68" WC="0.34" CONTENT="beaucoup"/><SP WIDTH="11" VPOS="1115" HPOS="1037"/>
						<String ID="string_140" HPOS="1048" VPOS="1118" WIDTH="54" HEIGHT="47" WC="0.34" CONTENT="de"/><SP WIDTH="11" VPOS="1118" HPOS="1102"/>
						<String ID="string_141" HPOS="1113" VPOS="1119" WIDTH="136" HEIGHT="64" WC="0.89" CONTENT="peine,"/><SP WIDTH="8" VPOS="1119" HPOS="1249"/>
						<String ID="string_142" HPOS="1257" VPOS="1115" WIDTH="168" HEIGHT="59" WC="0.41" CONTENT="lIdée"/><SP WIDTH="12" VPOS="1115" HPOS="1425"/>
						<String ID="string_143" HPOS="1437" VPOS="1116" WIDTH="56" HEIGHT="52" WC="0.89" CONTENT="de"/><SP WIDTH="13" VPOS="1116" HPOS="1493"/>
						<String ID="string_144" HPOS="1506" VPOS="1135" WIDTH="47" HEIGHT="28" WC="0.89" CONTENT="ce"/><SP WIDTH="14" VPOS="1135" HPOS="1553"/>
						<String ID="string_145" HPOS="1567" VPOS="1117" WIDTH="115" HEIGHT="67" WC="0.46" CONTENT="qu&#39;il"/>
					</TextLine>
					<TextLine ID="line_19" HPOS="501" VPOS="1199" WIDTH="492" HEIGHT="39">
						<String ID="string_146" HPOS="501" VPOS="1199" WIDTH="189" HEIGHT="39" WC="0.91" CONTENT="aimoit."/>
					</TextLine>
					<TextLine ID="line_20" HPOS="612" VPOS="1249" WIDTH="1065" HEIGHT="56">
						<String ID="string_147" HPOS="612" VPOS="1254" WIDTH="122" HEIGHT="51" WC="0.91" CONTENT="Mais"/><SP WIDTH="21" VPOS="1254" HPOS="734"/>
						<String ID="string_148" HPOS="755" VPOS="1269" WIDTH="115" HEIGHT="29" WC="0.91" CONTENT="vous"/><SP WIDTH="24" VPOS="1269" HPOS="870"/>
						<String ID="string_149" HPOS="894" VPOS="1270" WIDTH="55" HEIGHT="29" WC="0.92" CONTENT="ne"/><SP WIDTH="29" VPOS="1270" HPOS="949"/>
						<String ID="string_150" HPOS="978" VPOS="1251" WIDTH="308" HEIGHT="50" WC="0.0" CONTENT="demanderen"/><SP WIDTH="31" VPOS="1251" HPOS="1286"/>
						<String ID="string_151" HPOS="1317" VPOS="1249" WIDTH="99" HEIGHT="48" WC="0.92" CONTENT="ſans"/><SP WIDTH="37" VPOS="1249" HPOS="1416"/>
						<String ID="string_152" HPOS="1453" VPOS="1251" WIDTH="143" HEIGHT="47" WC="0.85" CONTENT="doute"/><SP WIDTH="24" VPOS="1251" HPOS="1596"/>
						<String ID="string_153" HPOS="1620" VPOS="1251" WIDTH="57" HEIGHT="48" WC="0.86" CONTENT="le"/>
					</TextLine>
					<TextLine ID="line_21" HPOS="497" VPOS="1314" WIDTH="1180" HEIGHT="69">
						<String ID="string_154" HPOS="497" VPOS="1334" WIDTH="185" HEIGHT="46" WC="0.90" CONTENT="moyen"/><SP WIDTH="14" VPOS="1334" HPOS="682"/>
						<String ID="string_155" HPOS="696" VPOS="1318" WIDTH="57" HEIGHT="45" WC="0.90" CONTENT="de"/><SP WIDTH="11" VPOS="1318" HPOS="753"/>
						<String ID="string_156" HPOS="764" VPOS="1314" WIDTH="171" HEIGHT="50" WC="0.62" CONTENT="fairece"/><SP WIDTH="10" VPOS="1314" HPOS="935"/>
						<String ID="string_157" HPOS="945" VPOS="1322" WIDTH="90" HEIGHT="61" WC="0.71" CONTENT="que"/><SP WIDTH="12" VPOS="1322" HPOS="1035"/>
						<String ID="string_158" HPOS="1047" VPOS="1310" WIDTH="68" HEIGHT="77" WC="0.71" CONTENT="dit"/><SP WIDTH="12" VPOS="1310" HPOS="1115"/>
						<String ID="string_159" HPOS="1127" VPOS="1322" WIDTH="69" HEIGHT="60" WC="0.84" CONTENT="icy"/><SP WIDTH="15" VPOS="1322" HPOS="1196"/>
						<String ID="string_160" HPOS="1211" VPOS="1322" WIDTH="42" HEIGHT="42" WC="0.9" CONTENT="S."/><SP WIDTH="23" VPOS="1322" HPOS="1253"/>
						<String ID="string_161" HPOS="1276" VPOS="1317" WIDTH="255" HEIGHT="65" WC="0.90" CONTENT="Auguſtin;"/><SP WIDTH="25" VPOS="1317" HPOS="1531"/>
						<String ID="string_162" HPOS="1556" VPOS="1319" WIDTH="121" HEIGHT="48" WC="0.60" CONTENT="C&#39;eſt"/>
					</TextLine>
					<TextLine ID="line_22" HPOS="501" VPOS="1380" WIDTH="1173" HEIGHT="70">
						<String ID="string_163" HPOS="501" VPOS="1381" WIDTH="32" HEIGHT="49" WC="0.79" CONTENT="à"/><SP WIDTH="23" VPOS="1381" HPOS="533"/>
						<String ID="string_164" HPOS="556" VPOS="1384" WIDTH="94" HEIGHT="46" WC="0.91" CONTENT="dire"/><SP WIDTH="21" VPOS="1384" HPOS="650"/>
						<String ID="string_165" HPOS="671" VPOS="1385" WIDTH="56" HEIGHT="44" WC="0.88" CONTENT="de"/><SP WIDTH="11" VPOS="1385" HPOS="727"/>
						<String ID="string_166" HPOS="738" VPOS="1399" WIDTH="173" HEIGHT="34" WC="0.88" CONTENT="rentrer"/><SP WIDTH="12" VPOS="1399" HPOS="911"/>
						<String ID="string_167" HPOS="923" VPOS="1401" WIDTH="57" HEIGHT="30" WC="0.34" CONTENT="en"/><SP WIDTH="7" VPOS="1401" HPOS="980"/>
						<String ID="string_168" HPOS="987" VPOS="1375" WIDTH="116" HEIGHT="79" WC="0.0" CONTENT="ſoy-"/><SP WIDTH="1" VPOS="1375" HPOS="1103"/>
						<String ID="string_169" HPOS="1104" VPOS="1419" WIDTH="203" HEIGHT="21" WC="0.47" CONTENT="meſme,"/><SP WIDTH="22" VPOS="1419" HPOS="1307"/>
						<String ID="string_170" HPOS="1329" VPOS="1401" WIDTH="119" HEIGHT="49" WC="0.73" CONTENT="pour"/><SP WIDTH="20" VPOS="1401" HPOS="1448"/>
						<String ID="string_171" HPOS="1468" VPOS="1390" WIDTH="206" HEIGHT="44" WC="0.92" CONTENT="connoi-"/>
					</TextLine>
					<TextLine ID="line_23" HPOS="497" VPOS="1447" WIDTH="1180" HEIGHT="68">
						<String ID="string_172" HPOS="497" VPOS="1448" WIDTH="96" HEIGHT="51" WC="0.91" CONTENT="ſtre"/><SP WIDTH="12" VPOS="1448" HPOS="593"/>
						<String ID="string_173" HPOS="605" VPOS="1443" WIDTH="148" HEIGHT="76" WC="0.86" CONTENT="quelle"/><SP WIDTH="10" VPOS="1443" HPOS="753"/>
						<String ID="string_174" HPOS="763" VPOS="1443" WIDTH="71" HEIGHT="76" WC="0.86" CONTENT="eſt"/><SP WIDTH="13" VPOS="1443" HPOS="834"/>
						<String ID="string_175" HPOS="847" VPOS="1450" WIDTH="40" HEIGHT="47" WC="0.92" CONTENT="la"/><SP WIDTH="13" VPOS="1450" HPOS="887"/>
						<String ID="string_176" HPOS="900" VPOS="1459" WIDTH="160" HEIGHT="40" WC="0.89" CONTENT="nature"/><SP WIDTH="14" VPOS="1459" HPOS="1060"/>
						<String ID="string_177" HPOS="1074" VPOS="1449" WIDTH="62" HEIGHT="48" WC="0.75" CONTENT="de"/><SP WIDTH="6" VPOS="1449" HPOS="1136"/>
						<String ID="string_178" HPOS="1142" VPOS="1447" WIDTH="86" HEIGHT="51" WC="0.75" CONTENT="ſon"/><SP WIDTH="10" VPOS="1447" HPOS="1228"/>
						<String ID="string_179" HPOS="1238" VPOS="1454" WIDTH="143" HEIGHT="53" WC="0.89" CONTENT="Ame,"/><SP WIDTH="29" VPOS="1454" HPOS="1381"/>
						<String ID="string_180" HPOS="1410" VPOS="1460" WIDTH="44" HEIGHT="39" WC="0.89" CONTENT="&amp;"/><SP WIDTH="11" VPOS="1460" HPOS="1454"/>
						<String ID="string_181" HPOS="1465" VPOS="1454" WIDTH="96" HEIGHT="45" WC="0.84" CONTENT="Sen"/><SP WIDTH="13" VPOS="1454" HPOS="1561"/>
						<String ID="string_182" HPOS="1574" VPOS="1450" WIDTH="103" HEIGHT="51" WC="0.91" CONTENT="for-"/>
					</TextLine>
					<TextLine ID="line_24" HPOS="499" VPOS="1514" WIDTH="1175" HEIGHT="70">
						<String ID="string_183" HPOS="499" VPOS="1534" WIDTH="108" HEIGHT="31" WC="0.87" CONTENT="mer"/><SP WIDTH="12" VPOS="1534" HPOS="607"/>
						<String ID="string_184" HPOS="619" VPOS="1534" WIDTH="90" HEIGHT="36" WC="0.85" CONTENT="vne"/><SP WIDTH="21" VPOS="1534" HPOS="709"/>
						<String ID="string_185" HPOS="730" VPOS="1514" WIDTH="103" HEIGHT="55" WC="0.15" CONTENT="Ide"/><SP WIDTH="14" VPOS="1514" HPOS="833"/>
						<String ID="string_186" HPOS="847" VPOS="1521" WIDTH="79" HEIGHT="61" WC="0.40" CONTENT="qui"/><SP WIDTH="15" VPOS="1521" HPOS="926"/>
						<String ID="string_187" HPOS="941" VPOS="1534" WIDTH="57" HEIGHT="30" WC="0.90" CONTENT="ne"/><SP WIDTH="24" VPOS="1534" HPOS="998"/>
						<String ID="string_188" HPOS="1022" VPOS="1522" WIDTH="262" HEIGHT="42" WC="0.90" CONTENT="conuienne"/><SP WIDTH="23" VPOS="1522" HPOS="1284"/>
						<String ID="string_189" HPOS="1307" VPOS="1516" WIDTH="105" HEIGHT="68" WC="0.53" CONTENT="qu&#39;à"/><SP WIDTH="22" VPOS="1516" HPOS="1412"/>
						<String ID="string_190" HPOS="1434" VPOS="1517" WIDTH="85" HEIGHT="47" WC="0.87" CONTENT="elle"/><SP WIDTH="20" VPOS="1517" HPOS="1519"/>
						<String ID="string_191" HPOS="1539" VPOS="1516" WIDTH="135" HEIGHT="61" WC="0.87" CONTENT="ſeule,"/>
					</TextLine>
					<TextLine ID="line_25" HPOS="500" VPOS="1580" WIDTH="1176" HEIGHT="73">
						<String ID="string_192" HPOS="500" VPOS="1593" WIDTH="55" HEIGHT="49" WC="0.91" CONTENT="&amp;"/><SP WIDTH="28" VPOS="1593" HPOS="555"/>
						<String ID="string_193" HPOS="583" VPOS="1587" WIDTH="82" HEIGHT="64" WC="0.90" CONTENT="qui"/><SP WIDTH="27" VPOS="1587" HPOS="665"/>
						<String ID="string_194" HPOS="692" VPOS="1580" WIDTH="252" HEIGHT="70" WC="0.87" CONTENT="repreſente"/><SP WIDTH="27" VPOS="1580" HPOS="944"/>
						<String ID="string_195" HPOS="971" VPOS="1582" WIDTH="109" HEIGHT="68" WC="0.90" CONTENT="auſſi"/><SP WIDTH="36" VPOS="1582" HPOS="1080"/>
						<String ID="string_196" HPOS="1116" VPOS="1599" WIDTH="152" HEIGHT="32" WC="0.90" CONTENT="toutes"/><SP WIDTH="31" VPOS="1599" HPOS="1268"/>
						<String ID="string_197" HPOS="1299" VPOS="1583" WIDTH="60" HEIGHT="50" WC="0.79" CONTENT="les"/><SP WIDTH="31" VPOS="1583" HPOS="1359"/>
						<String ID="string_198" HPOS="1390" VPOS="1583" WIDTH="158" HEIGHT="50" WC="0.92" CONTENT="choſes"/><SP WIDTH="36" VPOS="1583" HPOS="1548"/>
						<String ID="string_199" HPOS="1584" VPOS="1605" WIDTH="92" HEIGHT="48" WC="0.66" CONTENT="que"/>
					</TextLine>
					<TextLine ID="line_26" HPOS="498" VPOS="1649" WIDTH="1174" HEIGHT="71">
						<String ID="string_200" HPOS="498" VPOS="1669" WIDTH="126" HEIGHT="30" WC="0.90" CONTENT="nous"/><SP WIDTH="32" VPOS="1669" HPOS="624"/>
						<String ID="string_201" HPOS="656" VPOS="1649" WIDTH="197" HEIGHT="64" WC="0.86" CONTENT="ſcauons"/><SP WIDTH="29" VPOS="1649" HPOS="853"/>
						<String ID="string_202" HPOS="882" VPOS="1654" WIDTH="82" HEIGHT="65" WC="0.91" CONTENT="qui"/><SP WIDTH="31" VPOS="1654" HPOS="964"/>
						<String ID="string_203" HPOS="995" VPOS="1650" WIDTH="77" HEIGHT="66" WC="0.74" CONTENT="luy"/><SP WIDTH="13" VPOS="1650" HPOS="1072"/>
						<String ID="string_204" HPOS="1085" VPOS="1656" WIDTH="374" HEIGHT="64" WC="0.74" CONTENT="apartiennent?"/><SP WIDTH="35" VPOS="1656" HPOS="1459"/>
						<String ID="string_205" HPOS="1494" VPOS="1656" WIDTH="48" HEIGHT="43" WC="0.79" CONTENT="Ie"/><SP WIDTH="26" VPOS="1656" HPOS="1542"/>
						<String ID="string_206" HPOS="1568" VPOS="1655" WIDTH="104" HEIGHT="46" WC="0.87" CONTENT="dois"/>
					</TextLine>
					<TextLine ID="line_27" HPOS="503" VPOS="1718" WIDTH="1170" HEIGHT="67">
						<String ID="string_207" HPOS="503" VPOS="1736" WIDTH="116" HEIGHT="32" WC="0.76" CONTENT="vous"/><SP WIDTH="15" VPOS="1736" HPOS="619"/>
						<String ID="string_208" HPOS="634" VPOS="1718" WIDTH="253" HEIGHT="67" WC="0.40" CONTENT="l&#39;aprendre"/><SP WIDTH="12" VPOS="1718" HPOS="887"/>
						<String ID="string_209" HPOS="899" VPOS="1718" WIDTH="99" HEIGHT="50" WC="0.90" CONTENT="ſans"/><SP WIDTH="13" VPOS="1718" HPOS="998"/>
						<String ID="string_210" HPOS="1011" VPOS="1720" WIDTH="143" HEIGHT="52" WC="0.88" CONTENT="doute"/><SP WIDTH="25" VPOS="1720" HPOS="1154"/>
						<String ID="string_211" HPOS="1179" VPOS="1720" WIDTH="35" HEIGHT="50" WC="0.91" CONTENT="ſi"/><SP WIDTH="14" VPOS="1720" HPOS="1214"/>
						<String ID="string_212" HPOS="1228" VPOS="1725" WIDTH="41" HEIGHT="41" WC="0.90" CONTENT="ie"/><SP WIDTH="16" VPOS="1725" HPOS="1269"/>
						<String ID="string_213" HPOS="1285" VPOS="1719" WIDTH="141" HEIGHT="50" WC="0.92" CONTENT="deſire"/><SP WIDTH="13" VPOS="1719" HPOS="1426"/>
						<String ID="string_214" HPOS="1439" VPOS="1735" WIDTH="97" HEIGHT="50" WC="0.93" CONTENT="que"/><SP WIDTH="22" VPOS="1735" HPOS="1536"/>
						<String ID="string_215" HPOS="1558" VPOS="1736" WIDTH="115" HEIGHT="35" WC="0.92" CONTENT="vous"/>
					</TextLine>
					<TextLine ID="line_28" HPOS="499" VPOS="1785" WIDTH="1169" HEIGHT="69">
						<String ID="string_216" HPOS="499" VPOS="1792" WIDTH="185" HEIGHT="62" WC="0.0" CONTENT="preniez"/><SP WIDTH="24" VPOS="1792" HPOS="684"/>
						<String ID="string_217" HPOS="708" VPOS="1788" WIDTH="203" HEIGHT="65" WC="0.90" CONTENT="quelque"/><SP WIDTH="21" VPOS="1788" HPOS="911"/>
						<String ID="string_218" HPOS="932" VPOS="1785" WIDTH="149" HEIGHT="66" WC="0.85" CONTENT="plaiſir"/><SP WIDTH="23" VPOS="1785" HPOS="1081"/>
						<String ID="string_219" HPOS="1104" VPOS="1787" WIDTH="112" HEIGHT="44" WC="0.93" CONTENT="dans"/><SP WIDTH="22" VPOS="1787" HPOS="1216"/>
						<String ID="string_220" HPOS="1238" VPOS="1800" WIDTH="70" HEIGHT="30" WC="0.91" CONTENT="cet"/><SP WIDTH="24" VPOS="1800" HPOS="1308"/>
						<String ID="string_221" HPOS="1332" VPOS="1789" WIDTH="255" HEIGHT="61" WC="0.83" CONTENT="Ouurage,"/><SP WIDTH="32" VPOS="1789" HPOS="1587"/>
						<String ID="string_222" HPOS="1619" VPOS="1797" WIDTH="49" HEIGHT="39" WC="0.90" CONTENT="&amp;"/>
					</TextLine>
					<TextLine ID="line_29" HPOS="499" VPOS="1849" WIDTH="1170" HEIGHT="75">
						<String ID="string_223" HPOS="499" VPOS="1872" WIDTH="94" HEIGHT="52" WC="0.90" CONTENT="que"/><SP WIDTH="19" VPOS="1872" HPOS="593"/>
						<String ID="string_224" HPOS="612" VPOS="1870" WIDTH="114" HEIGHT="31" WC="0.88" CONTENT="vous"/><SP WIDTH="14" VPOS="1870" HPOS="726"/>
						<String ID="string_225" HPOS="740" VPOS="1870" WIDTH="56" HEIGHT="33" WC="0.88" CONTENT="en"/><SP WIDTH="13" VPOS="1870" HPOS="796"/>
						<String ID="string_226" HPOS="809" VPOS="1857" WIDTH="128" HEIGHT="41" WC="0.34" CONTENT="tirie?"/><SP WIDTH="22" VPOS="1857" HPOS="937"/>
						<String ID="string_227" HPOS="959" VPOS="1851" WIDTH="205" HEIGHT="65" WC="0.92" CONTENT="quelque"/><SP WIDTH="17" VPOS="1851" HPOS="1164"/>
						<String ID="string_228" HPOS="1181" VPOS="1849" WIDTH="185" HEIGHT="53" WC="0.77" CONTENT="vtilitẽ:"/><SP WIDTH="24" VPOS="1849" HPOS="1366"/>
						<String ID="string_229" HPOS="1390" VPOS="1857" WIDTH="123" HEIGHT="45" WC="0.85" CONTENT="Mais"/><SP WIDTH="21" VPOS="1857" HPOS="1513"/>
						<String ID="string_230" HPOS="1534" VPOS="1870" WIDTH="135" HEIGHT="33" WC="0.85" CONTENT="outre"/>
					</TextLine>
					<TextLine ID="line_30" HPOS="502" VPOS="1917" WIDTH="1164" HEIGHT="71">
						<String ID="string_231" HPOS="502" VPOS="1940" WIDTH="94" HEIGHT="48" WC="0.82" CONTENT="que"/><SP WIDTH="20" VPOS="1940" HPOS="596"/>
						<String ID="string_232" HPOS="616" VPOS="1918" WIDTH="35" HEIGHT="51" WC="0.92" CONTENT="ſi"/><SP WIDTH="23" VPOS="1918" HPOS="651"/>
						<String ID="string_233" HPOS="674" VPOS="1937" WIDTH="117" HEIGHT="32" WC="0.88" CONTENT="vous"/><SP WIDTH="18" VPOS="1937" HPOS="791"/>
						<String ID="string_234" HPOS="809" VPOS="1937" WIDTH="28" HEIGHT="48" WC="0.84" CONTENT="y"/><SP WIDTH="22" VPOS="1937" HPOS="837"/>
						<String ID="string_235" HPOS="859" VPOS="1937" WIDTH="165" HEIGHT="50" WC="0.32" CONTENT="prenes"/><SP WIDTH="23" VPOS="1937" HPOS="1024"/>
						<String ID="string_236" HPOS="1047" VPOS="1917" WIDTH="109" HEIGHT="50" WC="0.92" CONTENT="bien"/><SP WIDTH="22" VPOS="1917" HPOS="1156"/>
						<String ID="string_237" HPOS="1178" VPOS="1921" WIDTH="166" HEIGHT="66" WC="0.92" CONTENT="garde,"/><SP WIDTH="19" VPOS="1921" HPOS="1344"/>
						<String ID="string_238" HPOS="1363" VPOS="1924" WIDTH="47" HEIGHT="43" WC="0.69" CONTENT="ie"/><SP WIDTH="19" VPOS="1924" HPOS="1410"/>
						<String ID="string_239" HPOS="1429" VPOS="1922" WIDTH="124" HEIGHT="44" WC="0.59" CONTENT="m&#39;en"/><SP WIDTH="25" VPOS="1922" HPOS="1553"/>
						<String ID="string_240" HPOS="1578" VPOS="1919" WIDTH="88" HEIGHT="51" WC="0.91" CONTENT="ſuis"/>
					</TextLine>
					<TextLine ID="line_31" HPOS="502" VPOS="1985" WIDTH="1164" HEIGHT="69">
						<String ID="string_241" HPOS="502" VPOS="1990" WIDTH="193" HEIGHT="64" WC="0.92" CONTENT="desja"/><SP WIDTH="-63" VPOS="1990" HPOS="695"/>
						<String ID="string_242" HPOS="632" VPOS="1981" WIDTH="72" HEIGHT="77" WC="0.92" CONTENT="en"/><SP WIDTH="5" VPOS="1981" HPOS="704"/>
						<String ID="string_243" HPOS="709" VPOS="1993" WIDTH="147" HEIGHT="61" WC="0.70" CONTENT="partie"/><SP WIDTH="11" VPOS="1993" HPOS="856"/>
						<String ID="string_244" HPOS="867" VPOS="1985" WIDTH="209" HEIGHT="69" WC="0.59" CONTENT="acquitè,"/><SP WIDTH="26" VPOS="1985" HPOS="1076"/>
						<String ID="string_245" HPOS="1102" VPOS="2006" WIDTH="56" HEIGHT="30" WC="0.91" CONTENT="en"/><SP WIDTH="14" VPOS="2006" HPOS="1158"/>
						<String ID="string_246" HPOS="1172" VPOS="1992" WIDTH="237" HEIGHT="60" WC="0.85" CONTENT="raportant"/><SP WIDTH="22" VPOS="1992" HPOS="1409"/>
						<String ID="string_247" HPOS="1431" VPOS="1985" WIDTH="61" HEIGHT="47" WC="0.90" CONTENT="les"/><SP WIDTH="23" VPOS="1985" HPOS="1492"/>
						<String ID="string_248" HPOS="1515" VPOS="1986" WIDTH="151" HEIGHT="51" WC="0.91" CONTENT="diuers"/>
					</TextLine>
					<TextLine ID="line_32" HPOS="504" VPOS="2050" WIDTH="1162" HEIGHT="73">
						<String ID="string_249" HPOS="504" VPOS="2055" WIDTH="326" HEIGHT="68" WC="0.26" CONTENT="temoignages"/><SP WIDTH="21" VPOS="2055" HPOS="830"/>
						<String ID="string_250" HPOS="851" VPOS="2057" WIDTH="57" HEIGHT="46" WC="0.90" CONTENT="de"/><SP WIDTH="24" VPOS="2057" HPOS="908"/>
						<String ID="string_251" HPOS="932" VPOS="2061" WIDTH="42" HEIGHT="41" WC="0.87" CONTENT="S."/><SP WIDTH="32" VPOS="2061" HPOS="974"/>
						<String ID="string_252" HPOS="1006" VPOS="2055" WIDTH="253" HEIGHT="64" WC="0.78" CONTENT="Auguſtin,"/><SP WIDTH="23" VPOS="2055" HPOS="1259"/>
						<String ID="string_253" HPOS="1282" VPOS="2050" WIDTH="183" HEIGHT="69" WC="0.39" CONTENT="jeſpere"/><SP WIDTH="27" VPOS="2050" HPOS="1465"/>
						<String ID="string_254" HPOS="1492" VPOS="2072" WIDTH="92" HEIGHT="50" WC="0.92" CONTENT="que"/><SP WIDTH="36" VPOS="2072" HPOS="1584"/>
						<String ID="string_255" HPOS="1620" VPOS="2057" WIDTH="46" HEIGHT="48" WC="0.92" CONTENT="la"/>
					</TextLine>
					<TextLine ID="line_33" HPOS="503" VPOS="2120" WIDTH="1162" HEIGHT="72">
						<String ID="string_256" HPOS="503" VPOS="2120" WIDTH="255" HEIGHT="54" WC="0.18" CONTENT="lecturèdes"/><SP WIDTH="12" VPOS="2120" HPOS="758"/>
						<String ID="string_257" HPOS="770" VPOS="2126" WIDTH="217" HEIGHT="66" WC="0.89" CONTENT="premiers"/><SP WIDTH="13" VPOS="2126" HPOS="987"/>
						<String ID="string_258" HPOS="1000" VPOS="2120" WIDTH="241" HEIGHT="67" WC="0.92" CONTENT="Chapitres"/><SP WIDTH="12" VPOS="2120" HPOS="1241"/>
						<String ID="string_259" HPOS="1253" VPOS="2120" WIDTH="218" HEIGHT="55" WC="0.90" CONTENT="acheuera"/><SP WIDTH="12" VPOS="2120" HPOS="1471"/>
						<String ID="string_260" HPOS="1483" VPOS="2124" WIDTH="40" HEIGHT="48" WC="0.6" CONTENT="lé"/><SP WIDTH="10" VPOS="2124" HPOS="1523"/>
						<String ID="string_261" HPOS="1533" VPOS="2124" WIDTH="132" HEIGHT="65" WC="0.54" CONTENT="reſte."/>
					</TextLine>
				</TextBlock>
			</PrintSpace>
		</Page>
	</Layout>
</alto>
