1776 2528
291 100 78 63 DE
418 112 294 50 L'ESPRIT
753 125 81 40 DE
861 110 309 51 L'Homme.
1305 132 60 43 y

103 179 205 52 diuerfes
317 198 98 50 que
428 180 132 50 celles
573 181 57 46 de
642 177 262 52 l'Eftenduë
920 187 45 40 &
981 179 111 48 dela
1107 177 188 58 Penféc;
1311 192 48 42 &

116 248 221 50 toutefois
358 246 261 59 (difent-ils
636 257 13 51 }
668 265 120 31 nous
801 265 184 49 voyons
1009 266 73 29 ces
1098 252 264 64 proprietez

114 315 380 51 vniesenfemble
505 316 116 48 dans
640 315 45 57 le
707 312 102 63 feu,
831 316 116 48 dans
969 315 45 48 le
1036 316 106 59 lait,
1175 326 55 39 &
1244 317 124 50 dans.

115 385 213 49 Faimant
351 424 13 21 ,
387 386 197 53 dautant
607 401 93 52 que
721 401 105 32 tous
845 394 74 46 ces
935 383 215 50 attributs
1171 403 61 29 ne
1253 381 109 56 font

113 472 75 47 pas
193 459 264 60 contraires
473 492 13 20 ,
509 457 115 44 mais
647 451 255 57 feulement
922 453 183 58 diuers,
1124 462 43 39 &
1192 449 44 51 fe
1247 471 116 48 peu

114 530 395 41 uentrencontrer
520 522 116 52 dans
648 539 65 31 vn
725 519 174 49 mefme
909 518 198 63 fujet.Ils
1119 521 249 65 objectent

114 608 58 29 en
185 588 180 55 fecond
381 589 138 56 lieu,
540 587 112 63 qu’il
673 605 27 48 y
711 606 48 35 a:
764 588 124 53 deux
907 584 153 51 fortes
1072 587 58 47 de
1137 585 229 62 Penfées,

113 655 128 49 l'vne
260 659 259 65 qui
346 649 40 79 a
385 659 133 65 pour
539 653 134 63 objet
693 653 43 49 la
757 654 330 49 connoiffance
1107 653 79 50 des
1206 653 165 56 chofes.

100 714 301 78 fpirituclles,
407 714 319 78 vniuerfelles,
734 731 23 40 &
793 719 382 60 indeterminées,
1193 731 48 39 &
1254 722 113 51 l’au-

118 805 64 32 tre
199 794 83 64 qui
295 789 222 51 s'attache
541 808 89 34 aux
643 790 297 66 Corporeiles
958 826 18 22 ,
995 789 308 68 particulieres
1317 800 53 41 &

120 856 334 57 determinées
430 852 27 77 ;
486 862 116 61 Que
615 858 45 48 la
682 862 226 63 premiere
927 857 61 49 eft
1004 857 363 52 veritablement

121 940 319 53 vnappanage
453 923 253 70 del’Efprit,
718 930 147 54 mais
878 923 364 70 quelafeconde
1253 926 123 55 n’eft.

95 1025 2 4 -
121 997 132 60 point
274 1011 58 32 au
352 993 147 50 deflus
520 994 79 47 des
631 991 148 52 forces
809 993 70 48 du
894 1000 181 60 Corps.
1118 999 90 44 Ces
1231 994 133 64 obje-

122 1062 148 48 étions
281 1100 20 20 ,
311 1079 134 50 quoy
457 1079 93 49 que
562 1058 142 52 fortes
721 1080 57 31 en
792 1079 271 50 apparence,
1073 1064 137 46 n'ont
1221 1079 161 50 pour-

123 1141 165 37 tanten
305 1128 132 50 effet
460 1146 179 32 aucune
649 1127 211 60 folidité,
877 1138 44 40 &
943 1126 307 57 feruentbien
1296 1130 106 52 plus.

121 1189 151 56 àmon
283 1196 116 66 fujet
411 1196 192 68 qu'elles
620 1199 75 63 n'y
708 1193 199 52 nuifent.
935 1199 126 44 Pour
1072 1213 117 34 vous
1202 1195 42 47 le
1250 1145 110 110 Eire
1403 1242 14 9 k

122 1267 121 50 voir,
268 1263 268 51 confiderez
559 1267 360 65 premierement
932 1279 93 49 que
1018 1256 94 80 les
1119 1256 139 80 idées
1274 1280 99 51 que

120 1344 120 35 nous
256 1351 146 30 auons
419 1334 57 47 de
497 1333 48 48 la
552 1330 178 51 Penfée
748 1340 34 41 &
805 1332 58 48 de
875 1331 262 49 l’Eftenduë
1161 1328 205 52 fontau-

124 1410 202 38 trement
334 1398 227 69 oppofées
581 1399 254 58 entr'elles,
862 1417 93 50 que
968 1417 60 30 ne
1047 1399 51 48 le
1110 1396 108 51 font
1231 1398 137 50 celles

121 1462 55 48 de
198 1464 42 49 la
262 1466 152 67 figure
429 1469 63 47 du
506 1473 346 54 Mounement,
870 1477 53 40 &.
941 1467 58 48 de
1019 1483 154 34 toutes
1196 1465 64 49 les
1279 1485 87 29 au-

121 1531 97 44 tres
228 1539 307 58 proprictetez
557 1535 134 65 qu’ils
715 1544 88 40 ont
833 1532 257 70 alleguées.
1110 1540 96 43 Car
1229 1551 138 49 peut-

121 1614 64 32 on
208 1597 226 67 direqu’il
456 1603 117 62 n'ya
586 1604 218 63 pointde
817 1618 190 52 rapport
1023 1618 127 32 entre
1162 1602 43 46 le
1216 1607 153 42 Mou-

121 1677 188 36 uement
319 1673 49 40 &
389 1664 43 48 la
445 1668 243 51 Rondeur,
702 1674 101 57 puis
813 1670 268 63 qu'ilyena
1091 1686 67 29 vn
1171 1665 201 65 figrand

125 1747 125 33 entre
270 1732 44 49 la
325 1731 221 69 figureen
566 1733 188 67 general
779 1742 46 37 &
848 1734 42 44 le
905 1745 336 42 mouuement,
1256 1731 114 65 qu'il

126 1796 57 48 eft
199 1801 267 67 impoñlible
487 1802 58 49 de
567 1802 250 48 conceuoir
841 1800 43 47 le
895 1813 350 42 mouuement,
1278 1815 94 49 que

126 1863 112 53 dans
270 1888 66 30 vn
357 1877 162 60 Corps
541 1874 85 62 qui
647 1874 64 45 ait
733 1868 207 70 quelque
964 1866 149 70 figure
1135 1904 14 21 ,
1181 1885 190 31 comme

126 1933 106 50 auffi
254 1955 67 31 on
343 1957 62 30 ne
423 1937 204 65 fçauroit
647 1942 232 62 imaginer
900 1938 59 48 de
978 1937 149 65 figure
1143 1949 92 49 que
1255 1935 121 50 dans

126 2013 67 35 Vn
213 2002 113 62 fujet
346 2003 189 72 capable
553 2007 58 47 de
623 2019 311 34 mouuement;
973 2007 59 44 Et
1053 2003 65 45 s’il
1140 2000 76 65 n’y
1237 2008 131 45 auoie

124 2082 154 34 aucun
299 2079 153 63 Corps
475 2075 179 49 mobile
670 2092 60 31 au
740 2066 187 80 monde
951 2109 13 20 ,
993 2072 309 66 pourroit-on
1325 2070 45 52 fe

125 2131 173 71 figurer
311 2143 117 62 qu’il
448 2161 30 48 y
497 2144 95 49 euft
611 2144 206 68 quelque
831 2138 136 56 chofe
986 2141 56 49 de
1067 2138 140 60 rond,
1232 2160 138 40 com-

1145 2213 40 46 C
