1776 2528
274 127 79 47 DE
399 121 429 51 L'ESPRITDE
869 123 325 51 L'HOMME
1330 152 48 40 xs

125 200 135 42 ment
283 190 245 59 diuifible,
552 190 202 54 mobile,
788 200 44 40 &
867 192 337 66 impenetrable
1231 216 25 26 :
1275 202 100 44 Car

125 265 99 62 puis
241 260 191 67 qu'eftre
446 259 205 48 Eftendu
673 259 109 46 n'eft
806 263 96 44 rien
924 275 127 32 autre
1079 259 137 50 chofe
1237 266 135 62 qu’a-

125 332 101 44 uoir
240 329 76 47 des
325 331 170 63 parties
510 326 61 47 Les
585 344 110 30 vnes
706 326 110 61 hors
832 327 76 48 des
921 343 173 41 autres,
1113 328 32 47 il
1165 348 77 28 me
1255 330 114 50 fem.

125 394 75 48 ble
212 413 93 50 que
316 395 44 48 la
372 399 298 63 penetration
683 394 155 66 quiles
854 394 167 47 metles
1035 412 110 31 vnes
1169 396 114 49 dans
1303 397 63 49 les

123 480 147 30 autres
296 501 13 20 ,
341 481 58 29 ne
429 477 110 52 peut
572 465 245 62 compatir
853 462 361 48 naturellement
1253 482 110 32 auec

123 529 280 50 J'Eftendue.
445 526 131 51 Ainf
595 528 211 65 j'appelle
826 546 65 29 vn
912 527 109 47 eftre
1052 532 310 58 Immateriel,

122 597 132 62 celuy
277 601 84 59 qui
381 599 74 43 n'a
473 599 139 60 point
632 592 316 58 d'extenfion,
974 602 44 38 &
1044 599 83 60 qui
1147 596 111 46 n'eft
1277 617 82 47 pas

119 663 192 67 capable
327 680 80 46 par
421 658 287 69 confequent
720 659 208 48 d’eftrele
948 657 115 66 fujet
1075 661 194 50 d'aucun
1283 665 76 47 des

122 731 231 47 accidents
366 729 64 47 du
442 734 174 61 Corps;
644 736 45 40 &
703 731 42 43 ie
757 726 232 66 tafcheray
1003 727 56 48 de
1072 746 117 30 vous
1213 749 146 30 mon-

123 796 106 49 ftrer
243 796 327 70 quetoutesles
583 793 156 50 chofes
754 799 81 63 qui
845 795 197 50 Penfent
1051 793 111 53 font
1174 797 56 49 de
1242 800 118 48 cette

119 881 180 35 fature.

198 937 49 44 Le
257 952 114 32 vous
383 936 95 66 prie
490 934 57 49 de
561 931 255 53 confiderer
829 932 190 50 d’abord
1033 972 14 19 ,
1062 950 91 52 que
1170 953 188 32 comme

125 998 115 75 nous
243 998 203 75 n'auons
461 1007 137 62 point
610 1004 173 47 d'autre
806 1005 171 45 notion
997 1003 56 47 de
1075 1002 137 49 l'eftre
1236 1013 43 39 &
1301 1005 58 48 de

127 1065 44 49 la
183 1067 235 51 fubftance
441 1088 57 30 en
520 1070 215 66 general,
759 1068 138 50 finon
918 1069 168 67 qu'elle
1102 1070 64 47 eft
1189 1071 41 47 le
1249 1090 107 48 pre-

125 1140 115 45 mier
262 1136 115 66 fujet
399 1138 59 47 de
479 1137 226 66 quelques
731 1134 240 59 attributs,
994 1154 62 30 ou
1079 1137 281 66 proprictés,

124 1203 108 49 auffi
247 1223 56 30 ne
327 1204 235 63 fçaurions
584 1223 118 29 nous
723 1208 129 44 auoir
877 1204 58 46 de
955 1203 207 47 meilleur
1182 1202 175 50 fonde-

127 1285 155 45 ment,
297 1290 119 50 pour
438 1272 313 48 reconnoiftre
770 1269 35 49 fi
825 1272 118 48 deux
964 1266 255 53 fubftances
1249 1270 109 51 font

123 1336 288 62 differentes,
427 1358 92 50 que
530 1341 93 47 lors
637 1358 89 47 que
742 1358 117 30 nous
880 1355 305 51 remarquons
1207 1341 151 65 qu’el-

126 1401 60 50 les
207 1404 106 53 font
344 1408 42 47 le
406 1406 115 67 fujet
540 1410 58 46 de
621 1409 146 47 diuers
789 1406 213 48 attributs
1024 1429 11 31 ;
1072 1425 72 29 car
1175 1408 182 66 chaque

125 1469 288 69 chofeayant
426 1474 86 49 fon
524 1474 173 50 effénce
719 1479 83 61 qui
828 1473 44 49 la
891 1473 232 67 diftingue
1143 1474 57 49 de
1224 1491 132 32 toute

120 1552 155 41 autre,
301 1541 200 64 laquelle
514 1542 173 48 effence
698 1562 59 29 ne
777 1560 118 30 nous
915 1558 109 50 peur
1040 1541 109 48 eftre
1170 1548 188 52 connuë

124 1621 92 47 que
227 1621 80 48 par
318 1602 64 49 fes
393 1614 257 58 proprietez
666 1647 13 18 ,
694 1609 30 47 il
738 1627 57 29 ne
809 1625 108 49 peut
929 1627 117 48 pasy
1069 1614 131 44 auoir
1220 1610 134 46 d’au-

123 1684 67 34 tre
203 1689 176 46 moyen
389 1688 116 49 pour
518 1676 313 45 reconnoiftre
842 1675 95 46 leur
949 1676 300 57 diftinétion,
1264 1690 92 47 que

105 1734 63 50 ‘la
189 1738 212 50 diuerfité
423 1739 57 47 de
498 1737 117 49 leurs
639 1741 285 64 proprietez
891 1730 27 79 :
947 1739 108 45 auffi
1078 1738 183 66 iufques
1282 1743 74 60 icy

124 1801 96 53 l'on
231 1809 73 45 n’a
318 1812 137 62 point
474 1804 192 71 apporté
694 1807 175 47 d'autre
888 1822 216 49 marque,
1128 1822 92 51 que
1245 1804 112 49 celle

126 1867 44 52 l
181 1891 116 46 pour
320 1874 111 62 faire
452 1880 101 45 voir
572 1875 43 48 la
635 1875 244 49 difference
899 1875 78 47 des
997 1873 258 56 indiuidus,
1279 1873 78 49 des

110 1936 188 69 «Cfpeces
314 1953 43 39 &
385 1945 77 47 des
484 1961 176 50 genres.
695 1947 58 43 Et
774 1943 68 46 s’il
865 1940 117 51 fufft
1004 1959 117 47 pour
1144 1956 210 36 montrer

128 2001 42 51 la
191 2007 245 52 difference
456 2012 56 48 de
534 2015 150 45 Pierre
707 2017 43 39 &
775 2008 58 48 de
856 2008 111 47 Paul
989 2044 14 20 ,
1024 2008 64 45 du
1114 2005 78 48 feu
1222 2017 45 39 &
1298 2012 57 47 de

126 2069 116 80 l'eau
256 2108 13 40 ,
283 2077 60 46 du
356 2080 181 47 marbre
554 2089 44 39 &
613 2077 207 58 dulaict,
835 2076 267 64 dedireque
1126 2078 148 48 Pierre
1293 2080 61 48 eft

110 2156 39 44 4
165 2142 150 58 Paris,
331 2152 44 40 &
392 2147 333 70 Paul
502 2136 44 85 à
545 2147 164 70 Rouën
739 2167 10 34 ;
765 2162 91 50 que
870 2146 40 49 le
923 2140 77 73 feu
1021 2161 118 33 nous
1163 2141 196 69 échauf-

120 2247 6 1 =
143 2239 43 19 {.
