1776 2528
592 100 367 70 PREEVXCE.

251 173 50 52 Ie
313 178 117 46 vous
445 170 126 69 diray
584 188 288 51 pourtant
807 166 75 81 en
887 171 155 68 peude
1060 183 153 50 mots,
1238 186 114 57 que-

169 248 110 44 ttois
293 240 156 50 choſes
464 257 200 52 peuuent
678 239 371 68 beaucoupaider
1071 239 130 52 àcela,
1242 242 89 50 leſ-

203 311 132 48 uelles
348 314 40 43 ie
401 308 304 50 ſouhaiterois
718 326 90 50 que
827 309 94 48 Pon
942 309 92 47 euſt
1048 305 129 53 faites
1189 324 161 37 auant

168 380 39 47 A
229 379 171 47 lecture
420 378 57 46 de
498 396 49 28 ce
562 380 166 55 Liure;
751 379 72 44 La
840 380 222 63 premiere
1084 377 59 47 eſt
1170 379 59 48 de
1250 379 101 49 lire

167 450 361 45 attentiuement
555 445 62 46 les
650 444 309 48 Meditations
991 445 57 48 de
1089 444 261 51 Monſieur

166 512 262 58 Deſcartes,
444 530 78 30 car
535 511 104 48 elles
656 509 321 68 aprendeont
940 505 39 76 à
997 509 44 50 ſe
1062 509 170 52 defaire
1255 515 96 47 des

163 581 216 65 prcjuges
401 581 62 46 de
474 576 254 70 lenfance,
754 586 48 38 &
820 578 77 45 des
922 578 130 47 Idées
1071 580 76 45 des
1172 579 181 53 choſes

164 646 268 52 fenſibles;
470 648 79 44 Et.
567 642 25 49 à
603 641 62 49 ſe
684 641 175 50 former
890 644 115 47 celle
1029 646 141 49 d'vne
1179 637 158 69 choſe

160 714 88 66 qui
271 710 188 60 Penſe,
487 727 93 52 que
603 711 96 48 hon
718 711 311 48 reconnoiſtra
1060 709 292 55 facilement

166 781 111 60 cſtre
290 779 243 57 differente
544 780 57 47 de
613 776 138 50 Vldée
764 779 137 47 dune
923 776 137 50 choſe
1086 781 266 54 Eſtendu;

164 847 112 49 c'ol
296 849 32 46 il
357 846 90 49 ſuit
466 846 379 49 neceſſairement,
865 865 248 38 comme
1094 839 77 79 ie
1173 846 176 68 feray

164 920 128 53 voir,
306 933 94 50 que
413 934 69 29 ces
493 915 123 48 deux
630 911 156 51 choſes
797 910 106 51 ſont
920 910 413 54 differentes.

257 982 300 53 Laſeconde,
585 982 63 47 eſt
661 981 145 51 delire
817 981 41 47 le
870 984 136 46 Liure
1026 981 47 46 de
1092 982 263 62 Homme.

163 1056 92 43 Car
268 1041 160 78 comme
434 1049 63 48 il
512 1046 200 51 faitvoir
735 1048 117 67 qu'il
872 1050 75 65 wy
968 1068 24 28 a
1012 1067 153 31 aucun
1185 1068 144 31 mou-

162 1134 191 32 uement
384 1116 128 55 (àla
531 1114 177 49 reſerue
726 1118 56 47 de
805 1133 137 41 ceux.
953 1120 94 59 quie
1063 1116 289 67 dependent

160 1184 57 47 de
238 1184 40 48 la
312 1181 189 69 penſce)
521 1187 105 62 qui
654 1201 77 28 ne-
747 1181 45 48 ſe
821 1182 99 65 puſt
923 1176 157 78 faire
1092 1185 134 48 dans
1237 1204 114 39 vno

158 1252 219 47 machine
399 1250 83 67 qui
501 1253 202 46 mauroit
715 1252 141 64 point
880 1249 57 48 de
969 1244 357 67 connoiſſance,

159 1317 35 49 il
211 1319 171 66 aprend
403 1321 57 45 en
491 1316 176 49 meſme
698 1333 157 51 temps
882 1334 92 49 que
1010 1332 116 34 cette
1146 1319 206 67 penſce-

159 1385 102 48 doit
283 1386 109 47 eſtre
412 1385 207 67 quelque
644 1382 137 51 choſe
803 1386 58 47 de
880 1384 109 48 bien
1009 1386 214 70 different
1242 1388 80 47 des

158 1454 201 65 qualite?
373 1455 66 48 de
465 1453 52 47 la
524 1453 224 57 matiere,
785 1461 43 39 &
852 1449 115 70 qu'il
995 1455 74 63 mwy
1098 1455 26 47 a
1131 1455 215 65 qulelle

157 1523 82 59 qui
251 1521 266 63 apartienne
527 1537 300 49 proprement
838 1517 24 51 à
874 1519 246 68 Eſpritde
1133 1521 191 49 lom-

155 1601 99 34 me;
276 1579 194 78 puiſque
477 1603 110 31 tout
615 1588 40 46 le
676 1587 110 48 reſte
807 1585 43 50 ſe
869 1592 189 61 pouroit
1086 1585 110 50 faire
1218 1587 128 51 ſans

120 1651 158 66 luy;
298 1653 60 43 Et
378 1667 188 49 partant
581 1655 114 64 qu'il
718 1654 58 47 eſt
796 1653 253 50 ſeulemont
1071 1662 95 44 vne
1185 1653 138 66 choſo

156 1715 726 71 Emiiiüä

249 1791 68 45 La
354 1782 253 53 troiſieſme
681 1782 90 50 eſt
799 1784 238 48 noceſſaire
1068 1781 282 54 ſeulement

156 1868 118 51 pour
302 1871 113 32 ceux
444 1858 82 65 qui
555 1852 194 68 meſtant
774 1872 78 50 ꝑas
883 1851 320 52 accouſtumez
1234 1870 105 36 aux

157 1916 199 77 abſtract
358 1916 101 77 ions
483 1920 532 69 Methaphyſiques,
948 1916 78 77 no
1034 1935 207 54 peuuent
1258 1938 91 34 ou

161 1992 240 53 (comme
425 1990 32 50 il
476 2008 29 47 y
528 2008 27 29 a
550 1983 128 78 plus
706 1990 31 45 d
740 1991 274 64 aparence)
1028 1991 208 60 croyent
1260 2005 90 35 no

157 2048 199 81 pouuoir
366 2058 120 50 rien
505 2048 249 81 conceuoir
764 2048 91 81 qui
884 2074 60 31 ne
974 2052 88 52 ſoit
1093 2055 229 53 Eſtendu-

156 2124 43 63 Ie
215 2123 465 71 permets
434 2116 47 94 à
481 2123 141 71 ceux-
621 2116 64 94 là
701 2125 57 63 de
786 2128 252 78 Conceuoir
1060 2116 171 94 Eſprit
1262 2127 86 58 dæ

979 2210 67 48 EE
1085 2209 58 49 u.
