1776 2528
449 104 50 50 38
870 83 104 53 TR
1010 87 300 49 AITTE"

451 164 221 47 Lecteur;
694 157 25 48 à
724 157 168 49 moins
915 156 190 65 dequoy
1130 155 203 50 c’eftvne
1347 153 139 51 chofe
1504 156 207 50 ridicule-

450 232 57 45 de
519 227 219 64 changer
759 225 38 50 la
810 221 334 70 fignification
1166 226 241 47 ordinaire
1431 225 130 49 d’vn
1579 244 129 30 nom:

450 295 101 48 fans
587 311 181 35 aucune
796 289 244 53 neceflité.
1087 290 135 61 C'eft
1256 309 253 51 pourquoy
1540 294 166 66 quand

418 382 3 2 :
451 364 110 49 bien
577 360 342 50 Tertullien.en
941 376 212 32 mettant
1159 356 135 63 Dieu
1301 369 64 41 &
1387 378 87 31 nos
1497 380 125 30 ames
1645 379 69 31 au:

452 448 125 48 rang
594 430 79 47 des
699 434 179 61 Corps,
902 422 209 78 n'auroit.
1119 427 116 49 voulu
1291 430 100 47 dire
1412 446 130 32 autre
1564 427 153 50 chofe

429 488 164 79 finon
600 488 93 79 que
715 492 257 71 cefontdes
993 493 147 51 Eftres
1164 493 148 60 réels,
1331 504 45 40 &
1401 514 102 31 non
1525 516 78 47 pas
1625 499 94 46 des:

455 566 410 62 chimeres
675 557 97 77 (ce
771 557 91 77 qui
877 574 74 38 n’a
964 565 161 45 iamais
1144 561 87 49 efté
1252 563 69 47 dit
1343 581 79 49 par
1443 563 272 66 perfonne).

456 634 33 49 il
509 652 59 29 ne
590 631 219 48 laifferoit
833 649 78 46 pas
930 630 157 49 d’eftre
1117 628 258 52 blafmable,
1385 628 164 71 pour.
1572 636 148 45 auoir:

455 700 103 55 fans
584 696 168 65 befoin
786 696 199 51 eftendu
1007 696 57 48 la
1081 695 321 68 fignification
1434 700 58 46 de
1521 719 51 28 ce
1598 715 123 33 mot:

458 787 59 33 au
526 766 114 53 delà
672 766 73 51 de:
742 757 59 77 fa
818 761 335 69 fignification
1181 766 234 50 ordinaire
1436 786 11 35 ;
1486 767 236 49 donnant

459 832 117 56 ainfi
593 830 263 52 occafion
808 826 54 80 à
878 850 110 31 ceux
1013 837 83 63 qui
1118 850 69 33 ne
1198 830 192 68 fçauent
1419 853 89 48 pas
1534 835 191 67 qu’elle:

460 902 61 48 cft
545 920 58 30 en
625 900 93 49 cela
736 898 46 49 fa
792 898 165 67 penfée
968 900 63 51 de
1044 905 280 63 s’imaginer,
1336 902 116 64 qu'il
1464 921 29 29 a
1506 903 82 48 crû
1615 920 110 50 que

461 973 126 46 Dieu
619 977 46 42 &
698 967 156 49 noftre
884 985 100 32 ame
1002 967 208 49 eftoient
1231 970 266 48 materiels.
1513 963 213 78 Epicure:

461 1036 62 49 eft
553 1032 166 56 tombé
740 1035 114 47 dans
879 1032 251 53 la.mefme
1151 1032 128 53 faute
1307 1073 34 21 ,.
1356 1033 82 51 fur
1459 1056 93 31 vne
1580 1052 147 36 autre:

462 1097 217 78 matiere,
686 1097 103 78 lors
800 1102 151 68 qu'ila
968 1103 72 48 dit
1062 1119 93 52 que
1177 1122 88 33 nos
1287 1101 101 51 fens
1396 1121 70 33 ne
1487 1104 57 50 fe
1554 1121 172 32 trom-.

463 1166 352 79 poientiamais.
817 1166 221 79 Carileft
1063 1166 306 79 bien.certain
1379 1166 129 79 qu'il
1531 1175 74 46 n’a
1629 1191 98 50 pas:

463 1240 151 47 voulu
632 1243 126 53 nier,
772 1255 102 50 que
892 1238 68 49 les
977 1242 264 63 iugements
1257 1255 99 51 que
1378 1258 120 30 nous
1531 1239 196 51 faifons.

464 1304 72 49 fur
563 1306 42 48 le
627 1304 94 49 feul
742 1321 191 51 rapport
953 1306 57 46 de
1033 1324 86 30 nos
1143 1304 129 60 fens,
1287 1324 70 40 ne
1388 1303 170 54 fuflent
1591 1310 135 48 affez-

466 1370 198 52 fouuent
655 1365 174 83 faux,
832 1389 73 48 ny
920 1388 92 50 que
1037 1372 64 47 les
1112 1365 163 83 objets
1296 1392 59 30 ne
1380 1372 175 53 fuffent
1572 1377 157 67 quel--

468 1437 205 70 quesfois
693 1455 263 35 autrement
989 1439 134 64 qu'ils
1146 1458 60 31 ne
1226 1458 121 31 nous
1379 1444 347 64 apparoïffent;!

468 1511 82 61 qui
579 1505 78 52 eft
678 1504 223 49 toutefois
949 1505 58 49 a
1035 1504 139 51 feule.
1195 1505 139 51 chofe
1372 1512 358 65 qu'entendent:

469 1567 111 82 ceux
583 1567 285 82 qui-difent
881 1572 187 68 que’les
1086 1572 110 53 fens
1212 1573 44 50 fe
1285 1592 278 53 trompent
1531 1567 41 82 :
1594 1582 139 45 mais:

467 1644 33 48 il
525 1662 24 29 a
570 1636 254 80 feulement
839 1641 119 51 voulu
1012 1643 113 60 dire,
1143 1661 90 49 que
1252 1644 63 49 les
1338 1651 275 61 operations
1632 1647 99 47 des.

433 1709 136 64 .{ens
594 1710 205 49 eftoient
819 1710 374 60 veritables
1074 1705 40 79 ,
1120 1705 80 79 de
1207 1728 138 30 cette
1381 1709 155 49 verité
1560 1715 170 65 qu’on:

468 1779 624 56 nommed’exiftence,
970 1771 115 81 c'eft
1104 1777 25 46 à
1140 1780 114 55 dire,
1269 1793 98 52 que
1389 1777 61 50 les
1461 1779 153 66 objets
1626 1799 98 49 pa--

469 1846 248 49 roifloient
753 1842 360 52 veritablement
1145 1843 100 52 tels
1267 1847 141 67 qu'ils
1445 1864 121 31 nous
1605 1866 123 49 par--

469 1914 262 50 roifloient.
759 1912 283 66 Cequin'eft
1056 1916 136 65 point
1199 1914 69 49 du
1282 1930 174 32 touren
1478 1916 250 69 queftion;.

471 1990 45 40 &
587 1987 47 44 qui
654 1981 262 54 n'a:iamais
938 1980 87 48 efté
1048 1981 77 50 nié
1145 1985 57 44 de
1257 1977 222 65 perfonne,
1499 1981 107 57 non
1634 1999 97 54 pas:

469 1995 164 126 mefine
633 2068 95 49 par
747 2050 62 48 les
825 2054 217 58 Stoïques
1056 2068 10 33 ;
1081 2050 125 47 Mais
1217 2000 36 94 Ë
1269 2050 265 50 Tertullien
1557 2070 26 30 a
1597 2068 126 34 vou-

468 2107 33 87 lü
489 2111 161 64 dire,
663 2117 312 67 commeil
899 2107 29 87 y
935 2107 30 87 a
994 2114 177 69 grande
1191 2133 278 53 apparence,
1487 2136 99 54 que
1609 2125 120 57 tous:

702 2216 13 14 %
