1776 2528
817 106 12 11 ñ

820 125 11 17 :

0 792 69 33 77
108 774 6 4 |
183 814 6 12 ’
248 823 10 6 a
281 788 14 3 |
606 803 32 36 2°?
750 826 2 2 .
911 818 6 9 ,
1033 817 6 10 .
1120 820 3 5 ,
1425 816 15 18 y

0 841 44 12 Ur
177 819 161 68 Dans
363 814 196 78 laquelle
586 815 237 55 l'Auteur
841 816 97 71 fait
955 835 112 35 voir
1086 815 50 54 la
1159 816 272 72 conformité
1442 815 70 56 de

318 893 50 54 la
390 893 234 54 Doctrine
644 890 55 54 de
714 893 143 53 Saint
866 893 248 74 Auguftin
1128 931 17 23 ,
1164 912 116 33 anec
1302 891 64 53 les

416 968 255 71 fentimens
682 967 54 52 de
748 968 261 69 Monfieur
1018 971 286 66 Defcartes,.

550 1039 227 73 touchant
798 1040 50 73 la
871 1043 203 52 Nature
1089 1041 71 74 de.

287 1133 12 5 °
762 1120 207 51 L'Ame.

522 1260 193 50 VAND
742 1255 42 51 ie
807 1255 236 51 confidere
1062 1253 208 73 qu'entre
1289 1257 64 49 Les
1372 1254 130 55 eri=

494 1344 100 44 tez
610 1343 92 50 que
716 1323 243 52 Monfieur
974 1324 238 51 Defcartes
1231 1343 118 33 nous
1367 1345 25 29 a
1416 1342 84 31 en»

477 1386 24 69 É
511 1386 212 74 fcignées
736 1430 14 22 ,
759 1393 42 49 il
812 1395 73 64 n’y
906 1412 88 29 ena
1012 1398 136 64 point
1163 1391 256 71 aufquelles
1436 1410 66 32 on

521 1459 44 50 fe
582 1460 90 49 foit
689 1459 34 50 fi
744 1458 254 51 fortement
1018 1459 198 71 oppofé,
1234 1461 115 70 qu’à
1370 1460 130 49 celles

401 1555 53 3 #5
522 1533 83 62 qui
631 1527 107 50 font
767 1537 249 41 contenuës
1051 1531 113 47 dans
1192 1527 65 50 fes
1289 1530 211 49 Medita-

193 1592 123 44 tions
344 1593 405 68 Metaphyfiques;
779 1597 34 47 il
832 1614 76 29 me
926 1594 174 51 femble
1121 1588 89 79 que
1224 1600 53 44 ie
1293 1614 65 29 ne
1378 1611 124 51 pou-

190 1659 95 46 rois
306 1652 101 52 fans
433 1659 79 47 DEA
542 1678 125 94 COUP
690 1664 58 45 de
770 1661 212 49 temerité
1003 1673 17 47 ;
1045 1679 76 32 me
1149 1677 257 52 promettre
1434 1678 66 32 vn

194 1720 285 77 traittement
491 1720 114 77 plus
648 1727 373 63 fauorable
863 1720 40 77 ,
902 1727 116 63 pour
1044 1729 261 60 l'Ouurage
1340 1743 92 50 que
1459 1731 44 44 ie

194 1808 118 33 mets
331 1812 55 31 au
402 1796 108 47 iour
529 1831 15 21 ,
576 1788 193 73 puifque
791 1792 99 48 c'en
905 1789 61 49 eft
992 1788 218 53 vnefuite
1240 1793 256 51 neceffaire.

194 1860 127 50 Auffi
342 1898 13 21 ,
387 1862 112 48 bien
510 1862 117 48 loin
655 1861 58 50 de
740 1879 78 31 me
851 1858 144 52 flater
1036 1860 224 49 d'aucune
1292 1858 214 71 efperan-

196 1946 74 40 ce,
285 1932 41 45 ie
339 1927 86 51 fuis
437 1931 122 63 desja
571 1927 94 51 fort
674 1926 219 72 perfuadé,
900 1928 155 69 qu'il
1065 1947 26 49 y
1103 1946 28 31 a
1141 1931 113 45 trois
1266 1946 61 32 ou
1339 1949 163 51 quatre

194 1992 141 52 fortes
343 1998 62 48 de
417 1996 276 69 perfonnes,
717 1995 26 50 à
758 2001 84 64 qui
854 1994 115 51 felon
984 1997 75 47 les
1064 1994 442 72 apparencesien'ay

197 2077 79 50 pas
295 2065 91 58 lieu
406 2064 217 70 d’efperer
644 2064 112 70 qu'il
775 2063 143 69 puiffe
931 2064 152 69 plaire.
1115 2066 188 48 Cen'eft
1322 2086 77 48 pas
1413 2086 93 48 que

191 2145 127 53 seux
327 2127 79 97 qui
408 2127 126 97 lifent
564 2134 64 67 les
638 2138 161 67 Liures
810 2152 60 33 ne
874 2127 227 97 d'euffent
1114 2127 108 97 peut
1247 2134 109 51 cftre
1366 2135 140 68 auf

1254 2222 50 46 7
