1776 2528
894 84 360 75 PREEACE.

487 163 264 65 PHomme
764 160 108 49 auec
886 178 92 32 vne
993 159 102 48 telle
1107 157 265 62 extenſion,
1394 158 191 69 figure;
1611 163 67 49 &

499 232 217 57 couileur,
737 228 135 68 qu'ils
894 229 276 57 voudront,
1198 246 205 49 pourueu
1423 230 134 65 qu'ils
1599 249 63 31 ne

495 300 78 64 luy
593 299 150 49 oſtent
764 314 77 48 pas
861 295 44 48 la
921 292 174 51 facultè
1112 296 57 46 de
1178 295 169 66 penſer;
1366 301 102 54 Et
1492 314 93 50 que
1605 299 60 47 de

494 365 176 50 meſme
703 383 92 48 que
815 361 44 49 ſi
890 375 104 34 tous
1021 361 65 48 les
1109 368 156 62 Corps
1291 362 278 64 penſoient,
1600 365 64 49 les

499 439 273 43 Gcometres
790 449 69 29 ne
878 427 291 50 laiſſeroient
1201 449 77 47 pas
1310 432 57 46 de
1404 431 261 50 conſiderer

496 500 269 57 Peſtendue,
790 507 44 39 &
856 498 73 47 les
941 498 258 65 proprietez
1222 502 83 61 qui
1318 516 66 29 en
1408 497 257 62 reſultent,

498 566 98 51 ſans
608 564 195 70 prendre
818 563 178 68 gardeà
1017 564 43 47 ſa
1078 561 196 71 penſec,
1298 583 100 31 eux
1415 565 111 49 auſſi
1550 569 113 47 dans

497 632 185 70 lEſprit
708 635 58 45 de
792 634 282 51 Homme,
1103 629 85 68 qui
1200 630 109 49 ſans
1339 634 233 48 contredit
1602 635 64 50 eſt

498 721 92 32 vne
609 699 137 51 choſe
764 702 87 62 qui
869 695 167 68 penſe,
1064 696 223 49 vueillent
1315 716 59 29 ne
1391 699 273 50 conſiderer

501 788 93 48 que
606 769 40 48 la
661 759 159 80 penſce,
868 775 44 37 &
933 763 60 46 les
1015 766 258 64 proprietez
1297 769 82 61 qui
1399 765 42 47 la
1465 764 198 62 ſuiuent,

500 837 100 59 ſans
628 831 254 59 cõnſiderer
908 830 246 53 leſtendue
1184 830 199 67 qu'ils
1345 825 53 79 y
1420 830 243 70 ſupoſent;

495 909 67 51 Et
576 908 41 42 ie
628 896 206 53 m'aſſure
845 898 133 68 qu'ils
989 899 215 47 mauront
1214 916 78 49 pas
1306 896 83 51 fait
1399 901 95 47 cela
1515 901 149 66 long-

501 987 148 49 temps,
676 962 78 77 qu
769 966 62 48 ils
854 965 377 52 reconnoiſtront
1250 966 134 67 qu'ils
1400 984 97 30 ont
1522 969 143 52 VIdéc

500 1040 137 47 d'vne
656 1032 136 50 choſe
812 1037 82 64 qui
905 1026 169 79 penſe,
1105 1030 99 52 ſans
1226 1034 39 47 le
1287 1032 220 68 mélange
1531 1036 132 47 d'au-

499 1123 116 30 cune
635 1103 263 61 eſtendue;
932 1104 62 45 Et
1025 1099 193 69 qu'ainſi
1249 1117 117 33 cette
1399 1100 263 61 ſubſtance,

500 1171 136 69 qu'ils
656 1169 287 68 ſupoſoient
973 1167 249 59 eſtendus,
1254 1187 134 48 parce
1428 1170 133 66 qu'ils
1601 1189 61 30 ne

501 1243 240 61 croyoient
753 1257 76 46 pas
842 1239 42 46 la
895 1240 207 63 pouuoir
1114 1234 258 74 conceuoir
1374 1234 283 74 autrement,

499 1324 58 42 ne
570 1306 95 59 Feſt
673 1308 136 61 point
821 1305 62 46 du
889 1364 136 2 tout.

589 1376 142 61 Apres
754 1370 94 47 cela
869 1374 41 43 ie
935 1388 57 29 ne
1016 1369 96 48 leur
1146 1371 229 59 demande
1398 1375 107 44 rien
1527 1388 137 34 autre

502 1437 171 60 choſc,
688 1435 150 62 finon
859 1436 134 67 qu'ils
1005 1430 143 78 liſent
1169 1455 70 30 cet
1260 1444 269 60 Ouurage,
1551 1457 112 33 non

502 1524 77 48 pas
592 1523 56 29 en
671 1506 217 54 courant;
910 1506 115 44 mais
1043 1521 110 29 auec
1171 1522 66 31 vn
1259 1523 89 45 peu
1372 1505 286 56 d'atention;

502 1578 60 44 Et
582 1576 41 44 ic
643 1569 88 49 ſuis
744 1573 179 51 certain
946 1587 90 49 que
1056 1569 87 47 Sils
1173 1573 209 63 quittent
1413 1570 61 56 les
1506 1572 156 68 preju-

503 1659 91 48 ger
600 1640 71 47 de
679 1634 237 53 benfance
932 1646 51 40 &
1013 1637 56 49 de
1087 1636 208 61 Ecole,
1327 1658 117 49 pour
1465 1638 243 62 ncou-

492 1725 75 46 ter
589 1726 92 51 que
708 1706 43 49 la
772 1704 186 72 raiſon,
986 1706 61 62 ils
1062 1724 57 30 ne
1145 1722 275 55 trouueront
1445 1710 103 42 rien
1578 1711 84 63 qui

497 1794 60 33 ne
583 1773 90 51 ſoit
694 1771 85 53 tres
792 1775 253 54 veritabie,
1066 1778 79 60 qui
1167 1791 59 28 ne
1242 1771 130 66 fuiue
1390 1771 270 51 neceſſaire-

495 1860 132 34 ment
639 1844 76 46 des
725 1843 420 63 premicresverites
1170 1855 90 51 que
1280 1837 241 54 Monſicur
1547 1839 114 52 Deſ-

495 1904 524 68 cartes
653 1899 41 81 a
700 1904 354 68 demonſtrecs,
1090 1914 45 45 &
1161 1909 89 67 qui
1270 1926 59 30 ne
1357 1905 88 50 ſoit
1482 1905 178 53 meſme

487 1976 154 70 apuyè
659 1977 55 48 de
721 1973 261 53 lAutoritè
995 1975 118 49 deS.
1145 1969 268 81 Auguſtin,
1426 1988 73 49 qui
1540 1992 26 30 a
1589 1976 71 49 dit

500 2064 59 28 en
588 2044 128 49 mille
750 2044 203 48 endroits
974 2048 102 58 que
1096 2038 190 67 PEſprit
1309 2039 65 47 de
1405 2038 254 56 UHomme

499 2112 113 53 meſt
620 2131 84 48 pas
723 2130 91 48 vne
828 2106 140 70 choſe
989 2106 260 68 Eſtendue;
1270 2108 125 48 Mais
1417 2112 80 64 qui
1520 2128 58 41 no
1599 2111 63 61 la
