1776 2528
448 82 61 60 36
878 77 421 53 TRAITTE'

448 148 312 49 d’inftitution
774 184 13 21 ,
801 145 331 51 nousfommes
1153 144 196 50 affeurez
1370 144 63 49 du
1454 143 232 54 contraire

446 234 82 48 par
539 218 117 45 deux
670 212 172 50 raifons
863 231 86 32 tres
968 212 156 50 fortes.
1183 217 66 44 La
1279 217 248 63 premiere,
1549 234 135 47 parce

485 301 54 29 ue
555 284 61 45 les
628 280 151 67 fignes
801 281 309 50 d'inftitution
1132 280 268 67 dependant
1423 282 57 48 de
1501 282 42 49 la
1562 280 122 56 feule

446 350 202 48 volonté
668 351 57 46 de
757 350 43 47 la
831 346 136 54 chofe
997 354 84 61 qui
1109 345 136 68 penfe
1268 386 13 20 ,
1315 349 32 49 il
1381 347 61 48 eft
1472 350 211 49 morale-

446 433 133 34 ment
600 415 262 66 impoflible
883 453 13 20 ,
925 433 187 32 comme
1133 416 298 65 l'experience
1452 413 85 55 fait
1558 422 137 55 voir;

411 535 17 20 ,
444 484 132 65 qu'ils
589 503 58 31 ne
658 482 149 52 foient
818 475 78 84 pas
900 480 243 53 differents
1155 479 202 53 felonles
1370 484 149 48 diuers
1540 485 139 60 lieux,

439 551 68 50 les
528 553 148 48 diuers
700 568 147 51 temps
867 588 15 21 ,
906 560 45 39 &
980 549 62 48 les
1071 547 193 51 diuerfes
1292 548 261 68 perfonnes.
1611 558 70 44 La

444 616 224 60 feconde,
691 638 135 46 parce
849 636 91 48 que
961 615 34 48 fi
1019 617 43 46 la
1082 615 318 67 fignification
1421 618 63 48 du
1504 636 76 47 cry
1600 621 80 48 des”

443 685 142 52 beftes
599 686 131 47 eftoir
741 700 244 52 purement
1005 684 337 53 d'inftitution
1308 677 27 79 ;
1372 685 32 46 il
1423 682 139 52 feroit
1582 691 114 45 im-

442 753 195 67 poflible
659 757 90 62 que
772 753 62 45 les
859 756 154 43 ieunes
1035 750 43 48 la
1102 750 207 67 peuffent
1341 754 254 58 entendre,
1629 765 62 61 &

441 819 149 52 fuiure
609 821 79 46 des
714 817 248 55 aufli-toft
993 817 187 68 qu'elles
1212 816 106 55 font
1350 817 106 50 nées
1488 840 190 34 comme

440 905 120 31 nous
572 906 183 46 voyons
770 886 186 67 qu'elles
970 883 120 55 font,
1133 887 278 51 Concluons
1425 888 141 59 donc,
1582 907 94 50 que

441 952 178 69 iufques
643 954 26 49 à
692 974 48 30 ce
775 972 92 49 que
895 973 117 29 nous
1042 972 145 48 ayons
1213 954 243 67 remarqué
1481 973 102 49 que
1611 958 64 51 les

442 1019 142 51 beftes
605 1020 150 51 foient
778 1022 207 67 capables
1017 1022 251 49 d’inftituer
1298 1022 79 49 des
1399 1021 170 67 fignes,
1592 1030 81 61 qui

439 1107 120 31 nous
586 1088 310 69 reprefentent
936 1098 44 40 &
1018 1087 240 70 figniñent
1300 1089 116 51 leurs
1454 1086 183 124 pentées
1655 1106 23 46 ,

435 1173 190 37 nousne
638 1175 217 51 pouuons
875 1155 100 51 fans
996 1156 212 50 temerité
1229 1158 96 47 leur
1344 1162 222 47 attribuer
1586 1178 87 32 au-

437 1243 117 30 cune
565 1227 342 50 connoiffance.
928 1225 187 50 Paffons
1129 1225 24 47 à
1166 1225 42 47 la
1224 1225 205 49 derniere
1447 1225 95 50 diff
1549 1226 124 51 culté

435 1288 85 76 que
519 1288 204 76 l’ontire
743 1294 56 49 de
813 1293 42 47 la
866 1297 72 44 vie
953 1293 75 50 des
1048 1296 236 47 Animaux
1308 1301 44 38 &
1376 1292 77 47 des
1472 1293 205 66 plantes,

475 1375 54 29 ue
553 1360 98 50 l'on
675 1360 69 46 dit
765 1358 217 53 leureftre
1003 1359 449 49 communeauccles
1468 1359 200 69 Efprits
1631 1352 27 80 :

437 1425 171 53 Maisil
621 1424 59 47 eff
696 1423 88 53 aife
797 1423 322 68 derépondre,
1140 1425 146 66 quela
1298 1431 70 43 vie
1381 1444 90 46 que
1483 1429 99 47 l’on
1596 1447 74 33 at-

435 1490 148 54 tribuëé
595 1509 87 34 aux
694 1492 176 64 plantes
885 1501 42 39 &
944 1494 343 55 auxAnimaux,
1296 1493 160 49 &celle
1468 1512 90 48 que
1569 1496 98 55 l’on

433 1559 197 52 attribué
644 1576 87 31 aux
744 1556 167 63 Efprits
924 1560 136 55 n'ont
1072 1563 98 48 rien
1181 1559 56 48 de
1254 1557 254 54 femblable
1520 1582 91 47 que
1624 1566 45 48 le

432 1646 119 34 nom
568 1649 10 28 :
592 1633 94 47 Car
698 1627 43 52 la
751 1627 141 53 viede
903 1644 192 49 ceux-cy
1109 1624 193 54 confifte
1314 1629 113 52 dans
1440 1631 96 49 leur
1547 1651 120 45 pen

429 1693 87 61 fée,
533 1704 45 41 &
597 1694 112 49 celle
721 1696 76 48 des
810 1711 146 33 autres
970 1693 191 51 confifte
1176 1697 114 48 dans
1303 1696 40 46 le
1355 1713 310 39 mouuement

427 1763 145 65 quela
592 1765 100 64 plus
709 1782 112 47 pure
846 1769 191 60 portion
1065 1765 56 45 de
1142 1763 95 44 leur
1259 1758 140 68 fang,
1421 1758 35 51 fi
1484 1782 47 30 ce
1554 1762 110 55 font

427 1832 78 47 des
528 1833 262 52 Animaux,
814 1847 62 30 ou
895 1830 64 48 du
984 1826 75 49 fuc
1085 1826 313 61 alimentaire,
1421 1829 33 49 fi
1478 1849 48 33 ce
1554 1830 110 56 font

424 1899 79 46 des
523 1894 176 60 arbres,
723 1896 161 52 donne
904 1912 87 30 aux
1011 1898 165 64 parties
1201 1894 61 54 les
1291 1897 99 65 plus
1422 1898 239 62 grofficres

423 1962 58 49 de
501 1965 115 49 leurs
638 1971 166 60 Corps.
858 1967 75 51 En
952 1962 105 52 telle
1077 1961 122 51 forte
1218 1981 93 48 que
1331 1963 61 45 les
1417 1982 85 34 vns
1526 1977 46 41 &
1595 1971 66 48 les

421 2044 147 36 autres
581 2052 57 31 ne
649 2037 163 47 viuent
824 2034 241 64 qu'autant
1089 2033 56 44 de
1187 2046 148 48 temps
1356 2047 88 45 que
1466 2053 49 29 ce
1541 2034 118 70 fang

419 2094 68 67 oyÿ
497 2097 137 66 cefuc
646 2100 60 62 eft
725 2098 188 69 capable
938 2097 58 56 de
1016 2096 62 49 les
1100 2098 148 64 agiter
1270 2105 45 42 &
1340 2097 58 62 de
1416 2100 62 56 les
1500 2096 158 81 entre-
