1776 2528
358 173 9 4 |
531 109 383 54 PREFACE.

121 185 75 44 tre
214 179 120 50 deux
357 177 166 71 Corps.
569 181 198 48 Sont-ils
788 179 235 50 enfermez
1051 181 111 49 dans
1194 181 104 66 Iuy?
1315 180 93 70 ffud;
1419 173 147 84 nonenèm

127 249 286 50 Nullement
443 272 14 36 ;
490 266 75 30 ear
587 248 35 53 il
655 250 77 64 n'y
765 268 25 29 a
829 268 92 51 que
947 250 62 48 les
1039 253 147 64 Corps
1217 253 83 63 qui
1318 267 111 31 corpus.
1451 262 154 42 Quidigi-

1318 306 47 19 tur
1383 309 88 29 agunt
1486 301 42 27 hæ
1540 301 66 28 for-

118 315 206 69 puiflent
336 316 111 51 eftre
460 313 234 64 enfermez
709 318 114 47 dans
848 337 66 31 vn
936 318 106 48 lieu.
1071 322 104 62 Que
1195 313 108 52 font
1317 340 100 64 main
1424 348 102 29 corpus
1536 340 71 36 qui

117 386 137 50 donc
305 404 70 29 ces
404 382 174 51 formes
608 382 268 71 fpirituelles
905 387 114 47 dans
1065 386 43 48 le
1149 391 152 61 Corps
1338 385 18 18 0
1367 372 48 69 ipf
1432 372 42 69 elfe
1502 377 83 29 faum

1318 418 218 27 communicant
1555 422 11 22 ?

127 453 166 67 quand
308 452 104 49 elles
427 452 79 66 luy
520 456 398 63 communiquent
929 454 96 49 leur
1040 453 125 49 eftre?
1182 452 120 48 Elles
1322 454 152 29 Penerranr
1485 454 94 38 iplam

1316 492 130 39 vadique
1456 493 119 29 effeutia

122 520 50 50 le
192 536 248 52 penettent
460 522 57 47 de
537 539 105 30 tous
682 521 149 47 coftez
864 541 79 47 par
976 523 96 46 leur
1106 520 193 54 effence;
1297 514 69 67 fua,
1381 514 112 67 virtuté
1515 533 96 44 eflen=

351 593 7 7 .
507 587 13 16 \
764 592 5 6 .
1318 580 46 18 tiæ
1382 570 53 29 fuæ
1453 571 138 29 dedicanc

125 588 110 49 elles
249 588 232 48 deftinent
505 608 25 27 à
552 587 87 48 fon
659 586 167 49 feruice
847 604 152 32 toutes
1022 590 62 45 Les
1104 586 198 66 facultez
1320 586 64 72 illis
1397 619 57 35 cum
1472 586 72 72 verd
1553 586 27 72 ab

119 657 67 47 de
204 655 99 47 leur
318 655 196 52 effence;
543 664 45 39 &
605 655 210 48 d’autant
828 652 92 74 que
933 655 156 49 l’Eftre
1110 655 57 48 de
1191 654 112 48 cha-
1320 646 118 30 “ti
1453 649 123 29 ducarur

1322 685 54 29 efle
1399 690 27 24 &
1447 686 16 30 à
1486 689 111 28 virture

123 738 99 52 que
235 720 138 51 chofe
384 722 200 49 vientde
602 720 86 52 fon
710 722 198 60 effence,
932 732 45 40 &
1000 738 91 55 que
1112 722 62 49 les
1196 741 110 48 ope-
1323 725 124 77 par
1454 716 158 90 PRcratios

127 794 178 45 rations
326 790 203 48 naiflent
546 791 76 48 des
645 787 197 52 facultez
859 797 13 53 ,
886 811 59 28 en
966 795 219 64 joignant
1208 790 99 47 leur
1323 802 73 27 tiam
1415 805 171 37 impertiune
1611 796 4 6 |

406 849 2 2 1
847 864 6 6 .
1325 850 71 24 cfle,
1415 843 165 28 dedicando

129 857 175 50 eflence
326 895 14 22 ,
373 858 105 48 elles
500 857 77 66 luy
611 875 400 50 communiquent
1041 861 97 47 leur
1171 856 134 59 eftre,
1326 881 136 41 vinucem
1482 891 106 28 opera-

131 935 48 40 &
204 944 59 31 en
284 926 81 60 luy
385 926 229 48 deftinant
638 927 118 47 leurs
780 927 250 67 puiffances
1050 964 15 22 ,
1090 925 116 49 elles
1229 925 77 65 luy
1314 927 89 29 Ge
1455 929 39 27 ex
1500 929 100 27 anime

1327 967 78 24 cant,
1420 968 29 17 vt
1466 961 150 29 exanimæ

126 991 112 52 font
258 1010 102 50 part
385 993 56 49 de
472 995 117 47 leurs
627 999 299 63 operations
896 987 43 83 ;
959 995 59 48 de
1051 994 106 49 telle
1189 992 121 49 forte
1325 996 289 70 corperifque
1512 987 70 83 con

124 1079 99 52 que
235 1063 56 47 de
305 1065 277 46 cettevnion
594 1063 57 46 de
665 1063 151 48 l’Ame
831 1072 45 40 &
888 1062 262 69 duCorpsil
1161 1057 145 52 réful-
1325 1057 52 44 dar
1396 1072 53 45 efe
1467 1076 150 37 animalis,

132 1145 47 32 te
200 1147 65 30 vn
287 1127 93 50 feul
409 1128 127 70 Eftre
572 1128 221 69 compofé
812 1167 14 20 ,
860 1133 149 64 qu'on
1033 1130 149 66 apelle
1197 1132 111 44 ani-
1328 1121 217 54 "7"

131 1195 137 59 mal,
310 1204 47 41 &
388 1214 91 31 vne
511 1195 122 49 feule
654 1202 275 61 operation
899 1191 39 76 ;
973 1204 127 59 Cecy
1132 1195 44 48 fe
1205 1196 103 47 doit

132 1264 228 49 entendre
387 1265 60 48 de
478 1262 162 52 l'unité
669 1266 58 47 de
756 1262 318 71 compofition
1104 1273 47 40 &
1183 1262 129 49 d’ac-

133 1349 403 51 compagnement
556 1342 44 40 &
613 1351 100 31 non
724 1352 78 48 pas
815 1332 259 50 d'identité.

203 1401 42 47 Il
270 1419 60 31 ne
348 1399 209 51 faudroit
578 1420 80 48 pas
680 1398 113 52 faire
823 1420 91 31 vne
951 1399 221 60 Preface,
1204 1405 115 44 mais

129 1465 84 51 des
228 1472 161 44 Liures
403 1471 198 56 entiers,
622 1468 32 48 fi
670 1470 99 46 l’on
781 1470 188 49 voulait
990 1485 206 51 raporter
1215 1486 105 32 tous

134 1533 67 47 les
221 1536 204 65 paffages
450 1541 84 60 qui
555 1534 43 49 fe
623 1534 221 51 trouuent
864 1538 114 47 dans
1001 1538 64 47 les
1097 1541 218 45 Oeuures

135 1599 59 48 de
223 1604 45 42 S.
304 1603 235 62 Auguftin
569 1601 267 51 conformes
869 1623 58 30 au
957 1602 262 53 fentiment
1261 1604 58 46 de

137 1662 249 68 Monfieur
413 1668 263 58 Defcartes,
709 1670 89 48 foit
819 1690 57 28 au
900 1671 116 63 fujet
1047 1672 58 47 de
1134 1672 186 54 l'Ame,

130 1733 99 49 Loit
246 1734 234 49 touchant
497 1733 43 49 la
564 1736 217 45 machine
802 1737 57 44 de
879 1734 85 47 fon
984 1742 176 57 Corps,
1186 1751 131 30 entre

136 1801 198 71 lefquels
356 1800 208 69 celuy-là
584 1800 108 50 n'eft
711 1819 77 50 pas
813 1800 77 49 des
912 1800 238 50 moindres
1180 1801 64 47 où
1281 1800 34 47 il

138 1872 273 48 reconnoift
440 1888 94 48 que
565 1876 124 45 Dieu
718 1873 191 65 pouroit
939 1866 111 52 faire
1081 1887 91 32 vne
1209 1885 106 30 ma-

141 1939 405 51 chinefemblable
569 1937 27 50 à
618 1958 67 30 vn
708 1938 202 58 animal,
935 1937 199 69 laquelle
1156 1938 159 45 imite-

141 2011 94 44 toit
247 2024 106 31 tous
376 2007 62 49 les
458 2024 309 33 mouuemens
786 2006 115 48 d’vn
919 2005 173 48 animal
1115 1999 199 65 effectif,

142 2070 154 62 fansle
310 2073 177 52 fecours
501 2078 221 48 d'aucune
736 2078 143 49 Ame:
901 2073 173 49 Etilne
1087 2070 229 50 confirme

127 2159 100 52 ‘pas
247 2157 90 51 PCu
357 2159 105 34 tout
483 2165 51 29 ce
555 2163 92 51 que
665 2163 119 33 nous
812 2161 149 47 auons
992 2141 70 51 dit
1093 2137 73 76 {ur
1198 2157 123 34 cette
