1776 2528
441 132 56 45 10
867 127 281 46 VRATT
1181 140 29 33 T
1243 140 16 32 T

438 209 148 35 aucun
601 190 176 69 Eſprit,
799 207 151 34 aucun
971 199 178 62 Corps,
1170 196 137 64 point
1329 189 57 49 de
1407 184 122 81 Ciel,
1541 184 142 81 point

441 264 56 46 de
515 267 165 51 Terre,
712 259 25 48 à
757 275 105 32 tout
883 260 42 48 le
945 265 156 45 moins
1124 264 116 63 moy
1259 262 83 64 qui
1367 259 174 57 doute,
1565 274 117 49 moy

443 333 81 64 qui
537 326 135 69 penſe
683 345 58 30 ne
751 324 159 68 ſuis
850 320 62 81 je
921 348 75 47 pas
1017 329 203 66 quelque
1231 324 152 51 choſc
1394 333 113 59 Ouy
1519 332 167 51 cettes,

445 405 45 40 &
510 396 206 67 quelque
732 392 236 51 imparfait
992 414 92 49 que
1104 401 41 43 ie
1175 394 130 57 ſois,
1342 394 205 66 quelque
1578 390 104 52 ſoin

444 466 145 65 qu'on
612 480 174 48 prenne
809 483 25 27 à
856 481 76 29 me
954 464 240 56 deceuoir,
1219 464 31 45 il
1267 460 99 49 faut
1392 464 57 48 de
1469 458 215 52 neceſſitè

446 549 93 49 que
552 536 12 54 y
572 524 158 78 exiſte
734 524 202 78 pendant
950 546 91 51 que
1054 530 41 47 ie
1106 528 151 68 penſe.

521 604 204 60 Voyons
753 602 297 43 maintenant
1082 597 109 66 quel
1219 601 42 43 ie
1290 595 126 58 ſuis,
1448 613 115 47 moy
1598 600 85 62 qui

443 663 86 51 ſuis
544 670 171 42 certain
728 680 93 49 que
832 668 41 42 ie
885 661 111 60 ſuis,
1014 674 44 37 &
1071 681 202 49 prenons
1289 664 142 65 garde
1445 664 58 47 de
1515 682 58 30 ne
1585 668 98 45 rien

443 734 196 66 prendre
664 748 117 50 pour
801 747 119 32 nous
941 731 417 67 imprudemment.
1402 734 49 43 Ie
1470 728 86 49 ſuis
1581 729 122 51 ſans

444 802 145 45 doute
611 799 209 67 quelque
839 795 161 55 choſe;
1025 797 166 65 Quelle
1215 796 161 49 choſe?
1402 803 114 44 Vne
1546 796 138 50 choſe

445 872 83 62 qui
541 864 159 69 penſe,
721 865 99 47 ceſt
841 863 26 48 à
886 865 112 58 dire,
1020 867 258 64 quĩdoute,
1292 870 95 63 qui
1407 862 170 62 deſire,
1600 869 85 62 qui

443 933 242 56 connoiſt,
702 937 80 61 qui
795 932 202 58 affirme,
1011 937 80 62 qui
1103 938 100 53 nie,
1218 938 79 61 qui
1310 928 161 75 craint,
1482 943 85 39 &c.
1592 939 94 42 Car

444 999 130 50 enſin
594 999 152 68 ieſens
761 1004 142 60 que
849 995 66 78 ie
916 1000 142 49 doute
1081 999 192 70 preſque
1294 1002 57 47 de
1374 1017 130 42 tout,
1535 1018 89 48 que
1642 1005 44 45 ic

445 1067 145 52 deſire
603 1086 56 30 en
672 1065 183 65 ſcauoir
870 1068 291 67 dauantage,
1191 1087 92 47 que
1308 1073 42 43 ie
1369 1072 198 44 connois
1595 1085 92 48 que

442 1141 46 44 ie
496 1136 141 67 penſe,
650 1153 115 49 que
784 1135 204 51 iaffirme
1011 1138 94 48 cela
1127 1136 109 49 eſtre
1258 1136 250 58 veritable,
1532 1154 90 46 que
1642 1140 44 43 ic

446 1210 78 42 nie
536 1221 104 32 tout
654 1206 42 46 le
707 1205 126 60 reſte,
849 1223 89 50 que
950 1211 40 44 ie
1003 1211 145 45 crains
1163 1206 27 47 d
1198 1205 123 50 eſtre
1336 1199 178 78 ſurpris,
1527 1206 98 62 quy
1643 1222 47 29 a-

447 1271 34 50 il
495 1291 56 28 en
566 1288 103 32 tout
690 1272 94 48 cela
797 1278 81 60 qui
889 1274 142 66 puiſſe
1044 1273 109 47 eſtre
1164 1276 87 43 mis
1266 1289 58 29 en
1336 1273 213 55 doute,
1508 1267 39 77 &
1564 1271 122 47 dont

447 1341 43 46 ie
499 1356 61 30 ne
573 1337 87 49 ſois
675 1337 107 49 auſſi
794 1345 196 53 certain,
1004 1357 90 48 que
1107 1340 57 47 de
1177 1357 73 28 ma
1272 1355 165 50 propre
1462 1338 225 48 exiſtence

446 1414 41 39 &
511 1405 57 47 de
578 1424 67 28 ma
669 1404 188 66 penſee?
883 1411 123 44 Mais
1031 1405 110 49 neſt
1165 1425 49 28 ce
1234 1424 77 48 pas
1333 1404 108 49 auſſi
1470 1424 112 46 moy
1604 1410 80 62 qui

445 1476 132 49 vois,
590 1477 80 61 qui
682 1470 124 59 ſens,
824 1482 43 38 &
883 1477 81 61 qui
983 1476 229 64 imagine;
1240 1477 107 42 Puis
1356 1473 113 64 qu'il
1484 1476 116 60 n'ya
1622 1492 63 45 ny

451 1540 130 58 Ciel,
595 1558 60 45 ny
670 1549 202 49 terre,
828 1536 51 75 &
895 1557 90 48 que
1007 1544 42 43 ie
1069 1542 104 63 may
1193 1557 152 29 aucun
1366 1546 175 61 Corps,
1564 1544 42 43 ie
1627 1559 62 29 ne

482 1613 67 44 uis
564 1627 61 47 ny
638 1611 120 54 voir,
771 1626 60 47 ny
850 1605 154 60 ſentir,
1019 1625 60 47 ny
1096 1610 256 66 imaginer;
1365 1612 116 44 mais
1504 1624 182 31 toutes-

445 1629 92 97 e
550 1681 41 43 ie
601 1694 59 30 ne
671 1673 201 66 ſcaurois
885 1679 97 45 nier
995 1693 87 48 que
1102 1677 64 47 du
1188 1679 157 46 moins
1366 1676 32 47 il
1418 1694 77 29 me
1511 1673 179 49 ſemble

445 1763 93 48 que
551 1749 40 44 ie
603 1734 118 82 vois,
734 1749 131 61 queie
878 1742 167 55 ſens,
1008 1734 42 82 &
1060 1763 85 45 que
1159 1746 260 66 jimagine
1432 1739 31 46 il
1481 1738 60 49 eſt
1555 1758 130 49 vray,

447 1817 117 44 mais
578 1811 109 48 auſſi
702 1814 30 44 il
745 1814 73 60 ny
833 1829 25 28 a
871 1816 165 54 rienen
1052 1810 186 61 celaqui
1251 1807 160 49 differe
1421 1808 57 47 de
1490 1827 77 29 ma
1577 1827 114 48 pen-

447 1878 84 52 ſee.
590 1883 86 45 On
690 1877 97 47 dira
799 1891 108 50 peut
931 1875 126 58 eſtre,
1073 1874 192 66 quih.ne
1285 1872 137 53 ſeroit
1443 1893 77 47 pas
1544 1878 95 45 mal
1660 1876 31 49 à

439 1950 182 64 propos
632 1946 283 49 d'examiner
943 1946 97 64 icy,
1061 1940 166 68 ſumoy
1250 1947 79 60 qui
1353 1939 160 68 penſe,
1536 1961 59 30 ne
1614 1942 75 51 ſe-

450 2019 91 42 rois
553 2019 137 62 point
702 2011 198 68 quelque
913 2017 144 62 partie
1070 2013 58 46 de
1141 2027 114 32 cette
1271 2007 236 53 ſubſtance
1518 2011 170 65 Eſten-

454 2079 118 57 due,
587 2080 197 67 laquelle
796 2083 91 62 iy
905 2076 113 68 priſe
1039 2075 172 73 iuſquà
1264 2073 150 52 reſent
1431 2098 120 47 pour
1571 2098 117 46 moy

450 2143 178 68 meſme,
640 2149 125 56 ceſt
777 2148 28 52 à
817 2149 97 50 dire
927 2154 58 42 en
998 2159 183 58 vnmot,
1224 2094 37 102 i
1286 2142 42 68 la
1353 2145 175 75 meſme
1549 2146 139 71 choſc

1258 2203 13 16 4
