1776 2528
91 1680 8 11 *

268 129 80 36 De
394 118 425 46 L'ESPRIT
714 114 120 60 DE
864 118 327 48 L'HOMME.
1312 120 69 46 2r

120 190 100 48 ices
190 178 33 64 ;
244 203 72 30 car
331 182 34 50 fi
383 184 95 48 cela
493 183 60 48 eft
567 220 13 17 ,
596 201 190 31 comme
801 203 69 29 ces
885 186 125 48 deux
1025 184 220 49 attributs
1260 184 108 50 font

112 251 108 50 “fort
241 252 262 53 differents,
524 252 62 47 les
610 252 119 50 deux
750 250 257 51 fubftances
1032 252 139 68 qu'ils
1193 253 175 50 confti-

124 336 193 33 tueront
347 339 61 30 ne
429 319 263 64 fçauroient
714 338 231 50 manquer
966 321 160 47 d’eftre
1152 320 211 50 diuerfes.

128 394 74 44 Or
223 388 94 49 cela
329 407 60 30 ne
401 386 94 50 fera
506 406 78 50 pas
598 387 186 50 difficile
797 386 26 50 à
833 405 116 33 vous
961 406 199 50 prouuer
1151 382 26 78 ,
1199 386 35 50 fi
1249 407 118 31 vous

120 474 172 49 ‘prenez
316 457 143 66 garde
472 451 120 76 qu'if
591 451 77 76 eft
683 456 112 48 dela
814 472 163 33 nature
1000 457 77 46 des
1094 457 200 57 Modes,
1317 466 47 40 &

119 525 84 48 des
214 526 254 55 Accidens,
483 525 57 46 de
548 520 61 52 he
633 528 200 60 pouuoir
856 523 109 47 eftre
991 541 197 30 conceus
1208 521 159 51 fansle

124 596 199 56 premier
335 591 112 63 fujet
461 589 238 67 auquelils
711 593 381 63 appartiennent,
1116 607 62 48 ny
1191 589 177 51 mefme

127 607 57 113 Les
205 654 259 75 proprietez
467 649 118 67 fans
584 649 224 67 l’effence
825 656 270 68 delaquelle
1115 657 106 48 elles
1235 676 132 30 ema-

128 742 116 33 nent
274 724 380 49 neceffairement
677 744 10 33 ;
719 728 115 43 mais
857 741 90 47 que
968 723 205 50 l’effence
1196 724 43 48 le
1257 741 112 51 peut

130 790 94 52 fort
255 792 110 49 bien
389 792 110 48 eftre
518 790 101 50 fans
645 792 62 48 les
732 790 191 60 modes,
950 801 45 40 &
1020 792 63 48 les
1107 798 262 63 proprietez

126 866 87 60 qui
232 860 266 68 dependent
529 859 162 54 d'elle
667 855 27 77 ;
724 859 266 50 Tellement
1024 876 94 50 que
1146 860 102 48 c'eft
1276 879 94 31 vne

129 933 197 63 marque
356 925 247 52 infallible
631 945 92 49 que
749 928 119 57 deux
901 926 216 49 attributs
1138 925 108 51 font
1267 947 102 30 non

132 993 253 52 feulement
407 995 251 57 eflentiels,
686 999 118 45 mais
830 992 194 51 mefmes
1048 996 134 67 qu'ils
1196 996 175 49 confti-

134 1056 126 78 tuent
260 1056 215 78 l’effence
505 1061 25 49 à
551 1063 43 47 la
609 1060 237 51 fubftance
862 1061 22 51 à
898 1061 202 69 laquelle
1123 1081 66 30 on
1212 1063 61 49 les
1297 1080 73 31 at-

131 1133 150 48 tribué
302 1169 15 17 ,
339 1133 92 47 lors
457 1131 134 65 qu'ils
614 1128 107 50 font
751 1130 84 48 tels
861 1132 136 66 qu'ils
1024 1147 205 51 peuuent
1261 1131 114 48 eftre

138 1216 193 32 conceus
344 1198 103 51 fans
468 1214 106 32 tous
593 1198 64 47 les
685 1214 176 42 autres,
878 1207 45 39 &
938 1214 101 32 non
1051 1216 78 49 pas
1148 1198 63 46 les
1224 1213 148 32 autres

132 1261 101 54 fans
254 1288 100 30 eux.
396 1272 77 43 Or
492 1263 36 51 fi
550 1283 116 33 vous
688 1281 212 51 exceptez
932 1269 196 44 certains
1156 1265 217 49 attributs

131 1340 86 60 qui
236 1339 359 64 appartiennent
616 1333 26 49 à
662 1334 42 48 la
716 1332 238 50 fubftance
970 1351 58 30 en
1051 1349 102 33 tant
1173 1351 92 49 que
1284 1333 91 47 tel-

134 1398 68 60 le,
218 1412 44 39 &
278 1407 81 63 qui
375 1421 80 49 par
468 1399 288 53 confequent
775 1401 356 73 appartiennent
1150 1400 26 49 à
1196 1402 183 65 chaque

134 1465 255 61 fubftance,
403 1481 189 36 comme
609 1419 88 98 bn
744 1488 111 31 ceux
877 1471 58 47 de
954 1466 206 51 fubfifter
1180 1474 84 61 par
1277 1466 101 67 foy;

128 1533 164 48 d'eftre
313 1535 168 66 lefujet
501 1538 56 47 de
572 1538 226 66 quelques
821 1541 149 54 actes,
995 1536 380 64 &c:Iln'yena

128 1616 158 32 aucun
306 1617 127 31 autre
456 1608 82 59 qui
560 1622 59 29 ne
639 1602 229 50 renferme
888 1605 115 47 dans
1029 1602 87 50 fon
1139 1610 236 56 Concept,

131 1686 69 30 ou
211 1669 43 48 la
271 1663 251 57 Penfée,ou
534 1669 281 53 l'Eftenduë;
829 1673 56 44 de
894 1670 111 46 telle
1015 1675 205 42 maniere
1232 1685 147 47 pour-

136 1749 106 35 tant
266 1755 88 47 que
364 1727 128 79 dans
524 1731 130 50 l'idée
679 1734 57 46 de
759 1751 111 29 ceux
891 1739 83 59 qui
996 1732 262 47 enferment
1281 1732 100 46 l'E-

141 1800 192 52 ftenduë
361 1821 179 30 aucune
572 1798 171 52 Penfée
772 1798 109 52 n’eft
903 1795 227 72 comprife
1152 1835 15 22 ,
1199 1807 45 39 &
1266 1797 115 50 dans

142 1867 133 52 l'idée
298 1873 58 47 de
368 1889 112 30 ceux
494 1867 355 71 quienferment
872 1868 200 66 quelque
1096 1863 195 60 Penfée,
1316 1885 67 31 on

143 1952 61 33 ne
239 1954 246 52 remarque
524 1955 179 32 aucune
734 1938 231 48 Eftenduë
997 1958 10 26 :
1045 1939 115 45 mais
1190 1951 117 47 pour
1338 1935 43 49 la

147 2005 198 60 Pensée,
363 2017 45 39 &
426 2006 264 50 l’Eftendüe
712 2023 49 29 ce
785 2001 108 50 font
919 2004 120 45 deux
1067 2000 213 48 attributs
1302 2008 81 60 qui

141 2082 206 53 peuuent
367 2073 96 50 fort
485 2075 111 49 bien
622 2073 108 48 eltre
752 2088 197 33 conceus
970 2069 98 49 l’vn
1086 2066 101 54 fans
1211 2069 175 61 l’autre,

146 2145 49 41 &
210 2140 80 62 qui
312 2141 107 47 n’en
441 2140 332 70 prefuppofent
783 2145 139 64 point
940 2139 194 49 d’autres
1151 2139 169 68 auquel
1333 2139 54 48 ils

1123 2212 43 47 C
1190 2212 48 62 ü}
