<?xml version="1.0" encoding="UTF-8"?>
<alto xmlns="http://www.loc.gov/standards/alto/ns-v3#" xmlns:xlink="http://www.w3.org/1999/xlink" xmlns:xsi="http://www.w3.org/2001/XMLSchema-instance" xsi:schemaLocation="http://www.loc.gov/standards/alto/ns-v3# http://www.loc.gov/alto/v3/alto-3-0.xsd">
	<Description>
		<MeasurementUnit>pixel</MeasurementUnit>
		<sourceImageInformation>
			<fileName>			</fileName>
		</sourceImageInformation>
		<OCRProcessing ID="OCR_0">
			<ocrProcessingStep>
				<processingSoftware>
					<softwareName>tesseract v4.1.0-elag2019</softwareName>
				</processingSoftware>
			</ocrProcessingStep>
		</OCRProcessing>
	</Description>
	<Layout>
		<Page WIDTH="1776" HEIGHT="2528" PHYSICAL_IMG_NR="0" ID="page_0">
			<PrintSpace HPOS="0" VPOS="0" WIDTH="1776" HEIGHT="2528">
				<TextBlock ID="block_0" HPOS="76" VPOS="109" WIDTH="1336" HEIGHT="2099">
					<TextLine ID="line_0" HPOS="281" VPOS="109" WIDTH="1090" HEIGHT="68">
						<String ID="string_0" HPOS="281" VPOS="111" WIDTH="88" HEIGHT="51" WC="0.76" CONTENT="DE"/><SP WIDTH="40" VPOS="111" HPOS="369"/>
						<String ID="string_1" HPOS="409" VPOS="109" WIDTH="303" HEIGHT="53" WC="0.17" CONTENT="L&#39;ESPRIT"/><SP WIDTH="32" VPOS="109" HPOS="712"/>
						<String ID="string_2" HPOS="744" VPOS="112" WIDTH="80" HEIGHT="50" WC="0.81" CONTENT="DE"/><SP WIDTH="33" VPOS="112" HPOS="824"/>
						<String ID="string_3" HPOS="857" VPOS="110" WIDTH="329" HEIGHT="54" WC="0.86" CONTENT="L&#39;HOMME."/><SP WIDTH="133" VPOS="110" HPOS="1186"/>
						<String ID="string_4" HPOS="1319" VPOS="122" WIDTH="52" HEIGHT="55" WC="0.29" CONTENT="3f"/>
					</TextLine>
					<TextLine ID="line_1" HPOS="111" VPOS="178" WIDTH="1247" HEIGHT="71">
						<String ID="string_5" HPOS="111" VPOS="180" WIDTH="278" HEIGHT="50" WC="0.33" CONTENT="&lt;ontractée"/><SP WIDTH="30" VPOS="180" HPOS="389"/>
						<String ID="string_6" HPOS="419" VPOS="180" WIDTH="81" HEIGHT="49" WC="0.93" CONTENT="dés"/><SP WIDTH="34" VPOS="180" HPOS="500"/>
						<String ID="string_7" HPOS="534" VPOS="181" WIDTH="155" HEIGHT="48" WC="0.90" CONTENT="noftre"/><SP WIDTH="52" VPOS="181" HPOS="689"/>
						<String ID="string_8" HPOS="741" VPOS="178" WIDTH="212" HEIGHT="53" WC="0.96" CONTENT="Enfance"/><SP WIDTH="21" VPOS="178" HPOS="953"/>
						<String ID="string_9" HPOS="974" VPOS="184" WIDTH="66" HEIGHT="47" WC="0.93" CONTENT="de"/><SP WIDTH="27" VPOS="184" HPOS="1040"/>
						<String ID="string_10" HPOS="1067" VPOS="184" WIDTH="130" HEIGHT="65" WC="0.92" CONTENT="iuger"/><SP WIDTH="31" VPOS="184" HPOS="1197"/>
						<String ID="string_11" HPOS="1228" VPOS="185" WIDTH="130" HEIGHT="51" WC="0.83" CONTENT="ainfi."/>
					</TextLine>
					<TextLine ID="line_2" HPOS="117" VPOS="247" WIDTH="1295" HEIGHT="70">
						<String ID="string_12" HPOS="117" VPOS="253" WIDTH="157" HEIGHT="61" WC="0.91" CONTENT="Voicy"/><SP WIDTH="25" VPOS="253" HPOS="274"/>
						<String ID="string_13" HPOS="299" VPOS="269" WIDTH="50" HEIGHT="28" WC="0.93" CONTENT="ce"/><SP WIDTH="33" VPOS="269" HPOS="349"/>
						<String ID="string_14" HPOS="382" VPOS="253" WIDTH="157" HEIGHT="64" WC="0.78" CONTENT="queie"/><SP WIDTH="24" VPOS="253" HPOS="539"/>
						<String ID="string_15" HPOS="563" VPOS="247" WIDTH="202" HEIGHT="69" WC="0.91" CONTENT="refpons."/><SP WIDTH="57" VPOS="247" HPOS="765"/>
						<String ID="string_16" HPOS="822" VPOS="253" WIDTH="393" HEIGHT="56" WC="0.78" CONTENT="Premierement,"/><SP WIDTH="20" VPOS="253" HPOS="1215"/>
						<String ID="string_17" HPOS="1235" VPOS="269" WIDTH="127" HEIGHT="32" WC="0.83" CONTENT="nous"/>
					</TextLine>
					<TextLine ID="line_3" HPOS="88" VPOS="314" WIDTH="1281" HEIGHT="70">
						<String ID="string_18" HPOS="88" VPOS="315" WIDTH="253" HEIGHT="51" WC="0.42" CONTENT="-nedifons"/><SP WIDTH="10" VPOS="315" HPOS="341"/>
						<String ID="string_19" HPOS="351" VPOS="322" WIDTH="140" HEIGHT="62" WC="0.87" CONTENT="point"/><SP WIDTH="10" VPOS="322" HPOS="491"/>
						<String ID="string_20" HPOS="501" VPOS="314" WIDTH="302" HEIGHT="51" WC="0.86" CONTENT="abfolument"/><SP WIDTH="9" VPOS="314" HPOS="803"/>
						<String ID="string_21" HPOS="812" VPOS="317" WIDTH="198" HEIGHT="67" WC="0.93" CONTENT="parlant,"/><SP WIDTH="22" VPOS="317" HPOS="1010"/>
						<String ID="string_22" HPOS="1032" VPOS="319" WIDTH="166" HEIGHT="65" WC="0.71" CONTENT="queles"/><SP WIDTH="12" VPOS="319" HPOS="1198"/>
						<String ID="string_23" HPOS="1210" VPOS="319" WIDTH="144" HEIGHT="50" WC="0.71" CONTENT="beftes"/>
					</TextLine>
					<TextLine ID="line_4" HPOS="118" VPOS="384" WIDTH="1247" HEIGHT="68">
						<String ID="string_24" HPOS="118" VPOS="400" WIDTH="59" HEIGHT="32" WC="0.93" CONTENT="ne"/><SP WIDTH="21" VPOS="400" HPOS="177"/>
						<String ID="string_25" HPOS="198" VPOS="385" WIDTH="299" HEIGHT="50" WC="0.88" CONTENT="connoiffent"/><SP WIDTH="20" VPOS="385" HPOS="497"/>
						<String ID="string_26" HPOS="517" VPOS="388" WIDTH="138" HEIGHT="64" WC="0.93" CONTENT="point"/><SP WIDTH="22" VPOS="388" HPOS="655"/>
						<String ID="string_27" HPOS="677" VPOS="422" WIDTH="13" HEIGHT="21" WC="0.90" CONTENT=","/><SP WIDTH="17" VPOS="422" HPOS="690"/>
						<String ID="string_28" HPOS="707" VPOS="404" WIDTH="62" HEIGHT="29" WC="0.96" CONTENT="au"/><SP WIDTH="24" VPOS="404" HPOS="769"/>
						<String ID="string_29" HPOS="793" VPOS="389" WIDTH="229" HEIGHT="45" WC="0.96" CONTENT="contraire"/><SP WIDTH="34" VPOS="389" HPOS="1022"/>
						<String ID="string_30" HPOS="1056" VPOS="390" WIDTH="42" HEIGHT="45" WC="0.71" CONTENT="ie"/><SP WIDTH="27" VPOS="390" HPOS="1098"/>
						<String ID="string_31" HPOS="1125" VPOS="384" WIDTH="90" HEIGHT="49" WC="0.80" CONTENT="fuis"/><SP WIDTH="28" VPOS="384" HPOS="1215"/>
						<String ID="string_32" HPOS="1243" VPOS="393" WIDTH="122" HEIGHT="43" WC="0.95" CONTENT="cout"/>
					</TextLine>
					<TextLine ID="line_5" HPOS="112" VPOS="451" WIDTH="1240" HEIGHT="68">
						<String ID="string_33" HPOS="112" VPOS="451" WIDTH="119" HEIGHT="65" WC="0.92" CONTENT="preft"/><SP WIDTH="21" VPOS="451" HPOS="231"/>
						<String ID="string_34" HPOS="252" VPOS="453" WIDTH="58" HEIGHT="48" WC="0.96" CONTENT="de"/><SP WIDTH="19" VPOS="453" HPOS="310"/>
						<String ID="string_35" HPOS="329" VPOS="452" WIDTH="42" HEIGHT="48" WC="0.90" CONTENT="le"/><SP WIDTH="19" VPOS="452" HPOS="371"/>
						<String ID="string_36" HPOS="390" VPOS="451" WIDTH="320" HEIGHT="50" WC="0.80" CONTENT="reconnoiftre"/><SP WIDTH="19" VPOS="451" HPOS="710"/>
						<String ID="string_37" HPOS="729" VPOS="490" WIDTH="13" HEIGHT="21" WC="0.80" CONTENT=","/><SP WIDTH="24" VPOS="490" HPOS="742"/>
						<String ID="string_38" HPOS="766" VPOS="451" WIDTH="26" HEIGHT="49" WC="0.0" CONTENT="k"/><SP WIDTH="20" VPOS="451" HPOS="792"/>
						<String ID="string_39" HPOS="812" VPOS="451" WIDTH="96" HEIGHT="49" WC="0.91" CONTENT="toft"/><SP WIDTH="23" VPOS="451" HPOS="908"/>
						<String ID="string_40" HPOS="931" VPOS="469" WIDTH="92" HEIGHT="50" WC="0.96" CONTENT="que"/><SP WIDTH="26" VPOS="469" HPOS="1023"/>
						<String ID="string_41" HPOS="1049" VPOS="453" WIDTH="99" HEIGHT="47" WC="0.88" CONTENT="l&#39;on"/><SP WIDTH="28" VPOS="453" HPOS="1148"/>
						<String ID="string_42" HPOS="1176" VPOS="456" WIDTH="176" HEIGHT="48" WC="0.90" CONTENT="m&#39;aura"/>
					</TextLine>
					<TextLine ID="line_6" HPOS="109" VPOS="515" WIDTH="1242" HEIGHT="72">
						<String ID="string_43" HPOS="109" VPOS="515" WIDTH="91" HEIGHT="52" WC="0.94" CONTENT="fait"/><SP WIDTH="11" VPOS="515" HPOS="200"/>
						<String ID="string_44" HPOS="211" VPOS="524" WIDTH="109" HEIGHT="44" WC="0.94" CONTENT="voir"/><SP WIDTH="14" VPOS="524" HPOS="320"/>
						<String ID="string_45" HPOS="334" VPOS="520" WIDTH="203" HEIGHT="67" WC="0.93" CONTENT="quelque"/><SP WIDTH="11" VPOS="520" HPOS="537"/>
						<String ID="string_46" HPOS="548" VPOS="517" WIDTH="132" HEIGHT="68" WC="0.93" CONTENT="figne"/><SP WIDTH="18" VPOS="517" HPOS="680"/>
						<String ID="string_47" HPOS="698" VPOS="518" WIDTH="265" HEIGHT="48" WC="0.87" CONTENT="éuident"/><SP WIDTH="-65" VPOS="518" HPOS="963"/>
						<String ID="string_48" HPOS="898" VPOS="511" WIDTH="54" HEIGHT="80" WC="0.92" CONTENT="&amp;"/><SP WIDTH="31" VPOS="511" HPOS="952"/>
						<String ID="string_49" HPOS="983" VPOS="524" WIDTH="176" HEIGHT="44" WC="0.96" CONTENT="certain"/><SP WIDTH="13" VPOS="524" HPOS="1159"/>
						<String ID="string_50" HPOS="1172" VPOS="520" WIDTH="64" HEIGHT="47" WC="0.95" CONTENT="de"/><SP WIDTH="20" VPOS="520" HPOS="1236"/>
						<String ID="string_51" HPOS="1256" VPOS="520" WIDTH="95" HEIGHT="52" WC="0.95" CONTENT="leur"/>
					</TextLine>
					<TextLine ID="line_7" HPOS="108" VPOS="584" WIDTH="1253" HEIGHT="67">
						<String ID="string_52" HPOS="108" VPOS="587" WIDTH="349" HEIGHT="48" WC="0.63" CONTENT="connoiffance."/><SP WIDTH="57" VPOS="587" HPOS="457"/>
						<String ID="string_53" HPOS="514" VPOS="585" WIDTH="258" HEIGHT="48" WC="0.83" CONTENT="Maisiedis"/><SP WIDTH="16" VPOS="585" HPOS="772"/>
						<String ID="string_54" HPOS="788" VPOS="601" WIDTH="91" HEIGHT="49" WC="0.92" CONTENT="que"/><SP WIDTH="13" VPOS="601" HPOS="879"/>
						<String ID="string_55" HPOS="892" VPOS="584" WIDTH="67" HEIGHT="48" WC="0.26" CONTENT="s&#39;il"/><SP WIDTH="9" VPOS="584" HPOS="959"/>
						<String ID="string_56" HPOS="968" VPOS="585" WIDTH="63" HEIGHT="47" WC="0.26" CONTENT="eft"/><SP WIDTH="13" VPOS="585" HPOS="1031"/>
						<String ID="string_57" HPOS="1044" VPOS="603" WIDTH="109" HEIGHT="47" WC="0.92" CONTENT="vray"/><SP WIDTH="21" VPOS="603" HPOS="1153"/>
						<String ID="string_58" HPOS="1174" VPOS="602" WIDTH="92" HEIGHT="49" WC="0.96" CONTENT="que"/><SP WIDTH="19" VPOS="602" HPOS="1266"/>
						<String ID="string_59" HPOS="1285" VPOS="589" WIDTH="76" HEIGHT="47" WC="0.92" CONTENT="les."/>
					</TextLine>
					<TextLine ID="line_8" HPOS="111" VPOS="649" WIDTH="1249" HEIGHT="72">
						<String ID="string_60" HPOS="111" VPOS="652" WIDTH="308" HEIGHT="49" WC="0.49" CONTENT="brutesayent"/><SP WIDTH="6" VPOS="652" HPOS="419"/>
						<String ID="string_61" HPOS="425" VPOS="645" WIDTH="209" HEIGHT="80" WC="0.49" CONTENT="quelque"/><SP WIDTH="20" VPOS="645" HPOS="634"/>
						<String ID="string_62" HPOS="654" VPOS="649" WIDTH="256" HEIGHT="51" WC="0.48" CONTENT="fentiment"/><SP WIDTH="21" VPOS="649" HPOS="910"/>
						<String ID="string_63" HPOS="931" VPOS="669" WIDTH="63" HEIGHT="30" WC="0.93" CONTENT="ou"/><SP WIDTH="21" VPOS="669" HPOS="994"/>
						<String ID="string_64" HPOS="1015" VPOS="652" WIDTH="345" HEIGHT="69" WC="0.46" CONTENT="quelqæc:per-"/>
					</TextLine>
					<TextLine ID="line_9" HPOS="116" VPOS="719" WIDTH="1234" HEIGHT="69">
						<String ID="string_65" HPOS="116" VPOS="725" WIDTH="186" HEIGHT="61" WC="0.72" CONTENT="ception"/><SP WIDTH="-11" VPOS="725" HPOS="302"/>
						<String ID="string_66" HPOS="291" VPOS="715" WIDTH="291" HEIGHT="77" WC="0.72" CONTENT="interieure,"/><SP WIDTH="11" VPOS="715" HPOS="582"/>
						<String ID="string_67" HPOS="593" VPOS="715" WIDTH="234" HEIGHT="77" WC="0.77" CONTENT="qu&#39;excite"/><SP WIDTH="19" VPOS="715" HPOS="827"/>
						<String ID="string_68" HPOS="846" VPOS="737" WIDTH="61" HEIGHT="31" WC="0.96" CONTENT="en"/><SP WIDTH="25" VPOS="737" HPOS="907"/>
						<String ID="string_69" HPOS="932" VPOS="719" WIDTH="106" HEIGHT="48" WC="0.93" CONTENT="elles"/><SP WIDTH="20" VPOS="719" HPOS="1038"/>
						<String ID="string_70" HPOS="1058" VPOS="720" WIDTH="194" HEIGHT="48" WC="0.68" CONTENT="f’aétion"/><SP WIDTH="19" VPOS="720" HPOS="1252"/>
						<String ID="string_71" HPOS="1271" VPOS="722" WIDTH="79" HEIGHT="48" WC="0.96" CONTENT="des"/>
					</TextLine>
					<TextLine ID="line_10" HPOS="115" VPOS="785" WIDTH="1232" HEIGHT="70">
						<String ID="string_72" HPOS="115" VPOS="786" WIDTH="146" HEIGHT="63" WC="0.92" CONTENT="objets"/><SP WIDTH="23" VPOS="786" HPOS="261"/>
						<String ID="string_73" HPOS="284" VPOS="791" WIDTH="247" HEIGHT="45" WC="0.87" CONTENT="exterieurs"/><SP WIDTH="25" VPOS="791" HPOS="531"/>
						<String ID="string_74" HPOS="556" VPOS="786" WIDTH="73" HEIGHT="51" WC="0.92" CONTENT="fur"/><SP WIDTH="19" VPOS="786" HPOS="629"/>
						<String ID="string_75" HPOS="648" VPOS="787" WIDTH="236" HEIGHT="68" WC="0.65" CONTENT="l&#39;Organe"/><SP WIDTH="17" VPOS="787" HPOS="884"/>
						<String ID="string_76" HPOS="901" VPOS="787" WIDTH="58" HEIGHT="49" WC="0.96" CONTENT="de"/><SP WIDTH="32" VPOS="787" HPOS="959"/>
						<String ID="string_77" HPOS="991" VPOS="786" WIDTH="117" HEIGHT="50" WC="0.93" CONTENT="leurs"/><SP WIDTH="30" VPOS="786" HPOS="1108"/>
						<String ID="string_78" HPOS="1138" VPOS="785" WIDTH="127" HEIGHT="61" WC="0.90" CONTENT="fens,"/><SP WIDTH="34" VPOS="785" HPOS="1265"/>
						<String ID="string_79" HPOS="1299" VPOS="798" WIDTH="48" HEIGHT="40" WC="0.93" CONTENT="&amp;"/>
					</TextLine>
					<TextLine ID="line_11" HPOS="115" VPOS="850" WIDTH="1240" HEIGHT="55">
						<String ID="string_80" HPOS="115" VPOS="850" WIDTH="32" HEIGHT="50" WC="0.40" CONTENT="f"/><SP WIDTH="22" VPOS="850" HPOS="147"/>
						<String ID="string_81" HPOS="169" VPOS="854" WIDTH="106" HEIGHT="50" WC="0.96" CONTENT="elles"/><SP WIDTH="19" VPOS="854" HPOS="275"/>
						<String ID="string_82" HPOS="294" VPOS="846" WIDTH="109" HEIGHT="73" WC="0.96" CONTENT="font"/><SP WIDTH="13" VPOS="846" HPOS="403"/>
						<String ID="string_83" HPOS="416" VPOS="846" WIDTH="158" HEIGHT="73" WC="0.96" CONTENT="toutes"/><SP WIDTH="25" VPOS="846" HPOS="574"/>
						<String ID="string_84" HPOS="599" VPOS="854" WIDTH="116" HEIGHT="49" WC="0.92" CONTENT="leurs"/><SP WIDTH="23" VPOS="854" HPOS="715"/>
						<String ID="string_85" HPOS="738" VPOS="859" WIDTH="184" HEIGHT="45" WC="0.91" CONTENT="aétions"/><SP WIDTH="30" VPOS="859" HPOS="922"/>
						<String ID="string_86" HPOS="952" VPOS="873" WIDTH="112" HEIGHT="30" WC="0.91" CONTENT="auec"/><SP WIDTH="26" VPOS="873" HPOS="1064"/>
						<String ID="string_87" HPOS="1090" VPOS="855" WIDTH="173" HEIGHT="49" WC="0.91" CONTENT="deffein"/><SP WIDTH="29" VPOS="855" HPOS="1263"/>
						<String ID="string_88" HPOS="1292" VPOS="856" WIDTH="63" HEIGHT="49" WC="0.96" CONTENT="de"/>
					</TextLine>
					<TextLine ID="line_12" HPOS="115" VPOS="918" WIDTH="1232" HEIGHT="71">
						<String ID="string_89" HPOS="115" VPOS="918" WIDTH="58" HEIGHT="51" WC="0.92" CONTENT="les"/><SP WIDTH="12" VPOS="918" HPOS="173"/>
						<String ID="string_90" HPOS="185" VPOS="919" WIDTH="111" HEIGHT="53" WC="0.95" CONTENT="faire"/><SP WIDTH="40" VPOS="919" HPOS="296"/>
						<String ID="string_91" HPOS="336" VPOS="924" WIDTH="61" HEIGHT="48" WC="0.0" CONTENT="les"/><SP WIDTH="13" VPOS="924" HPOS="397"/>
						<String ID="string_92" HPOS="410" VPOS="920" WIDTH="414" HEIGHT="69" WC="0.0" CONTENT="raifonsalleguées"/><SP WIDTH="15" VPOS="920" HPOS="824"/>
						<String ID="string_93" HPOS="839" VPOS="920" WIDTH="188" HEIGHT="67" WC="0.92" CONTENT="iufques"/><SP WIDTH="30" VPOS="920" HPOS="1027"/>
						<String ID="string_94" HPOS="1057" VPOS="927" WIDTH="98" HEIGHT="61" WC="0.91" CONTENT="icy,"/><SP WIDTH="26" VPOS="927" HPOS="1155"/>
						<String ID="string_95" HPOS="1181" VPOS="931" WIDTH="46" HEIGHT="40" WC="0.93" CONTENT="&amp;"/><SP WIDTH="23" VPOS="931" HPOS="1227"/>
						<String ID="string_96" HPOS="1250" VPOS="924" WIDTH="97" HEIGHT="49" WC="0.90" CONTENT="cel-"/>
					</TextLine>
					<TextLine ID="line_13" HPOS="113" VPOS="986" WIDTH="1238" HEIGHT="73">
						<String ID="string_97" HPOS="113" VPOS="986" WIDTH="61" HEIGHT="50" WC="0.95" CONTENT="les"/><SP WIDTH="31" VPOS="986" HPOS="174"/>
						<String ID="string_98" HPOS="205" VPOS="1006" WIDTH="93" HEIGHT="51" WC="0.93" CONTENT="que"/><SP WIDTH="27" VPOS="1006" HPOS="298"/>
						<String ID="string_99" HPOS="325" VPOS="994" WIDTH="308" HEIGHT="65" WC="0.40" CONTENT="iapporteray"/><SP WIDTH="20" VPOS="994" HPOS="633"/>
						<String ID="string_100" HPOS="653" VPOS="1008" WIDTH="168" HEIGHT="32" WC="0.93" CONTENT="encore"/><SP WIDTH="19" VPOS="1008" HPOS="821"/>
						<String ID="string_101" HPOS="840" VPOS="988" WIDTH="211" HEIGHT="69" WC="0.91" CONTENT="cy-aprés"/><SP WIDTH="22" VPOS="988" HPOS="1051"/>
						<String ID="string_102" HPOS="1073" VPOS="1027" WIDTH="14" HEIGHT="17" WC="0.84" CONTENT=","/><SP WIDTH="13" VPOS="1027" HPOS="1087"/>
						<String ID="string_103" HPOS="1100" VPOS="1006" WIDTH="251" HEIGHT="38" WC="0.94" CONTENT="montrent"/>
					</TextLine>
					<TextLine ID="line_14" HPOS="112" VPOS="1058" WIDTH="1234" HEIGHT="68">
						<String ID="string_104" HPOS="112" VPOS="1058" WIDTH="116" HEIGHT="62" WC="0.92" CONTENT="qu&#39;il"/><SP WIDTH="25" VPOS="1058" HPOS="228"/>
						<String ID="string_105" HPOS="253" VPOS="1059" WIDTH="60" HEIGHT="48" WC="0.85" CONTENT="eft"/><SP WIDTH="21" VPOS="1059" HPOS="313"/>
						<String ID="string_106" HPOS="334" VPOS="1059" WIDTH="245" HEIGHT="49" WC="0.41" CONTENT="neceffaire"/><SP WIDTH="21" VPOS="1059" HPOS="579"/>
						<String ID="string_107" HPOS="600" VPOS="1053" WIDTH="86" HEIGHT="77" WC="0.96" CONTENT="que"/><SP WIDTH="14" VPOS="1053" HPOS="686"/>
						<String ID="string_108" HPOS="700" VPOS="1058" WIDTH="57" HEIGHT="48" WC="0.95" CONTENT="le"/><SP WIDTH="24" VPOS="1058" HPOS="757"/>
						<String ID="string_109" HPOS="781" VPOS="1062" WIDTH="208" HEIGHT="64" WC="0.95" CONTENT="principe"/><SP WIDTH="21" VPOS="1062" HPOS="989"/>
						<String ID="string_110" HPOS="1010" VPOS="1058" WIDTH="59" HEIGHT="49" WC="0.96" CONTENT="de"/><SP WIDTH="20" VPOS="1058" HPOS="1069"/>
						<String ID="string_111" HPOS="1089" VPOS="1074" WIDTH="118" HEIGHT="33" WC="0.91" CONTENT="cette"/><SP WIDTH="30" VPOS="1074" HPOS="1207"/>
						<String ID="string_112" HPOS="1237" VPOS="1077" WIDTH="109" HEIGHT="49" WC="0.91" CONTENT="per-"/>
					</TextLine>
					<TextLine ID="line_15" HPOS="111" VPOS="1123" WIDTH="1235" HEIGHT="69">
						<String ID="string_113" HPOS="111" VPOS="1130" WIDTH="186" HEIGHT="45" WC="0.73" CONTENT="ception"/><SP WIDTH="14" VPOS="1130" HPOS="297"/>
						<String ID="string_114" HPOS="311" VPOS="1136" WIDTH="44" HEIGHT="40" WC="0.93" CONTENT="&amp;"/><SP WIDTH="15" VPOS="1136" HPOS="355"/>
						<String ID="string_115" HPOS="370" VPOS="1127" WIDTH="57" HEIGHT="48" WC="0.95" CONTENT="de"/><SP WIDTH="11" VPOS="1127" HPOS="427"/>
						<String ID="string_116" HPOS="438" VPOS="1146" WIDTH="51" HEIGHT="28" WC="0.92" CONTENT="ce"/><SP WIDTH="12" VPOS="1146" HPOS="489"/>
						<String ID="string_117" HPOS="501" VPOS="1126" WIDTH="171" HEIGHT="48" WC="0.30" CONTENT="deffein"/><SP WIDTH="12" VPOS="1126" HPOS="672"/>
						<String ID="string_118" HPOS="684" VPOS="1123" WIDTH="90" HEIGHT="51" WC="0.83" CONTENT="foit"/><SP WIDTH="22" VPOS="1123" HPOS="774"/>
						<String ID="string_119" HPOS="796" VPOS="1124" WIDTH="229" HEIGHT="68" WC="0.89" CONTENT="Spirituel."/><SP WIDTH="59" VPOS="1124" HPOS="1025"/>
						<String ID="string_120" HPOS="1084" VPOS="1130" WIDTH="77" HEIGHT="44" WC="0.96" CONTENT="Or"/><SP WIDTH="21" VPOS="1130" HPOS="1161"/>
						<String ID="string_121" HPOS="1182" VPOS="1128" WIDTH="164" HEIGHT="63" WC="0.96" CONTENT="quand"/>
					</TextLine>
					<TextLine ID="line_16" HPOS="112" VPOS="1138" WIDTH="1238" HEIGHT="124">
						<String ID="string_122" HPOS="112" VPOS="1138" WIDTH="87" HEIGHT="121" WC="0.75" CONTENT="ccla"/><SP WIDTH="20" VPOS="1138" HPOS="199"/>
						<String ID="string_123" HPOS="219" VPOS="1191" WIDTH="168" HEIGHT="59" WC="0.72" CONTENT="feroit"/><SP WIDTH="-32" VPOS="1191" HPOS="387"/>
						<String ID="string_124" HPOS="355" VPOS="1186" WIDTH="41" HEIGHT="80" WC="0.77" CONTENT="("/><SP WIDTH="12" VPOS="1186" HPOS="396"/>
						<String ID="string_125" HPOS="408" VPOS="1213" WIDTH="52" HEIGHT="29" WC="0.96" CONTENT="ce"/><SP WIDTH="24" VPOS="1213" HPOS="460"/>
						<String ID="string_126" HPOS="484" VPOS="1209" WIDTH="95" HEIGHT="53" WC="0.96" CONTENT="que"/><SP WIDTH="20" VPOS="1209" HPOS="579"/>
						<String ID="string_127" HPOS="599" VPOS="1210" WIDTH="119" HEIGHT="31" WC="0.96" CONTENT="nous"/><SP WIDTH="23" VPOS="1210" HPOS="718"/>
						<String ID="string_128" HPOS="741" VPOS="1211" WIDTH="61" HEIGHT="30" WC="0.96" CONTENT="ne"/><SP WIDTH="20" VPOS="1211" HPOS="802"/>
						<String ID="string_129" HPOS="822" VPOS="1208" WIDTH="198" HEIGHT="49" WC="0.96" CONTENT="croyons"/><SP WIDTH="21" VPOS="1208" HPOS="1020"/>
						<String ID="string_130" HPOS="1041" VPOS="1201" WIDTH="105" HEIGHT="58" WC="0.96" CONTENT="pas)"/><SP WIDTH="29" VPOS="1201" HPOS="1146"/>
						<String ID="string_131" HPOS="1175" VPOS="1191" WIDTH="95" HEIGHT="49" WC="0.96" CONTENT="cela"/><SP WIDTH="18" VPOS="1191" HPOS="1270"/>
						<String ID="string_132" HPOS="1288" VPOS="1210" WIDTH="62" HEIGHT="30" WC="0.96" CONTENT="ne"/>
					</TextLine>
					<TextLine ID="line_17" HPOS="113" VPOS="1252" WIDTH="1238" HEIGHT="73">
						<String ID="string_133" HPOS="113" VPOS="1252" WIDTH="135" HEIGHT="57" WC="0.83" CONTENT="feroit"/><SP WIDTH="18" VPOS="1252" HPOS="248"/>
						<String ID="string_134" HPOS="266" VPOS="1277" WIDTH="316" HEIGHT="33" WC="0.94" CONTENT="aucunement"/><SP WIDTH="19" VPOS="1277" HPOS="582"/>
						<String ID="string_135" HPOS="601" VPOS="1262" WIDTH="227" HEIGHT="63" WC="0.96" CONTENT="injurieux"/><SP WIDTH="21" VPOS="1262" HPOS="828"/>
						<String ID="string_136" HPOS="849" VPOS="1258" WIDTH="26" HEIGHT="49" WC="0.96" CONTENT="à"/><SP WIDTH="23" VPOS="1258" HPOS="875"/>
						<String ID="string_137" HPOS="898" VPOS="1260" WIDTH="251" HEIGHT="49" WC="0.84" CONTENT="l&#39;Homme"/><SP WIDTH="-14" VPOS="1260" HPOS="1149"/>
						<String ID="string_138" HPOS="1135" VPOS="1248" WIDTH="41" HEIGHT="81" WC="0.93" CONTENT=":"/><SP WIDTH="31" VPOS="1248" HPOS="1176"/>
						<String ID="string_139" HPOS="1207" VPOS="1277" WIDTH="73" HEIGHT="30" WC="0.95" CONTENT="car"/><SP WIDTH="27" VPOS="1277" HPOS="1280"/>
						<String ID="string_140" HPOS="1307" VPOS="1264" WIDTH="44" HEIGHT="44" WC="0.95" CONTENT="ie"/>
					</TextLine>
					<TextLine ID="line_18" HPOS="111" VPOS="1325" WIDTH="1237" HEIGHT="70">
						<String ID="string_141" HPOS="111" VPOS="1338" WIDTH="58" HEIGHT="34" WC="0.95" CONTENT="ne"/><SP WIDTH="12" VPOS="1338" HPOS="169"/>
						<String ID="string_142" HPOS="181" VPOS="1333" WIDTH="105" HEIGHT="44" WC="0.93" CONTENT="vois"/><SP WIDTH="14" VPOS="1333" HPOS="286"/>
						<String ID="string_143" HPOS="300" VPOS="1326" WIDTH="402" HEIGHT="53" WC="0.59" CONTENT="aucuneneceflité,"/><SP WIDTH="12" VPOS="1326" HPOS="702"/>
						<String ID="string_144" HPOS="714" VPOS="1345" WIDTH="120" HEIGHT="50" WC="0.92" CONTENT="que"/><SP WIDTH="21" VPOS="1345" HPOS="834"/>
						<String ID="string_145" HPOS="855" VPOS="1343" WIDTH="107" HEIGHT="33" WC="0.96" CONTENT="tout"/><SP WIDTH="21" VPOS="1343" HPOS="962"/>
						<String ID="string_146" HPOS="983" VPOS="1347" WIDTH="49" HEIGHT="28" WC="0.96" CONTENT="ce"/><SP WIDTH="20" VPOS="1347" HPOS="1032"/>
						<String ID="string_147" HPOS="1052" VPOS="1331" WIDTH="85" HEIGHT="63" WC="0.93" CONTENT="qui"/><SP WIDTH="17" VPOS="1331" HPOS="1137"/>
						<String ID="string_148" HPOS="1154" VPOS="1325" WIDTH="60" HEIGHT="50" WC="0.88" CONTENT="eft"/><SP WIDTH="27" VPOS="1325" HPOS="1214"/>
						<String ID="string_149" HPOS="1241" VPOS="1331" WIDTH="107" HEIGHT="63" WC="0.92" CONTENT="Spi-"/>
					</TextLine>
					<TextLine ID="line_19" HPOS="113" VPOS="1393" WIDTH="1235" HEIGHT="70">
						<String ID="string_150" HPOS="113" VPOS="1389" WIDTH="132" HEIGHT="78" WC="0.89" CONTENT="tituel"/><SP WIDTH="8" VPOS="1389" HPOS="245"/>
						<String ID="string_151" HPOS="253" VPOS="1394" WIDTH="102" HEIGHT="52" WC="0.92" CONTENT="foit"/><SP WIDTH="22" VPOS="1394" HPOS="355"/>
						<String ID="string_152" HPOS="377" VPOS="1399" WIDTH="59" HEIGHT="47" WC="0.93" CONTENT="de"/><SP WIDTH="19" VPOS="1399" HPOS="436"/>
						<String ID="string_153" HPOS="455" VPOS="1395" WIDTH="178" HEIGHT="50" WC="0.90" CONTENT="mefme"/><SP WIDTH="27" VPOS="1395" HPOS="633"/>
						<String ID="string_154" HPOS="660" VPOS="1394" WIDTH="155" HEIGHT="69" WC="0.40" CONTENT="efpece"/><SP WIDTH="20" VPOS="1394" HPOS="815"/>
						<String ID="string_155" HPOS="835" VPOS="1433" WIDTH="16" HEIGHT="21" WC="0.40" CONTENT=","/><SP WIDTH="37" VPOS="1433" HPOS="851"/>
						<String ID="string_156" HPOS="888" VPOS="1404" WIDTH="46" HEIGHT="40" WC="0.92" CONTENT="&amp;"/><SP WIDTH="31" VPOS="1404" HPOS="934"/>
						<String ID="string_157" HPOS="965" VPOS="1399" WIDTH="63" HEIGHT="44" WC="0.96" CONTENT="ait"/><SP WIDTH="30" VPOS="1399" HPOS="1028"/>
						<String ID="string_158" HPOS="1058" VPOS="1395" WIDTH="63" HEIGHT="48" WC="0.93" CONTENT="les"/><SP WIDTH="29" VPOS="1395" HPOS="1121"/>
						<String ID="string_159" HPOS="1150" VPOS="1393" WIDTH="198" HEIGHT="50" WC="0.91" CONTENT="mefmes"/>
					</TextLine>
					<TextLine ID="line_20" HPOS="76" VPOS="1460" WIDTH="1266" HEIGHT="74">
						<String ID="string_160" HPOS="76" VPOS="1466" WIDTH="286" HEIGHT="68" WC="0.0" CONTENT="-Auantages"/><SP WIDTH="27" VPOS="1466" HPOS="362"/>
						<String ID="string_161" HPOS="389" VPOS="1474" WIDTH="46" HEIGHT="40" WC="0.92" CONTENT="&amp;"/><SP WIDTH="28" VPOS="1474" HPOS="435"/>
						<String ID="string_162" HPOS="463" VPOS="1468" WIDTH="317" HEIGHT="63" WC="0.92" CONTENT="prerogatiues"/><SP WIDTH="23" VPOS="1468" HPOS="780"/>
						<String ID="string_163" HPOS="803" VPOS="1456" WIDTH="89" HEIGHT="82" WC="0.93" CONTENT="que"/><SP WIDTH="16" VPOS="1456" HPOS="892"/>
						<String ID="string_164" HPOS="908" VPOS="1456" WIDTH="197" HEIGHT="82" WC="0.37" CONTENT="l&#39;Efprit"/><SP WIDTH="22" VPOS="1456" HPOS="1105"/>
						<String ID="string_165" HPOS="1127" VPOS="1462" WIDTH="215" HEIGHT="50" WC="0.96" CONTENT="humain."/>
					</TextLine>
					<TextLine ID="line_21" HPOS="109" VPOS="1526" WIDTH="1242" HEIGHT="73">
						<String ID="string_166" HPOS="109" VPOS="1526" WIDTH="362" HEIGHT="62" WC="0.85" CONTENT="Secondement,"/><SP WIDTH="15" VPOS="1526" HPOS="471"/>
						<String ID="string_167" HPOS="486" VPOS="1536" WIDTH="43" HEIGHT="43" WC="0.96" CONTENT="ic"/><SP WIDTH="13" VPOS="1536" HPOS="529"/>
						<String ID="string_168" HPOS="542" VPOS="1532" WIDTH="68" HEIGHT="47" WC="0.96" CONTENT="dis"/><SP WIDTH="16" VPOS="1532" HPOS="610"/>
						<String ID="string_169" HPOS="626" VPOS="1547" WIDTH="92" HEIGHT="52" WC="0.81" CONTENT="que"/><SP WIDTH="13" VPOS="1547" HPOS="718"/>
						<String ID="string_170" HPOS="731" VPOS="1547" WIDTH="179" HEIGHT="33" WC="0.79" CONTENT="tout-ce"/><SP WIDTH="16" VPOS="1547" HPOS="910"/>
						<String ID="string_171" HPOS="926" VPOS="1547" WIDTH="97" HEIGHT="50" WC="0.85" CONTENT="que"/><SP WIDTH="15" VPOS="1547" HPOS="1023"/>
						<String ID="string_172" HPOS="1038" VPOS="1548" WIDTH="120" HEIGHT="30" WC="0.92" CONTENT="nous"/><SP WIDTH="23" VPOS="1548" HPOS="1158"/>
						<String ID="string_173" HPOS="1181" VPOS="1536" WIDTH="170" HEIGHT="42" WC="0.83" CONTENT="remar-"/>
					</TextLine>
					<TextLine ID="line_22" HPOS="107" VPOS="1595" WIDTH="1238" HEIGHT="62">
						<String ID="string_174" HPOS="107" VPOS="1605" WIDTH="158" HEIGHT="52" WC="0.72" CONTENT="quons"/><SP WIDTH="23" VPOS="1605" HPOS="265"/>
						<String ID="string_175" HPOS="288" VPOS="1595" WIDTH="116" HEIGHT="47" WC="0.96" CONTENT="dans"/><SP WIDTH="21" VPOS="1595" HPOS="404"/>
						<String ID="string_176" HPOS="425" VPOS="1598" WIDTH="63" HEIGHT="45" WC="0.84" CONTENT="les"/><SP WIDTH="31" VPOS="1598" HPOS="488"/>
						<String ID="string_177" HPOS="519" VPOS="1597" WIDTH="198" HEIGHT="48" WC="0.88" CONTENT="diuerfes"/><SP WIDTH="29" VPOS="1597" HPOS="717"/>
						<String ID="string_178" HPOS="746" VPOS="1602" WIDTH="184" HEIGHT="44" WC="0.74" CONTENT="a@ions"/><SP WIDTH="30" VPOS="1602" HPOS="930"/>
						<String ID="string_179" HPOS="960" VPOS="1607" WIDTH="46" HEIGHT="38" WC="0.92" CONTENT="&amp;"/><SP WIDTH="34" VPOS="1607" HPOS="1006"/>
						<String ID="string_180" HPOS="1040" VPOS="1598" WIDTH="62" HEIGHT="47" WC="0.93" CONTENT="les"/><SP WIDTH="30" VPOS="1598" HPOS="1102"/>
						<String ID="string_181" HPOS="1132" VPOS="1597" WIDTH="213" HEIGHT="47" WC="0.88" CONTENT="inftinéts"/>
					</TextLine>
					<TextLine ID="line_23" HPOS="109" VPOS="1657" WIDTH="1242" HEIGHT="72">
						<String ID="string_182" HPOS="109" VPOS="1658" WIDTH="78" HEIGHT="50" WC="0.92" CONTENT="des"/><SP WIDTH="25" VPOS="1658" HPOS="187"/>
						<String ID="string_183" HPOS="212" VPOS="1657" WIDTH="140" HEIGHT="52" WC="0.87" CONTENT="beftes"/><SP WIDTH="21" VPOS="1657" HPOS="352"/>
						<String ID="string_184" HPOS="373" VPOS="1658" WIDTH="45" HEIGHT="50" WC="0.84" CONTENT="fe"/><SP WIDTH="20" VPOS="1658" HPOS="418"/>
						<String ID="string_185" HPOS="438" VPOS="1678" WIDTH="111" HEIGHT="50" WC="0.95" CONTENT="peut"/><SP WIDTH="19" VPOS="1678" HPOS="549"/>
						<String ID="string_186" HPOS="568" VPOS="1661" WIDTH="97" HEIGHT="49" WC="0.96" CONTENT="fort"/><SP WIDTH="18" VPOS="1661" HPOS="665"/>
						<String ID="string_187" HPOS="683" VPOS="1665" WIDTH="112" HEIGHT="46" WC="0.96" CONTENT="bien"/><SP WIDTH="23" VPOS="1665" HPOS="795"/>
						<String ID="string_188" HPOS="818" VPOS="1664" WIDTH="238" HEIGHT="65" WC="0.96" CONTENT="expliquer"/><SP WIDTH="23" VPOS="1664" HPOS="1056"/>
						<String ID="string_189" HPOS="1079" VPOS="1662" WIDTH="101" HEIGHT="48" WC="0.96" CONTENT="fans"/><SP WIDTH="23" VPOS="1662" HPOS="1180"/>
						<String ID="string_190" HPOS="1203" VPOS="1662" WIDTH="44" HEIGHT="46" WC="0.94" CONTENT="le"/><SP WIDTH="27" VPOS="1662" HPOS="1247"/>
						<String ID="string_191" HPOS="1274" VPOS="1659" WIDTH="77" HEIGHT="49" WC="0.64" CONTENT="fe"/>
					</TextLine>
					<TextLine ID="line_24" HPOS="110" VPOS="1724" WIDTH="1235" HEIGHT="72">
						<String ID="string_192" HPOS="110" VPOS="1741" WIDTH="131" HEIGHT="35" WC="0.95" CONTENT="cours"/><SP WIDTH="15" VPOS="1741" HPOS="241"/>
						<String ID="string_193" HPOS="256" VPOS="1730" WIDTH="229" HEIGHT="48" WC="0.49" CONTENT="d&#39;aucune"/><SP WIDTH="19" VPOS="1730" HPOS="485"/>
						<String ID="string_194" HPOS="504" VPOS="1724" WIDTH="194" HEIGHT="72" WC="0.62" CONTENT="penfée"/><SP WIDTH="-32" VPOS="1724" HPOS="698"/>
						<String ID="string_195" HPOS="666" VPOS="1720" WIDTH="54" HEIGHT="80" WC="0.86" CONTENT=";"/><SP WIDTH="5" VPOS="1720" HPOS="720"/>
						<String ID="string_196" HPOS="725" VPOS="1732" WIDTH="131" HEIGHT="44" WC="0.96" CONTENT="Ceux"/><SP WIDTH="32" VPOS="1732" HPOS="856"/>
						<String ID="string_197" HPOS="888" VPOS="1732" WIDTH="84" HEIGHT="60" WC="0.95" CONTENT="qui"/><SP WIDTH="29" VPOS="1732" HPOS="972"/>
						<String ID="string_198" HPOS="1001" VPOS="1745" WIDTH="58" HEIGHT="29" WC="0.92" CONTENT="en"/><SP WIDTH="28" VPOS="1745" HPOS="1059"/>
						<String ID="string_199" HPOS="1087" VPOS="1728" WIDTH="258" HEIGHT="46" WC="0.51" CONTENT="douterc::e"/>
					</TextLine>
					<TextLine ID="line_25" HPOS="112" VPOS="1792" WIDTH="1281" HEIGHT="73">
						<String ID="string_200" HPOS="112" VPOS="1803" WIDTH="139" HEIGHT="41" WC="0.80" CONTENT="n&#39;ont"/><SP WIDTH="9" VPOS="1803" HPOS="251"/>
						<String ID="string_201" HPOS="260" VPOS="1788" WIDTH="105" HEIGHT="81" WC="0.80" CONTENT="qu&#39;à"/><SP WIDTH="18" VPOS="1788" HPOS="365"/>
						<String ID="string_202" HPOS="383" VPOS="1797" WIDTH="90" HEIGHT="49" WC="0.94" CONTENT="lire"/><SP WIDTH="16" VPOS="1797" HPOS="473"/>
						<String ID="string_203" HPOS="489" VPOS="1796" WIDTH="48" HEIGHT="50" WC="0.87" CONTENT="Le"/><SP WIDTH="21" VPOS="1796" HPOS="537"/>
						<String ID="string_204" HPOS="558" VPOS="1792" WIDTH="181" HEIGHT="55" WC="0.63" CONTENT="Traitté"/><SP WIDTH="20" VPOS="1792" HPOS="739"/>
						<String ID="string_205" HPOS="759" VPOS="1793" WIDTH="62" HEIGHT="50" WC="0.91" CONTENT="de"/><SP WIDTH="18" VPOS="1793" HPOS="821"/>
						<String ID="string_206" HPOS="839" VPOS="1793" WIDTH="251" HEIGHT="50" WC="0.88" CONTENT="FHomme"/><SP WIDTH="19" VPOS="1793" HPOS="1090"/>
						<String ID="string_207" HPOS="1109" VPOS="1793" WIDTH="57" HEIGHT="49" WC="0.93" CONTENT="de"/><SP WIDTH="24" VPOS="1793" HPOS="1166"/>
						<String ID="string_208" HPOS="1190" VPOS="1797" WIDTH="160" HEIGHT="45" WC="0.58" CONTENT="Mon-"/>
					</TextLine>
					<TextLine ID="line_26" HPOS="113" VPOS="1854" WIDTH="1227" HEIGHT="81">
						<String ID="string_209" HPOS="113" VPOS="1854" WIDTH="111" HEIGHT="57" WC="0.64" CONTENT="fieur"/><SP WIDTH="19" VPOS="1854" HPOS="224"/>
						<String ID="string_210" HPOS="243" VPOS="1864" WIDTH="335" HEIGHT="64" WC="0.40" CONTENT="Defcartes,.&amp;"/><SP WIDTH="28" VPOS="1864" HPOS="578"/>
						<String ID="string_211" HPOS="606" VPOS="1865" WIDTH="62" HEIGHT="49" WC="0.94" CONTENT="les"/><SP WIDTH="22" VPOS="1865" HPOS="668"/>
						<String ID="string_212" HPOS="690" VPOS="1880" WIDTH="277" HEIGHT="55" WC="0.95" CONTENT="remarques."/><SP WIDTH="22" VPOS="1880" HPOS="967"/>
						<String ID="string_213" HPOS="989" VPOS="1881" WIDTH="90" HEIGHT="49" WC="0.93" CONTENT="que"/><SP WIDTH="22" VPOS="1881" HPOS="1079"/>
						<String ID="string_214" HPOS="1101" VPOS="1864" WIDTH="86" HEIGHT="61" WC="0.73" CONTENT="j&#39;ay"/><SP WIDTH="22" VPOS="1864" HPOS="1187"/>
						<String ID="string_215" HPOS="1209" VPOS="1858" WIDTH="131" HEIGHT="50" WC="0.96" CONTENT="faites"/>
					</TextLine>
					<TextLine ID="line_27" HPOS="110" VPOS="1924" WIDTH="1231" HEIGHT="77">
						<String ID="string_216" HPOS="110" VPOS="1924" WIDTH="146" HEIGHT="56" WC="0.88" CONTENT="deffus"/><SP WIDTH="21" VPOS="1924" HPOS="256"/>
						<String ID="string_217" HPOS="277" VPOS="1969" WIDTH="14" HEIGHT="22" WC="0.90" CONTENT=","/><SP WIDTH="24" VPOS="1969" HPOS="291"/>
						<String ID="string_218" HPOS="315" VPOS="1930" WIDTH="131" HEIGHT="71" WC="0.96" CONTENT="pour"/><SP WIDTH="17" VPOS="1930" HPOS="446"/>
						<String ID="string_219" HPOS="463" VPOS="1934" WIDTH="90" HEIGHT="48" WC="0.86" CONTENT="s&#39;en"/><SP WIDTH="21" VPOS="1934" HPOS="553"/>
						<String ID="string_220" HPOS="574" VPOS="1930" WIDTH="235" HEIGHT="50" WC="0.36" CONTENT="efclaircir."/><SP WIDTH="46" VPOS="1930" HPOS="809"/>
						<String ID="string_221" HPOS="855" VPOS="1937" WIDTH="50" HEIGHT="42" WC="0.76" CONTENT="Îe"/><SP WIDTH="16" VPOS="1937" HPOS="905"/>
						<String ID="string_222" HPOS="921" VPOS="1929" WIDTH="188" HEIGHT="69" WC="0.92" CONTENT="refpons"/><SP WIDTH="23" VPOS="1929" HPOS="1109"/>
						<String ID="string_223" HPOS="1132" VPOS="1946" WIDTH="58" HEIGHT="30" WC="0.93" CONTENT="en"/><SP WIDTH="28" VPOS="1946" HPOS="1190"/>
						<String ID="string_224" HPOS="1218" VPOS="1932" WIDTH="123" HEIGHT="45" WC="0.91" CONTENT="troi-"/>
					</TextLine>
					<TextLine ID="line_28" HPOS="113" VPOS="1988" WIDTH="1231" HEIGHT="83">
						<String ID="string_225" HPOS="78" VPOS="1984" WIDTH="183" HEIGHT="91" WC="0.42" CONTENT="fefme"/><SP WIDTH="-1" VPOS="1984" HPOS="261"/>
						<String ID="string_226" HPOS="260" VPOS="1984" WIDTH="139" HEIGHT="91" WC="0.84" CONTENT="lieu,"/><SP WIDTH="23" VPOS="1984" HPOS="399"/>
						<String ID="string_227" HPOS="422" VPOS="2016" WIDTH="99" HEIGHT="55" WC="0.95" CONTENT="que"/><SP WIDTH="17" VPOS="2016" HPOS="521"/>
						<String ID="string_228" HPOS="538" VPOS="1998" WIDTH="92" HEIGHT="53" WC="0.57" CONTENT="fic"/><SP WIDTH="11" VPOS="1998" HPOS="630"/>
						<String ID="string_229" HPOS="641" VPOS="1998" WIDTH="166" HEIGHT="70" WC="0.88" CONTENT="quetes"/><SP WIDTH="22" VPOS="1998" HPOS="807"/>
						<String ID="string_230" HPOS="829" VPOS="1997" WIDTH="144" HEIGHT="49" WC="0.84" CONTENT="beftes"/><SP WIDTH="19" VPOS="1997" HPOS="973"/>
						<String ID="string_231" HPOS="992" VPOS="1998" WIDTH="352" HEIGHT="66" WC="0.77" CONTENT="apperçaiuent,"/>
					</TextLine>
					<TextLine ID="line_29" HPOS="111" VPOS="2063" WIDTH="1233" HEIGHT="73">
						<String ID="string_232" HPOS="111" VPOS="2075" WIDTH="63" HEIGHT="34" WC="0.56" CONTENT="où"/><SP WIDTH="23" VPOS="2075" HPOS="174"/>
						<String ID="string_233" HPOS="197" VPOS="2082" WIDTH="120" HEIGHT="33" WC="0.96" CONTENT="non,"/><SP WIDTH="26" VPOS="2082" HPOS="317"/>
						<String ID="string_234" HPOS="343" VPOS="2070" WIDTH="96" HEIGHT="47" WC="0.86" CONTENT="cela"/><SP WIDTH="19" VPOS="2070" HPOS="439"/>
						<String ID="string_235" HPOS="458" VPOS="2088" WIDTH="59" HEIGHT="31" WC="0.93" CONTENT="ne"/><SP WIDTH="19" VPOS="2088" HPOS="517"/>
						<String ID="string_236" HPOS="536" VPOS="2069" WIDTH="89" HEIGHT="50" WC="0.92" CONTENT="fert"/><SP WIDTH="21" VPOS="2069" HPOS="625"/>
						<String ID="string_237" HPOS="646" VPOS="2069" WIDTH="60" HEIGHT="49" WC="0.82" CONTENT="dé"/><SP WIDTH="18" VPOS="2069" HPOS="706"/>
						<String ID="string_238" HPOS="724" VPOS="2071" WIDTH="99" HEIGHT="47" WC="0.15" CONTENT="rien"/><SP WIDTH="12" VPOS="2071" HPOS="823"/>
						<String ID="string_239" HPOS="835" VPOS="2082" WIDTH="125" HEIGHT="54" WC="0.15" CONTENT="pour"/><SP WIDTH="20" VPOS="2082" HPOS="960"/>
						<String ID="string_240" HPOS="980" VPOS="2063" WIDTH="240" HEIGHT="69" WC="0.93" CONTENT="expliquer"/><SP WIDTH="19" VPOS="2063" HPOS="1220"/>
						<String ID="string_241" HPOS="1239" VPOS="2081" WIDTH="105" HEIGHT="34" WC="0.60" CONTENT="tou-"/>
					</TextLine>
					<TextLine ID="line_30" HPOS="112" VPOS="2130" WIDTH="1234" HEIGHT="78">
						<String ID="string_242" HPOS="112" VPOS="2139" WIDTH="65" HEIGHT="57" WC="0.92" CONTENT="tes"/><SP WIDTH="16" VPOS="2139" HPOS="177"/>
						<String ID="string_243" HPOS="193" VPOS="2130" WIDTH="118" HEIGHT="53" WC="0.92" CONTENT="leurs"/><SP WIDTH="24" VPOS="2130" HPOS="311"/>
						<String ID="string_244" HPOS="335" VPOS="2140" WIDTH="200" HEIGHT="63" WC="0.32" CONTENT="actions,"/><SP WIDTH="52" VPOS="2140" HPOS="535"/>
						<String ID="string_245" HPOS="587" VPOS="2142" WIDTH="126" HEIGHT="64" WC="0.93" CONTENT="Pour"/><SP WIDTH="21" VPOS="2142" HPOS="713"/>
						<String ID="string_246" HPOS="734" VPOS="2126" WIDTH="170" HEIGHT="86" WC="0.70" CONTENT="vousie"/><SP WIDTH="-1" VPOS="2126" HPOS="904"/>
						<String ID="string_247" HPOS="903" VPOS="2126" WIDTH="130" HEIGHT="86" WC="0.79" CONTENT="faire"/><SP WIDTH="19" VPOS="2126" HPOS="1033"/>
						<String ID="string_248" HPOS="1052" VPOS="2136" WIDTH="122" HEIGHT="57" WC="0.93" CONTENT="voir,"/><SP WIDTH="22" VPOS="2136" HPOS="1174"/>
						<String ID="string_249" HPOS="1196" VPOS="2133" WIDTH="150" HEIGHT="67" WC="0.88" CONTENT="confi-"/>
					</TextLine>
				</TextBlock>
				<TextBlock ID="block_1" HPOS="136" VPOS="2241" WIDTH="17" HEIGHT="15">
					<TextLine ID="line_31" HPOS="136" VPOS="2241" WIDTH="17" HEIGHT="15">
						<String ID="string_250" HPOS="136" VPOS="2241" WIDTH="17" HEIGHT="15" WC="0.5" CONTENT="*"/>
					</TextLine>
				</TextBlock>
			</PrintSpace>
		</Page>
	</Layout>
</alto>
