1776 2528
565 132 64 46 R
656 130 30 48 P
708 130 249 59 ISTRE.

227 203 176 70 Ainſi,
424 204 391 57 MONSIEVR,
831 197 171 75 quand
1012 217 108 35 mon
1131 199 274 57 inclinatioa

152 277 63 72 ne
227 274 220 57 mauroit
467 290 90 57 pas
571 273 104 75 fait
697 276 211 71 reſoudre
932 274 169 76 depuis
1124 273 125 76 long.
1257 267 146 87 temps

151 354 34 54 4
206 374 123 33 vous
351 351 158 54 dedier
520 370 120 32 mon
674 353 200 71 Eſprit,
907 352 40 50 ie
981 371 56 32 ne
1061 354 194 71 pouucis
1276 351 127 66 faire

149 450 75 32 vn
231 424 259 75 ſemblable
499 422 329 78 preſent
704 418 29 86 à
732 422 94 78 Vne
842 425 222 72 perſonne
1081 423 142 53 dune
1245 428 173 57 Scien-

150 525 47 32 ce
220 502 267 54 mediocre.
524 519 49 32 ce
611 502 113 51 ſeroit
739 498 229 73 profaner
988 519 97 32 vne
1099 499 53 68 ſi
1168 496 104 54 belle
1292 520 109 33 ma-

149 581 111 52 tiere
290 597 88 55 que
414 575 56 52 de
504 575 49 51 la
578 587 184 61 mettre
798 586 127 38 entie
967 573 72 51 les
1073 574 156 51 mains
1279 573 121 54 vn

151 654 212 53 Homint
392 649 83 73 qui
515 642 105 57 nien
655 648 211 68 ſtauroit
909 658 106 60 pas
1045 646 249 53 decouurir
1336 649 64 52 les

152 723 292 60 merucilles,
486 731 75 49 &
586 722 63 69 ſi
668 716 210 76 Varreſte
906 741 110 32 mon
1043 718 133 56 choix
1207 720 34 54 4
1275 740 124 35 vous

139 800 102 71 ſeul
268 796 96 73 ceſt
393 813 140 56 parce
568 815 87 54 que
676 799 45 50 is
740 793 101 53 nen
881 800 186 50 connois
1087 796 143 75 point
1260 796 27 51 d
1298 791 100 58 au-

149 890 77 38 tre
240 874 111 53 dont
364 872 78 53 les
454 871 220 53 lumicres
683 870 156 69 ſoicnt
866 869 121 73 plus
1010 874 151 50 viues
1191 880 67 48 &
1288 871 124 75 plus

147 945 241 56 brillantes
427 965 62 50 ny
520 945 38 52 le
587 943 245 74 Iugement
856 944 106 75 plus
1005 945 144 69 ſolide
1187 953 66 50 &
1290 945 108 73 plus

146 1025 164 70 aſſure.
349 1023 60 51 Ie
421 1040 57 33 ne
490 1039 123 33 vous
626 1038 60 62 M
696 1035 91 57 pas
798 1017 253 71 ſculement
1059 1017 233 69 conſideré
1301 1037 98 59 par

146 1097 65 53 les
223 1112 266 56 auantages
500 1094 71 53 de
591 1093 56 52 la
655 1097 238 53 Fortune,
903 1095 52 51 ie
976 1113 128 35 vous
1114 1113 75 54 4y
1201 1094 198 75 regardi

145 1189 179 35 comme
345 1190 75 32 vn
448 1166 173 54 modele
649 1170 104 65 ſuri
772 1167 150 72 lequel
951 1170 44 51 ie
1012 1169 202 73 pouuvis
1238 1183 178 38 fracer

144 1245 41 52 le
207 1243 192 56 tablcau
413 1240 136 56 Hun
566 1242 174 74 Eſprit
761 1240 200 64 acheue,
993 1253 66 49 &
1082 1245 91 69 jay
1199 1238 84 56 cru
1305 1262 88 55 que

143 1321 42 51 ie
216 1340 64 32 ne
286 1320 197 74 pouuois
520 1317 159 78 lioffir
706 1317 117 74 plus
849 1318 239 71 iuſtement
1119 1313 113 79 qu4
1265 1318 128 71 celu

143 1397 85 70 qui
243 1413 118 33 nbus
381 1414 33 31 a
434 1394 160 53 donnt
607 1395 57 53 de
682 1392 53 69 ſi
746 1387 261 84 glorieuſes
1017 1412 220 55 marques
1256 1393 56 51 de
1340 1392 51 52 la

130 1469 225 122 —
493 1470 126 67 ſun.
664 1471 97 49 Les
772 1462 299 83 admirables
1101 1470 184 53 Vertus
1309 1468 83 73 qui

168 1543 155 51 rillent
347 1561 62 34 en
429 1562 123 34 vous
570 1542 145 56 mont
729 1542 106 69 fait
852 1543 538 74 remarquer
1127 1536 100 85 ſes
1226 1543 150 74 diuer-

121 1614 82 69 ſes
222 1615 321 72 perfectionss
579 1615 187 78 Quand
795 1618 41 51 ie
869 1613 209 58 nauris
1108 1635 89 57 pas
1239 1635 56 33 eu
1332 1613 56 53 de

139 1692 196 66 raiſons
371 1703 120 58 pour
543 1699 143 42 croſre
737 1690 105 68 ſon
874 1692 393 55 immortalit?,
1295 1708 95 40 vos

135 1766 181 50 actions
322 1761 109 73 ſont
450 1777 101 61 trop
561 1760 127 55 belles
701 1768 70 49 &
781 1780 90 31 vos
874 1766 260 63 ſentimens
1147 1779 102 56 trop
1251 1779 137 54 gene-

139 1856 117 33 reux
270 1853 122 59 pour
401 1833 156 76 neſte
573 1855 84 58 pas
665 1829 233 88 perſuade
899 1854 87 57 que
1009 1834 52 54 le
1067 1839 204 72 principe
1283 1834 101 53 nen

124 1913 212 67 ſfauroit
351 1914 109 68 eſtre
468 1911 261 76 periſſable,
750 1919 76 50 &
839 1910 97 54 rien
956 1931 66 33 ne
1034 1912 94 53 ma
1143 1911 108 70 fait
1277 1930 108 41 con-

140 1987 163 64 noiſtre
336 1987 53 70 ſi
401 1989 366 74 parfaltement
797 1985 40 52 le
866 1989 216 71 pouuoir
1096 2005 87 54 que
1224 1979 163 62 Ams

138 2057 103 51 doit
257 2065 138 49 auoir
399 2064 97 69 ſur
512 2062 40 54 le
576 2067 179 70 Corps,
780 2079 90 56 que
886 2060 40 54 le
954 2062 128 71 iuſte
1097 2061 172 70 empire
1295 2080 90 56 que

136 2130 157 79 voſtre
320 2136 165 70 Eſprit
501 2136 211 71 conſcrus
722 2139 95 69 ſur
833 2137 39 52 le
881 2136 129 74 ſien,
1039 2136 82 76 qui
1142 2136 244 75 malgri
1324 2126 61 90 ls

138 2203 176 56 trouble
338 2199 81 95 que
436 2211 74 52 les
518 2208 202 79 paſions
740 2231 61 58 )
815 2219 202 71 peliuent
1048 2199 204 95 aporter
1262 2229 151 48 vous-

1091 2305 53 42 4
1171 2302 73 48 iij.
