1776 2528
421 133 40 44 à
801 111 422 54 TRAITTE"

422 185 59 49 de
500 181 186 70 l’Efprit
707 183 56 48 de
784 181 253 50 l'Homme
1057 202 10 33 ;
1091 179 372 58 Secondement,
1489 185 180 66 quelles

421 271 61 34 en
505 250 108 50 font
634 251 63 48 les
720 248 245 51 fonctions
984 285 14 18 ,
1035 247 35 50 fi
1091 268 66 31 on
1180 249 42 49 le
1244 247 240 52 confidere
1506 271 59 31 en
1586 253 84 68 luy

421 317 202 60 mefme,
639 327 46 40 &
700 315 350 70 commefeparé
1073 318 57 48 de
1149 315 87 52 fo
1255 325 176 62 Corps;
1449 323 49 45 Ie
1519 338 150 33 mon-

420 386 165 65 ftreray
605 405 58 29 en
684 384 136 50 fuitte
840 386 58 48 de
920 385 158 68 quelle
1098 384 121 50 forte
1236 387 44 48 le
1302 393 152 61 Corps
1477 397 46 41 &
1546 387 120 51 l'Ef-

451 457 58 44 rit
546 452 110 50 font
688 458 106 45 vnis
823 451 268 56 enfemble;
1135 458 75 43 En
1234 454 282 66 quatriefme
1547 457 123 60 lieu,

417 521 175 65 quelles
628 520 109 51 font
775 522 63 48 les
871 525 183 44 aétions
1093 525 83 63 qui
1204 519 221 53 refultent
1456 524 58 49 de
1546 541 121 33 cette

418 594 182 51 vnion;
634 595 61 44 Et
718 588 154 55 enfin,
891 593 43 45 ie
958 592 235 62 traitreray
1213 589 79 47 des
1312 598 199 56 moyens
1531 597 138 61 prin-

417 660 168 64 cipaux
610 674 120 49 pour
749 658 110 46 bien
880 656 224 47 conduire
1123 672 154 32 toutes
1298 657 63 47 les
1391 661 185 46 aétions
1606 662 61 47 de

418 723 210 70 l'Éfprit,
656 722 96 50 afin
767 722 158 50 d'eftre
946 719 77 51 dés
1046 737 119 33 cette
1183 728 75 43 vie
1277 723 42 48 le
1339 723 102 67 plus
1459 725 206 57 heureux

415 810 96 49 que
531 793 95 48 l'on
640 791 144 68 puife
798 790 123 49 eftre.
970 788 264 71 Lefquelles
1255 789 161 52 chofes
1448 796 43 44 ie
1511 792 170 52 décri--

415 876 79 50 ray
507 861 43 47 le
569 860 100 67 plus
689 856 318 62 briéuement,
1043 867 44 40 &
1112 874 105 33 tout
1235 856 238 53 enfemble
1495 860 45 50 le
1561 863 103 65 plus

415 943 266 33 nettement
700 926 118 67 qu'il
839 944 77 30 me
938 924 93 50 fera
1050 925 194 69 pofible
1267 965 15 21 ,
1304 926 179 51 éuitant
1506 945 156 34 toutes

415 992 144 52 fortes
592 995 59 48 de
682 992 203 51 difcours
926 992 252 69 fuperflus,
1211 1003 45 41 &
1287 1014 60 30 ne
1374 996 290 50 m'arreftant

453 1062 71 56 u'à
555 1060 149 51 fuiure
726 1062 44 48 la
803 1060 145 51 verité
978 1072 45 39 &
1059 1063 61 48 les
1153 1079 142 33 traces
1328 1063 58 48 de
1415 1062 248 52 Monfieur

414 1128 238 53 Defcartes
682 1151 11 33 ;
729 1138 43 41 &
796 1127 35 51 fi
853 1129 99 50 l'on
974 1135 116 44 croit
1117 1147 94 51 que
1239 1136 43 43 ie
1309 1133 125 47 m'en
1465 1129 197 71 éloigne

410 1214 105 33 tant
535 1197 91 50 foit
652 1217 119 49 peu,
805 1197 98 51 l'on
932 1199 276 66 m'obligera
1236 1200 59 48 de
1315 1217 77 30 me
1420 1199 239 56 redrefler;

411 1274 47 39 &
485 1270 42 43 ie
555 1283 209 49 promets
796 1267 58 46 de
883 1264 149 49 fuiure
1059 1266 62 47 les
1153 1267 129 48 aduis
1314 1283 91 47 que
1444 1266 99 50 l’on
1581 1285 80 32 me

408 1332 240 59 donnera,
681 1350 63 31 ou
773 1333 58 47 de
854 1334 165 48 rendre
1049 1329 154 52 raifon
1237 1349 254 52 pourquoy
1513 1338 42 44 ie
1583 1353 77 31 re-

409 1401 214 62 tiendray
639 1400 62 47 les
722 1402 164 46 miens.
966 1402 74 46 Au
1062 1399 139 59 refte,
1233 1419 190 30 comme
1454 1401 101 49 c’eft
1584 1408 76 61 icy

410 1484 69 31 vn
499 1464 144 50 Efcrit
664 1474 247 58 purement
938 1464 403 70 Philofophique,
1361 1469 116 46 dans
1503 1469 158 68 lequel

409 1538 42 46 ie
471 1537 106 63 n'ay
599 1538 139 63 point
767 1535 178 46 d'autre
979 1532 171 50 deffein
1182 1529 65 123 que
1304 1535 58 47 de
1391 1535 268 52 rechercher

409 1623 50 28 ce
479 1621 93 48 que
590 1601 44 49 la
655 1598 119 52 feule
801 1601 193 48 lumiere
1024 1601 224 66 naturelle
1282 1618 120 35 nous
1434 1601 224 72 enfeigne

404 1672 61 47 de
490 1672 44 47 la
556 1686 161 33 nature
744 1670 58 49 de
825 1667 183 70 l’Efprit
1028 1706 15 23 ,
1072 1669 59 49 de
1160 1666 65 53 fes
1258 1666 198 53 facultez
1477 1709 14 19 ,
1519 1682 46 37 &
1598 1675 61 61 de

404 1736 66 54 fes
496 1736 272 62 fonctions,
795 1747 45 42 &
863 1755 93 55 que
984 1742 43 46 ie
1049 1756 60 31 ne
1125 1755 183 50 pretens
1339 1754 80 46 pas
1453 1753 79 30 me
1557 1736 96 51 fer-

405 1810 71 45 uir
513 1807 225 50 d'aucune
775 1808 78 45 des
892 1811 188 44 Veritez
1114 1820 92 49 que
1249 1802 47 47 la
1341 1807 93 62 Foy
1473 1823 121 31 nous
1627 1826 29 36 a

401 1872 233 59 reuclées,
668 1889 63 49 ny
763 1875 106 43 tirer
905 1876 198 41 aucunés
1124 1887 203 50 preuues
1370 1872 58 49 de
1465 1872 191 58 l'Efcri-

403 1955 100 34 ture
500 1932 28 81 ,
562 1947 42 44 ie
623 1937 176 71 fupplie
820 1936 110 51 aufli
954 1956 109 32 ceux
1083 1943 84 66 qui
1189 1955 170 35 auront
1380 1938 26 48 à
1426 1940 225 69 m'oppo-

402 2002 66 50 fer
490 2010 213 68 quelque.
715 2005 142 51 chofe
877 2008 58 49 de
952 2009 109 47 n’en
1075 2007 239 68 employer
1332 2022 180 35 aucune
1526 2028 121 32 con-

401 2089 68 34 tre
490 2092 113 49 moy
628 2098 12 34 ;
672 2095 102 31 non
795 2096 78 48 pas
894 2092 92 51 que
1003 2078 42 44 ie
1065 2093 59 30 ne
1141 2072 292 50 reconnoiffe
1459 2074 189 52 l'Efcri-

398 2157 104 51 ture
519 2158 118 53 pour
658 2145 180 67 laregle
863 2144 59 61 de
941 2141 43 53 la
1002 2138 191 67 Verité,
1217 2158 63 31 ou
1295 2146 144 67 queie
1457 2148 193 73 craigng

1177 2275 5 14 4
