1776 2528
433 116 63 51 26
653 132 19 6 ”
851 107 431 51 TRAITT.
1554 111 39 40 SU

429 199 59 30 en
508 178 203 70 parlent;
738 176 41 47 Il
801 174 100 51 faut
922 176 134 67 qu’ils
1079 180 206 45 auoïüent
1308 173 136 70 qu'ils
1469 194 60 31 ne
1550 181 124 44 con-

433 252 190 59 çoiuent
641 249 124 53 rien,
793 253 45 39 &
853 244 132 65 qu'ils
1005 247 105 45 n'en
1126 261 280 33 ontaucune
1424 243 102 50 idée
1541 243 131 69 pofi-

433 320 94 43 ciue
548 351 14 20 ,
595 332 62 29 ou
680 312 137 66 qu'ils
848 308 256 52 confeffent
1128 312 137 67 qu'ils
1288 312 261 49 entendent
1579 330 92 31 vne

429 380 238 51 fubftance
678 384 83 62 qui
756 372 27 78 a
810 379 41 48 la
862 376 171 50 faculté
1045 380 356 66 d'apperceuoir,
1418 388 44 40 &
1476 381 58 47 de
1545 398 126 32 vou-

432 449 112 54 loir;
569 447 99 49 c'eft
665 439 27 79 à
724 448 96 46 dire
841 465 57 30 en
911 465 67 30 vn
997 463 121 41 mot,
1141 446 242 50 vnechofe
1404 453 84 61 qui
1505 445 166 52 Penfe.

430 516 130 50 D'où
573 520 41 44 ie
633 514 188 58 canclus
843 531 92 50 que
954 513 205 49 l'effence
1170 515 112 47 dela
1298 514 250 48 Subftance
1561 520 109 62 Spi-

428 584 192 55 rituelle
638 580 194 51 confifte
861 601 59 30 en
954 601 49 27 ce
1032 599 93 49 que
1155 581 98 48 c'eft
1286 599 95 30 vne
1409 580 139 49 chofe
1586 588 85 61 qui

432 649 167 56 Penfe;
624 655 100 62 puis
737 666 93 49 que
842 647 181 49 fuiuant
1037 649 62 46 les
1112 652 234 63 Principes
1357 649 60 49 de
1431 648 96 48 Leur
1540 654 132 44 Mai-

429 719 85 49 ftre
534 718 202 49 Ariftote
756 753 14 21 ,
798 715 206 48 l'effence
1039 716 57 46 de
1115 715 182 66 chaque
1317 709 134 76 chofe
1462 709 211 76 confifte

425 805 150 39 ence,
589 783 99 50 fans
702 801 128 49 quoy
843 781 85 49 elle
939 800 60 29 ne
1012 798 108 51 peut
1140 781 111 48 eftre
1273 789 216 42 conceuë.
1517 783 39 49 Il
1570 781 106 51 faut

426 854 132 49 donc
576 870 94 48 que
684 871 54 28 ce
756 849 93 49 foit
868 850 46 47 la
937 847 172 51 Pensée
1129 854 84 63 qui
1231 849 230 62 conftituë
1484 850 194 68 l'Efprit.

426 921 120 49 dans
568 920 44 47 la
626 935 163 32 nature
812 917 311 54 deSpirituel,
1148 927 46 39 &
1223 918 367 59 d'Immateriel,
1617 929 50 40 &

427 1003 187 50 partant
639 985 169 68 qu'elle
827 1003 59 29 ne
906 936 44 96 Ê
969 985 143 68 puifle
1145 987 269 48 rencontrer
1435 986 116 50 dans
1577 1005 97 33 vne

428 1053 238 51 fubftance
688 1053 288 67 Corporelle.
1443 1114 2 2 |
1645 1056 21 61 |

469 1126 124 45 Mais
606 1137 108 52 peut
728 1121 436 49 eftreaimeront-ils
1176 1124 156 47 mieux
1344 1125 174 45 auoüer
1531 1122 139 67 qu'ils

429 1192 325 47 n’ontaucune
764 1193 172 45 notion
945 1188 199 69 pofitiue
1166 1191 57 47 de
1241 1191 44 47 la
1305 1188 238 50 fubftance
1564 1194 118 62 Spi--

428 1258 182 49 rituelle
630 1295 15 20 ,
672 1267 45 37 &
740 1257 133 66 qu'ils
896 1276 59 28 ne
975 1255 190 64 fçauent
1187 1277 49 27 ce
1260 1274 94 49 que
1372 1257 100 47 c’eft
1469 1250 27 77 ,
1530 1254 139 52 finon

425 1321 303 69 fimplement
747 1323 168 66 qu'elle
936 1323 219 66 n’eit-pas
1178 1323 282 55 Materielle;
1485 1324 184 51 oubien

428 1391 56 49 ils
504 1393 160 46 diront
685 1407 93 51 que
809 1390 44 48 la
872 1387 171 50 Penfée
1071 1395 81 60 qui
1182 1390 78 67 luy
1293 1391 59 48 eft
1381 1409 202 51 propre,
1606 1392 63 48 eft

428 1457 114 49 celle
556 1462 82 61 qui
650 1461 261 62 appartient
904 1451 27 79 à
966 1457 396 50 l'Entendement.
1376 1460 122 49 C’eft
1517 1471 152 55 pour-

427 1542 133 50 quoy
615 1542 82 29 pour
718 1522 200 49 éclaircir
940 1524 264 67 dauantage
1228 1541 118 31 cette
1360 1529 199 45 Matiere
1580 1564 14 21 ,
1618 1536 49 41 &

427 1594 96 49 leur
535 1609 117 31 ofter
664 1608 104 32 tout
778 1589 268 70 fcrupule,ie
1058 1589 193 71 fuppofe
1274 1610 58 31 en
1344 1597 198 64 premier
1556 1593 111 61 lieu,

427 1679 94 49 que
542 1661 42 47 lh
610 1660 249 51 Subftance
876 1659 62 50 eft
960 1659 42 49 le
1024 1665 158 45 Genre
1200 1658 268 61 fouuerain,
1482 1664 122 45 dont
1624 1663 45 46 le

427 1736 154 61 Corps
596 1738 44 40 &
654 1727 183 69 l’Efprit
858 1726 108 51 font
979 1728 192 50 lesdeux
1190 1733 251 60 premieres
1456 1735 45 40 &
1522 1724 144 52 feules

427 1796 216 69 Efpeces..
663 1801 74 44 En
750 1795 170 49 fecond
936 1796 115 55 lieu,
1073 1798 93 59 que
1176 1809 81 49 par
1279 1792 41 47 le
1342 1799 150 64 Corps
1512 1794 155 50 ilsen-

426 1865 198 51 tendent
637 1874 110 36 âuec
758 1879 113 45 moy
884 1876 132 31 toute
1028 1858 119 50 forte
1160 1861 58 47 de
1231 1859 249 51 Subftance
1502 1867 164 44 Mate-

427 1933 133 47 ticlle
571 1942 43 39 &
630 1928 298 68 Eftendué,&
942 1946 79 50 par
1033 1926 182 72 l'Efprit
1225 1926 241 53 vnechofe
1477 1931 186 50 Imma-

427 1999 174 51 ecrielle
623 2009 45 42 &
691 2016 102 33 non
813 1997 241 52 Eftenduë.
1086 2003 62 43 En
1173 1993 370 63 troifiémelieu,
1569 2016 96 51 que

427 2062 185 66 l'efpece
631 2086 59 31 ne
709 2065 204 66 fçauroic
933 2068 225 44 conuenir
1176 2080 87 30 aux
1286 2060 156 53 chofes
1465 2068 25 45 à
1511 2071 85 63 qui
1620 2067 44 49 le

427 2135 162 61 Genre
607 2137 307 67 n'appartient
932 2148 108 52 pas;
1057 2146 190 49 comme
1265 2148 82 50 par
1369 2134 235 68 exemple,
1625 2132 40 67 fi

601 2222 11 13 +
638 2238 8 4 _
