2079 2773
483 116 221 106 falling
711 114 165 107 from
892 118 234 87 Grace.
1533 210 38 8 .
1615 134 96 107 §5

226 244 52 52 Ie
285 238 198 58 teaches
491 242 89 52 the
590 240 214 74 fervants
818 246 57 53 of
890 249 89 52 the
1003 250 137 55 Lord
1152 264 60 40 to
1205 240 133 84 give
1347 240 131 84 dili-
1504 237 115 70 Ufer
1636 259 73 48 ge

188 330 102 34 exce
304 319 50 41 to
367 310 130 61 make
506 310 120 54 their
651 314 168 66 calling
834 316 99 49 and
952 317 186 52 eletion
1149 321 142 67 fare,
1331 320 221 54 andto®
1565 304 81 46 Pet
1654 320 131 34 2.10¢

141 370 138 91 soork
297 370 73 91 out
387 374 121 55 their
502 376 248 70 falvation
762 380 111 53 with
876 384 111 65 fear
997 386 97 51 and
1108 388 262 69 trembling,
1401 390 107 50 be-~

163 443 410 76 eaufeotherwife
585 447 124 67 they
723 465 117 51 may
867 449 213 54 become
1106 454 268 55 unfruirful
1392 456 102 52 and

162 517 196 64 barren,
392 512 99 52 and
510 511 129 53 fo-be
653 515 147 52 taken
817 531 143 54 away
973 517 134 54 from
1120 523 89 52 the
1220 524 141 63 vine;
1373 525 120 66 they
1518 540 93 51 pjil.
1648 561 101 33 3.72

165 583 128 56 mutt
310 581 250 76 therefore
575 580 375 77 givediligence
967 602 59 35 to
1067 590 147 51 make
1247 592 244 51 theircal-
1516 586 109 84 Jon,
1643 580 73 84 15.
1734 583 39 70 2.

165 654 92 67 ing
278 645 99 56 and
389 649 212 52 election
616 648 132 70 fure,
780 650 133 51 forif
929 655 119 65 they
1066 653 53 53 fo
1150 658 206 70 dothey
1375 660 119 52 shall

165 734 154 41 never
332 716 109 62 falls
455 715 126 68 they
597 716 130 53 muft
743 717 159 68 work,
916 721 89 52 the
1018 724 133 50 Lord
1164 726 126 50 doth
1305 728 195 69 require

169 791 63 64 it,
268 783 98 55 and
380 784 146 52 work
539 798 93 37 out
645 783 386 58 theirfalvation
1060 805 92 36 too
1182 792 129 52 with
1326 788 105 58 fear
1448 798 52 47 &

170 849 310 70 trembling
452 843 30 88 ,
517 851 150 53 forto
686 850 113 54 fuch
817 854 89 51 the
932 859 137 52 Lord
1095 861 121 50 hath
1245 861 258 66 promifed
1526 850 80 50 1
1633 855 119 54 64-5.

171 922 76 70 his
261 918 260 71 prefence,
560 920 109 52 thou
695 923 177 51 meetelk
900 924 98 51 him
1025 924 102 51 that
1157 932 216 62 rejoiceth
1410 932 94 50 and

172 986 567 73 workethrighteoufuefe,
772 989 121 66 thofe
924 992 104 51 that
1055 996 239 50 rentenzber
1327 997 98 51 thee
1451 1009 53 38 in

174 1060 59 52 thy
265 1068 162 56 wayes:
443 1055 121 54 God
580 1055 124 52 doth
723 1056 171 70 expect
905 1057 114 54 that
1037 1058 76 52 his
1132 1064 182 68 people
1328 1065 177 51 fhould

173 1078 72 105 be
253 1144 38 35 a
297 1121 204 78 willing
532 1126 214 77 people:
779 1145 29 32 a
831 1128 183 66 people
1042 1128 237 54 fruitful:
1319 1153 27 31 a
1376 1150 126 51 peo-

175 1196 83 67 ple
273 1191 176 71 giving
439 1186 88 87 all
537 1190 264 70 dilltgence
816 1206 58 38 to
896 1196 102 51 add
1022 1210 56 36 to
1103 1197 130 53 their
1242 1195 125 71 faith
1392 1220 107 33 ver-
1532 1214 240 55 2Pet.t.5.6

175 1274 109 41 tue:
304 1259 99 53 and
414 1270 47 38 to
475 1272 154 41 vertue
641 1260 278 68 knowledge,
952 1264 97 50 and
1058 1274 49 39 to
1118 1263 254 70 knowledge
1385 1279 113 39 tent-
1697 1272 91 58 7.3.

176 1345 208 53 perance,
397 1331 153 50 andto
573 1339 269 56 temperance
865 1336 200 58 patience
1081 1369 15 22 ,
1125 1337 93 50 and
1242 1348 50 37 to
1304 1342 201 59 patience

172 1390 254 74 godlinelfe,
440 1396 99 51 and
548 1411 47 35 to
603 1395 236 68 godline/fe
849 1395 223 67 brotherly
1091 1400 246 70 kindneffe,
1350 1400 98 51 and
1457 1411 49 39 to

173 1462 227 65 brotherly
415 1457 220 81 kindneffe
648 1457 198 81 charity,
858 1461 114 53 thus
983 1464 159 70 doiug
1160 1498 16 20 »
1199 1488 56 45 ye
1273 1467 120 66 (hall
1410 1473 98 47 nei-

176 1530 331 55 ther
275 1524 63 83 be
338 1530 160 55 barren
520 1551 84 32 nor
612 1528 267 71 unfruitfiell
899 1537 53 43 in
976 1531 75 52 the
1078 1534 256 68 knowledge
1356 1536 62 67 of
1430 1552 83 35 our

174 1598 127 52 Lord
309 1595 127 73 Jefus
443 1598 158 67 Chrift
615 1614 16 34 :
647 1599 82 50 but
730 1591 63 83 he
803 1596 103 53 that
916 1591 174 83 lacketh
1100 1600 124 69 thefe
1248 1604 188 66 things,
1466 1607 48 44 is

173 1664 149 64 blind,
335 1666 95 50 and
438 1680 167 40 cannot
608 1669 69 66 fez
691 1685 29 29 2
715 1660 83 82 far
804 1660 83 82 off
898 1706 18 26 ,
927 1667 97 51 and
1031 1665 117 54 hath
1155 1675 235 63 forgotten
1402 1670 108 50 that

178 1732 51 55 he
245 1750 94 35 was
350 1737 169 63 purged
517 1740 121 64 fron:
648 1733 73 53 his
730 1733 76 53 old
808 1736 101 65 fizs
925 1751 18 31 :
967 1739 97 50 But
1087 1736 69 53 let
1181 1739 88 50 the
1291 1736 220 55 fervants

181 1802 154 53 ofthe
345 1801 307 67 Lorddofo,
697 1802 99 53 and
823 1802 118 78 they
972 1803 120 54 fhall
1115 1821 159 38 never
1296 1806 90 54 fall
1400 1812 112 46 viz.

178 1871 120 65 give
308 1868 320 69 diligenceto
649 1870 145 50 make
814 1870 133 51 their
974 1869 184 71 calling
1177 1874 98 52 and
1298 1872 211 57 election

177 1938 108 51 fure,
324 1935 69 66 by
422 1935 180 71 giving
628 1934 268 71 dilligence
923 1951 59 37 to
1003 1936 105 54 add
1129 1938 136 65 thefe
1288 1955 68 37 to.
1375 1938 137 53 their

154 1973 158 103 faith,
348 1998 97 77 &e.
969 2065 3 1 |

248 2075 50 49 It
312 2070 229 54 teacheth
553 2071 144 54 them
706 2071 246 54 toefteem
968 2071 181 72 highly
1176 2073 155 53 ofthe
1356 2072 159 53 mini-

178 2140 98 68 fery
292 2138 65 52 of
360 2137 186 71 Chrift,
573 2140 103 54 and
704 2139 56 53 fo
782 2139 364 71 confequently
1161 2141 57 52 of
1244 2141 82 54 his
1355 2140 159 52 mini-
1533 2123 95 70 U/e
1661 2143 40 47 +

155 2200 160 81 fters,
324 2200 102 81 who
451 2223 84 37 are
545 2204 70 55 fet
624 2223 126 41 over
759 2208 137 54 them
910 2227 51 34 as
974 2208 131 54 their
1117 2209 165 55 feeders,
1288 2210 229 67 know-

178 2275 93 69 ing
283 2275 114 51 that
407 2272 355 73 withoutthey
772 2275 193 62 arefed,
999 2277 120 66 they
1132 2295 118 49 may
1274 2278 125 65 pine
1417 2276 102 52 and

181 2342 164 55 and{o
359 2340 108 73 die,
476 2342 99 54 this
587 2342 44 53 is
642 2360 30 36 a
685 2334 124 79 duty
819 2343 109 55 that
940 2343 89 57 the
1046 2343 139 56 Lord
1189 2346 131 51 doth
1309 2329 215 138 enjoin

1474 2425 60 36 is.
