2059 2773
437 79 700 184 Falling
707 83 872 181 from
887 83 1119 163 Grace.

1358 2433 1468 2490 faih

403 197 482 248 for
495 197 771 249 correion
788 244 801 263 ,
837 202 913 252 for
928 201 1213 254 inruion
1233 204 1282 255 in
1294 204 1371 274 rig
1386 206 1442 257 h
136 196 346 270 reproof
353 236 368 258 ,

136 266 400 323 teounee
415 265 625 334 [mark]
640 268 742 316 that
758 269 849 317 the
875 288 988 321 man
1015 274 1071 321 of
1098 273 1216 326 God
1245 291 1355 342 may
1388 280 1449 323 be

137 336 338 408 perfe,
348 335 655 401 thoroughly
679 334 927 387 furnihed
1310 343 1449 408 good
1120 357 1267 407 every
960 355 1083 390 unto

136 402 294 460 work,
324 418 349 450 2
367 411 480 451 Tim.
499 419 543 452 2.
567 401 644 454 16.
680 420 751 465 17,
779 402 884 454 this
920 406 1166 472 powerful
1199 417 1343 458 word
1356 412 1449 459 the

138 474 388 539 Scripture
406 468 528 520 faith
546 467 585 519 is
601 470 662 519 of
668 470 760 520 this
1133 489 1189 526 to
1221 477 1307 528 the
1334 494 1445 544 per
776 472 1046 541 tendancy,
1056 491 1106 524 as

134 541 312 606 feing
325 537 390 587 of
397 538 484 588 the
502 555 616 587 man
634 537 694 590 of
708 540 845 607 God,
874 545 982 592 Paul
993 543 1239 593 therefore
1255 544 1449 597 labour

134 610 192 663 ed
210 608 262 660 in
276 607 361 657 the
380 608 522 656 word
541 607 632 656 Col.
644 623 683 658 .
703 609 855 675 28.29.
876 611 1037 659 David
1309 612 1451 662 word
1052 606 1293 681 aith,thy

135 681 261 730 have
277 677 300 724 I
313 674 399 727 hid
416 673 466 726 in
481 691 569 741 my
861 679 882 727 I
899 676 1058 744 might
1070 693 1159 729 not
1174 679 1241 730 n
1264 680 1453 749 again
580 673 842 734 heart,that

134 748 243 797 thee
254 744 539 811 Pal.119.11.
555 744 654 794 and
665 748 826 809 again,
838 745 927 811 thy
946 748 1093 796 wor
1104 745 1143 796 is
1157 766 1183 796 a
1200 748 1337 815 lamp
1360 767 1455 798 un

135 827 189 863 to
218 828 308 877 my
338 809 457 875 feet,
481 808 580 858 and
599 828 626 858 a
657 807 783 875 light
808 826 939 862 unto
949 830 1032 878 my
1047 814 1219 874 pathes
1231 835 1324 865 ver.
1342 832 1449 877 105.

135 882 247 930 thus
261 894 366 944 you
379 877 454 927 ee
470 874 604 925 what
618 874 659 926 it
674 874 714 925 is
728 875 791 946 by
809 876 976 930 which
992 897 1068 930 we
1078 898 1161 931 are
1175 881 1318 949 kept,
1343 902 1450 932 viz

135 948 205 999 his
430 943 469 995 it
482 941 519 993 is
534 942 677 996 Gods
692 962 861 1011 power
873 988 890 1013 ,
927 963 986 996 or
1000 951 1246 1014 powerful
1278 969 1450 1001 means
218 944 366 997 word
383 980 397 997 ,

139 2368 355 2423 without
378 2367 506 2421 faith
527 2370 629 2434 &c,
683 2385 804 2423 now
818 2369 939 2441 they
982 2372 1091 2424 that
1124 2373 1213 2427 fall
1233 2374 1364 2424 from
1376 2367 1465 2420 the

134 1018 197 1084 by
211 1011 381 1065 which
395 1013 457 1062 he
468 1012 618 1079 keeps
631 1011 767 1063 thoe
785 1014 892 1065 that
907 1032 983 1067 are
1003 1017 1141 1084 kept.
1156 1022 1292 1070 Now
1306 1020 1449 1068 there

135 1085 173 1136 is
190 1100 252 1133 an
271 1077 584 1131 inheritance
594 1078 815 1133 reerved
834 1080 884 1132 in
898 1084 982 1134 the
999 1083 1211 1137 heavens
1223 1087 1301 1137 for
1315 1088 1449 1137 them

136 1153 245 1201 that
271 1166 351 1199 are
380 1150 504 1215 kept
528 1150 590 1214 by
622 1147 720 1199 this
747 1152 883 1200 word
901 1151 1003 1219 (by
1022 1153 1097 1203 his
1128 1159 1336 1221 power)
1353 1153 1449 1205 and

137 1221 203 1270 do
216 1231 307 1266 not
324 1231 438 1267 turn
451 1218 580 1266 from
599 1214 674 1267 his
687 1220 1130 1284 commandments,
1146 1242 1194 1272 as
1210 1224 1348 1272 ome
1381 1223 1451 1271 do

142 1308 164 1336 2
187 1290 276 1334 Pet.
303 1298 345 1349 2,
363 1299 437 1347 19.
475 1298 550 1335 20.
585 1290 656 1335 26.
686 1286 805 1336 who
838 1284 891 1335 o
918 1286 1171 1353 depieth
1201 1292 1287 1340 the
1304 1288 1452 1340 word

137 1352 246 1403 hall
261 1351 321 1401 be
333 1349 597 1416 deroyed
612 1393 628 1418 ,
661 1351 727 1400 he
743 1352 845 1402 that
858 1354 1043 1407 feareth
1076 1358 1161 1408 the
1186 1372 1453 1407 comman

137 1421 332 1470 dement
347 1419 461 1470 hall
474 1418 535 1469 be
548 1418 801 1472 rewarded
820 1425 950 1471 Prov.
1001 1442 1076 1491 13.
1098 1441 1160 1488 13.
1201 1423 1455 1475 therefore

139 1507 190 1539 as
216 1488 302 1537 the
324 1485 414 1534 re
441 1486 718 1537 devoureth
746 1487 831 1538 the
861 1489 1071 1553 ubble,
1094 1493 1189 1543 and
1208 1493 1291 1541 the
1306 1492 1457 1541 ame

138 1552 427 1605 conumeth
444 1556 528 1605 the
544 1553 692 1621 cha,
710 1554 758 1603 o
774 1555 905 1605 their
919 1573 1036 1609 root
1055 1560 1169 1610 hall
1187 1560 1248 1609 be
1264 1574 1457 1609 rotten

332 1621 426 1670 and
448 1621 579 1672 their
603 1620 843 1671 bloome
857 1623 973 1674 hall
989 1644 1062 1692 go
1076 1644 1145 1694 up
1166 1645 1213 1679 as
1232 1627 1356 1692 du,
1370 1626 1455 1674 be
138 1622 268 1671 nee
277 1663 294 1688 ,

137 1689 274 1740 caue
289 1690 403 1755 they
419 1689 548 1740 have
565 1691 662 1739 ca
681 1706 817 1755 away
834 1692 922 1740 the
937 1694 1038 1743 law
1236 1695 1371 1745 Lord
1402 1691 1470 1740 of
1052 1696 1112 1744 of
1120 1696 1207 1745 the

345 1756 441 1806 and
456 1754 674 1823 depied
700 1757 784 1805 the
817 1762 961 1810 word
1164 1763 1280 1820 holy
1297 1779 1391 1810 one
1406 1758 1469 1807 of
978 1761 1042 1809 of
1044 1764 1135 1811 the
137 1759 279 1808 Hos
293 1798 308 1822 ,

337 1824 586 1875 therefore
601 1822 643 1873 is
916 1827 979 1877 of
986 1829 1069 1877 the
1086 1829 1222 1881 Lord
1247 1827 1457 1879 kindled
656 1824 742 1873 the
752 1840 903 1890 anger
137 1825 275 1891 Irael
289 1864 304 1889 ,

135 1892 320 1962 again
333 1893 408 1943 his
426 1893 608 1959 people
621 1893 716 1942 &c.
737 1891 817 1957 Ia.
842 1908 882 1952 5.
905 1914 977 1956 24.
1003 1911 1076 1960 25.
1112 1909 1242 1949 Mat.
1274 1913 1345 1950 10.
1373 1913 1455 1961 23.

135 1963 284 2022 Mark
292 1963 438 2026 8.38.
455 1977 567 2010 men
586 1960 692 2010 that
702 1958 888 2025 depie
925 1965 1015 2014 the
1060 1964 1230 2030 word,
1256 1965 1440 2031 dipie

136 2031 221 2079 the
233 2046 408 2096 power
647 2047 696 2078 as
710 2027 826 2077 hath
852 2027 974 2080 been
990 2030 1308 2096 hewed,and
1322 2031 1462 2082 ther
420 2027 484 2077 of
491 2029 627 2078 God,

137 2099 245 2147 fore
258 2099 299 2146 it
315 2097 355 2144 is
368 2092 593 2161 through
611 2093 752 2147 faith,
767 2093 865 2145 this
895 2113 1068 2159 power
1090 2100 1271 2165 keepes
1294 2119 1377 2164 us,
1416 2113 1465 2147 as

136 2176 255 2216 Peter
267 2164 406 2216 there
427 2161 552 2214 aith
568 2181 584 2211 1
610 2174 696 2213 Pet.
704 2159 875 2221 1.5.but
885 2162 1025 2217 ome
1236 2166 1345 2221 mix
1374 2165 1467 2215 the
1040 2167 1209 2218 donot

137 2232 282 2285 word
310 2231 436 2284 with
470 2228 593 2282 faith
610 2271 625 2296 ,
673 2230 767 2282 and
794 2228 847 2280 o
892 2250 975 2283 are
1006 2250 1095 2286 not
1117 2235 1241 2304 kept
1263 2237 1332 2303 by
1366 2232 1457 2283 the

136 2317 305 2369 power
349 2301 409 2351 of
429 2299 566 2366 God,
629 2297 710 2350 for
725 2297 761 2349 it
774 2297 813 2348 is
826 2300 1047 2370 through
1062 2302 1187 2356 faith
1200 2346 1218 2370 ,
1251 2302 1353 2355 and
1371 2311 1464 2350 not

1556 116 1635 189 13
