2077 2773
482 5 65 12 ee
554 10 54 7 eee
615 0 34 26 ng
679 4 15 10 deine

465 96 264 111 Falling
734 95 168 106 from
914 94 233 93 Grace,

158 219 153 71 thefe,
339 219 112 69 They
461 232 119 39 went
592 233 76 37 ont
673 223 125 61 from
809 234 89 46 ws,
937 222 81 65 but
1031 220 98 71 they
1142 240 111 35 were
1264 235 85 40 not
1356 226 65 67 of
1418 239 57 36 ws

155 297 80 70 for
246 296 55 63 if
300 292 99 63 they
411 286 93 54 bad
517 290 105 48 been
634 299 50 55 of
691 295 62 40 us
766 327 20 24 ,
813 286 100 67 they
925 290 151 51 would
1101 308 61 34 no
1188 290 141 52 doubt
1360 293 118 50 have

161 358 241 53 continued
411 361 113 46 with
535 373 70 36 ws.
625 355 79 49 but
720 353 95 65 they
830 367 120 38 went
963 368 78 38 ont
1047 360 129 65 from
1189 376 54 35 us
1257 359 103 50 that
1376 359 99 66 they

162 426 141 66 aright
321 427 48 44 be
383 424 134 49 made
528 420 211 76 uianifeft
752 421 98 48 that
863 422 98 65 they
972 439 114 36 were
1096 437 82 38 not
1194 424 65 50 all
1264 426 59 66 of
1324 446 72 32 ws.

229 491 160 56 What
406 489 128 51 doth
560 490 210 50 thistext
790 501 156 53 prove
957 490 113 53 that
1093 489 241 55 believers
1358 507 119 38 can-

159 559 194 54 nottall
369 572 145 51 away
537 556 23 49 ?
593 572 60 33 or
667 557 125 50 doth
808 554 39 52 it
866 571 156 51 prove
1044 558 110 51 that
1184 556 139 53 fome
1347 560 132 50 have

161 629 151 50 failen
329 625 177 66 away?
540 620 105 52 fure
665 622 41 53 ic
722 622 162 52 rather
895 638 181 50 proves
1089 625 248 51 thelatter
1359 626 119 49 then

163 696 87 52 the
264 690 415 70 former,for.they
697 707 127 36 were
841 690 124 52 with
982 693 140 51 them
1137 694 99 49 and
1250 694 124 67 they
1386 693 93 50 did

163 761 317 70 gooutfrom
500 759 157 51 them.

235 829 155 53 Butit
398 843 114 49 may
540 827 63 48 be
615 826 256 68 objected,
904 826 108 51 that
1030 827 117 68 they
1160 843 154 37 never
1342 841 136 37 were

161 894 66 53 of
231 897 158 62 them,
411 891 489 71 andthereforethey
912 909 140 37 went
1064 909 91 37 out
1168 903 131 42 trum
1314 896 173 64 them,.

162 964 55 49 fu
231 963 108 50 chat
356 961 117 65 they
489 959 331 52 fellnotfrom
836 963 86 50 the
935 958 127 53 faith
1078 960 92 52 but
1184 961 134 50 from
1333 981 28 31 a
1375 962 101 48 tee-

163 1028 142 68 ming
314 1025 145 55 taith,

236 1100 20 46 I
283 1095 206 66 an{wer,
497 1093 113 62 that
627 1094 118 68 they
755 1109 156 39 never:
921 1110 128 37 were
1062 1094 62 51 of
1127 1096 137 50 them
1276 1094 204 52 thetext

162 1164 133 53 doth
308 1178 90 36 nox
416 1163 76 66 fay
497 1160 96 68 for
605 1164 119 50 then
736 1166 112 65 they
866 1165 167 50 would
1046 1180 152 35 never
1213 1163 128 51 have
1352 1161 129 54 been

165 1233 125 52 with
309 1226 156 55 them.

230 1300 187 65 Again,
443 1296 145 52 when
613 1296 126 70 they
759 1311 132 37 went
920 1313 89 35 out
1023 1294 147 53 from
1192 1296 142 63 them
1360 1300 123 59 they

171 1381 133 38 were
317 1362 171 53 novof
493 1364 139 50 them
645 1376 26 38 J
676 1377 150 55 grant,
835 1365 96 49 but
936 1357 112 79 that
1062 1365 116 67 they
1190 1361 151 54 never
1355 1381 131 33 were

170 1432 61 52 ef
240 1431 176 51 themI
427 1430 131 67 deny
574 1471 19 27 ,
625 1431 143 52 thofe
780 1433 110 49 that
905 1432 177 65 depart
1097 1431 132 51 from
1243 1434 89 47 the
1353 1430 130 53 tuith

170 1517 81 37 are
263 1512 90 39 not
350 1486 79 82 of
432 1498 150 50 thote
603 1498 111 51 that
726 1497 398 67 keepthetaith:
1163 1498 119 66 they
1296 1498 106 50 thar
1417 1514 71 50 go

167 1573 133 47 from
317 1564 87 53 the
418 1564 257 53 Churches
689 1565 248 52 a*enotof
954 1568 140 48 them
1110 1566 110 51 that
1235 1563 253 63 continue

172 1635 133 52 with
318 1634 89 50 the
419 1633 288 65 Churches,
740 1631 83 51 but
842 1650 15 34 i
865 1632 98 68 hey
974 1631 128 52 have
1114 1630 228 52 received
1364 1648 122 34 ano-

172 1702 113 51 ther
289 1698 166 71 fpirit,
488 1710 92 40 oz
607 1699 87 52 the
705 1697 215 69 fpricuf
930 1695 292 71 Ancichift,
1232 1695 105 53 and
1351 1698 135 50 ther-

171 1770 109 51 fore
297 1771 120 66 they
428 1783 101 52 goc
543 1779 58 37 ut
611 1765 134 53 from
751 1768 138 52 them
902 1767 110 50 that
1024 1782 85 35 are
1120 1766 145 49 ofthe
1280 1761 142 71 {pi-it
1432 1762 66 53 of

173 1834 195 57 Chrift:
407 1835 336 67 butthatthey
758 1849 150 36 never
923 1849 127 36 were
1065 1837 55 45 of
1134 1833 151 64 them,
1294 1832 40 52 Is
1348 1848 142 34 more

171 1903 125 52 then
308 1903 87 65 the
401 1915 104 38 text
515 1900 106 52 will
633 1918 173 51 prove:
830 1901 88 52 the
929 1899 205 69 Apoftle
1159 1900 174 51 tileth
1347 1898 140 51 chem

171 1969 57 53 in
240 1971 215 58 verfe18.
460 1970 271 51 thatthere
746 1986 77 34 are
835 1984 152 53 many
1000 1964 328 61 An:ichrifts,
1363 1965 124 66 they

173 2036 128 53 faith
312 2037 66 50 he
393 2053 136 35 went
540 2052 88 35 out
643 2038 128 49 from
786 2053 82 34 us.
908 2043 96 43 07%.
1025 2034 147 50 thole
1182 2043 129 41 Aviz
1323 2030 169 66 brifts,

174 2106 270 64 according
452 2103 155 52 tothe
618 2103 202 65 Apole
834 2102 107 51 Ads
957 2118 79 36 20.
1044 2097 104 55 alfo
1157 2104 57 45 ct
1226 2116 127 35 your
1363 2114 123 35 own

174 2167 159 57 {elves
358 2169 119 53 fhall
501 2187 116 34 men
640 2167 165 58 arife(
818 2168 133 61 mark
962 2162 127 63 well)
1138 2168 56 50 of
1220 2184 126 50 your
1361 2178 141 37 own:

176 2235 176 72 felves,
383 2235 143 54 thofe
542 2232 371 62 werecfthem,
946 2235 101 54 and
1057 2232 114 64 they
1188 2234 118 52 fhall
1326 2228 158 75 {peak

179 2303 404 75 perverfethings
599 2320 58 39 to
672 2304 132 59 draw
818 2300 234 74 difciples
1064 2311 131 47 atter
1203 2307 154 60 chem,
1366 2297 137 77 thus.

1450 2378 68 38 ts>
