1934 2773
325 120 86 75 28
860 124 77 75 A
957 123 276 111 Treatife
1267 134 303 113 touching

355 291 89 12 .50.
468 269 44 36 2,
541 237 115 65 fay,
688 240 42 53 is
758 260 51 34 my
875 262 177 50 power
1079 250 226 71 leflened,
1352 259 124 56 thon
1498 263 120 52 thalt
1645 264 82 51 fee
1746 282 118 38 now

252 256 176 119 see
541 253 200 123 whether
742 258 125 126 my
884 315 143 53 word
1041 317 122 53 fhall
1174 338 209 39 cometo
1409 329 131 67 paffe
1573 345 128 39 unto
1723 334 134 62 thee,

538 388 61 35 Of
628 391 126 37 not:
777 397 149 35 now
950 386 270 67 confider,
1254 391 87 51 the
1362 398 158 52 Lords
1539 398 137 54 hand
1699 399 163 72 being

537 441 78 66 his
625 462 203 51 power,
872 450 225 53 whether
1108 455 67 52 he
1189 457 130 59 doth
1334 478 88 37 not
1441 464 142 53 fetto
1614 465 79 53 his
1721 469 140 53 hand

534 523 56 35 to
606 513 146 51 thofe
764 513 108 53 that
886 517 68 52 do
966 519 84 53 fall
1074 521 166 54 tothis
1256 528 129 71 end,
1424 534 110 52 that
1550 537 118 66 they
1686 536 162 71 might

531 593 93 36 not
637 581 85 51 fall
742 595 57 37 to
814 585 302 56 deftruction
1133 629 15 22 ,
1172 590 78 52 fee
1266 593 94 69 Jer.
1380 615 44 37 2.
1445 619 118 50 5.-3.
1588 621 73 44 125
1685 623 14 32 4
1707 621 142 55 3514.

528 661 112 34 com
646 648 154 66 pared
813 650 126 55 with
955 664 388 62 Row.10.:0,21.

597 716 162 64 Again
777 734 75 33 we
864 721 127 50 have
1007 724 190 55 fhewed
1214 730 136 52 what
1370 735 144 52 Gods
1530 754 176 49 power
1719 739 144 67 is,by

526 779 174 53 which
723 785 63 49 he
817 786 157 68 keeps
1001 809 113 34 men
1147 794 312 58 to/alvation
1474 802 226 70 through
1718 807 130 55 faith

527 846 50 51 in
594 849 85 49 the
697 849 192 54 anfwer
906 858 157 51 tothe
1078 859 181 55 fecond
1276 869 299 67 Argument,
1609 885 55 37 to
1680 874 165 55 which

253 940 109 44 1Per,
399 957 19 30 x,
490 979 7 9 ,
527 915 23 48 1
578 914 125 51 refer
732 919 233 64 youfora
998 942 140 35 more
1170 928 94 53 full
1295 933 189 54 anfwer
1506 952 58 37 to
1588 939 144 79 this
1714 935 30 87 5
1762 945 86 50 the

247 959 103 116 Efay
364 959 160 116 51.2,
528 996 175 49 Power
718 982 57 53 of
792 982 136 75 God,
941 993 179 52 ashath
1143 995 127 53 been
1290 1000 216 71 fkewed,
1521 1005 68 67 by
1600 1009 172 73 which
1785 1012 65 52 he

252 1073 149 45 23,4,
490 1050 10 13 |
523 1047 341 69 keepcthmen,
930 1074 59 33 or
1004 1061 76 51 his
1094 1062 132 52 hand
1241 1066 64 51 he
1321 1067 89 52 fets
1439 1073 315 54 tobelievers
1786 1093 66 37 to

525 1114 86 50 the
634 1120 227 65 endthey
884 1123 165 68 might
1075 1143 94 37 not
1188 1130 84 51 fall
1303 1146 59 38 to
1373 1135 299 57 deftru@ion
1680 1142 171 66 5is-his
1876 1197 3 1 |

526 1181 145 51 word
685 1183 165 54 which
865 1187 136 54 isthe
1012 1196 262 64 powerfull
1291 1204 288 53 meansthat
1605 1210 68 49 he
1702 1208 142 55 ufeth

524 1249 312 68 tothatend,
872 1255 52 52 in
942 1260 162 52 which
1123 1268 237 50 meanshe
1374 1270 40 51 is
1428 1285 92 38 not
1546 1275 229 73 wanting
1785 1293 67 38 to.

526 1334 95 51 any
634 1315 107 53 that
758 1320 194 56 dofall:
987 1327 175 55 forthe
1174 1333 196 55 Reafon
1384 1339 65 51 of
1453 1338 127 52 their
1593 1341 87 54 fall
1697 1346 39 50 is
1749 1359 94 38 not

238 1372 161 63 Jet.t7.
430 1389 69 44 23.
524 1383 305 55 becaufethe
843 1391 135 53 Lord
994 1394 41 53 is
1047 1399 287 69 wantingin
1360 1407 88 51 the
1474 1426 228 54 meanes,
1733 1413 112 54 but

241 1435 172 58 Zach.7.
430 1448 134 52 11.9
580 1451 143 53 saufe
739 1454 114 67 they
869 1462 150 64 reject
1031 1464 79 52 his
1128 1470 165 50 word.

247 1506 70 31 ¥2.
591 1520 143 51 Thus
747 1521 148 54 isthis
906 1533 282 66 Argument
1197 1536 160 54 found
1374 1545 87 46 too
1478 1539 153 72 light:
1646 1564 122 39 now
1784 1561 65 40 to

519 1585 88 51 the
621 1602 142 36 next.
1070 1639 3 2 |

297 1648 197 59 4rg.iz.
592 1651 255 56 Therath.
879 1661 282 66 Argument
1173 1667 207 55 istaken
1391 1671 130 54 from
1535 1678 131 54 thefe
1654 1678 190 77 words

519 1718 90 52 The
632 1721 114 63 path
762 1723 65 65 of
842 1724 99 68 Jule
965 1732 102 51 men
1083 1741 43 43 is
1139 1734 354 73 Willincreafing
1505 1745 98 47 and
1617 1757 226 61 growing,

521 1785 219 67 therefore
750 1789 99 68 they
864 1810 167 41 cannot
1046 1801 160 67 totally
1223 1822 87 32 nor
1313 1807 163 68 firally
1480 1810 96 66 fall
1585 1831 123 51 away
1724 1820 118 67 Plab,

521 1867 43 39 ¥.
597 1854 96 52 &e,
1011 1878 2 2 |
1311 1870 20 78 Co

300 1952 49 50 A
591 1923 119 49 Men
725 1921 111 55 that
847 1944 85 35 are
947 1930 205 70 juftand
1169 1936 393 63 focontinueare
1584 1947 104 55 like
1708 1967 137 40 unto

520 2001 148 38 atree
679 1989 112 53 that
803 1991 43 52 is
855 1997 209 63 planted
1079 2002 65 69 by
1156 2006 89 51 the
1259 2007 185 55 Rivers
1458 2014 62 50 of
1528 2030 191 57 waters,
1730 2023 106 50 that
1882 2041 6 14 -

518 2053 235 70 bringeth
775 2057 152 55 forth.
944 2064 80 53 his
1046 2068 121 56 fruit
1196 2072 53 53 in
1262 2049 71 91 his
1345 2075 177 55 feafon
1540 2118 14 25 »
1588 2084 109 51 and
1718 2088 119 69 they

514 2121 107 52 that
646 2123 70 50 do
740 2123 54 52 fo
819 2130 24 48 I
866 2145 142 50 grant
1024 2143 183 48 cannot
1221 2140 83 52 fall
1315 2146 186 69 totally
1514 2151 96 51 and
1628 2151 172 72 finally
1817 2174 20 32 :

512 2187 94 53 but
638 2190 135 52 what
802 2192 42 53 is
863 2196 171 56 thisto
1063 2215 164 58 prove
1240 2210 84 52 the
1340 2211 238 58 affertion
1592 2239 23 31 ;
1654 2223 127 53 doth
1793 2227 43 48 it

508 2255 224 52 therfore
762 2258 178 81 follow
955 2269 109 52 that
1096 2274 94 65 jaft
1203 2293 111 39 men
1328 2288 178 47 cannot
1522 2282 208 71 become
1743 2308 96 35 un-

505 2323 134 68 juft,
685 2323 67 71 by
779 2328 135 55 their
929 2319 273 99 forgetting
1211 2345 115 69 they
1342 2365 130 38 were
1482 2369 132 36 once
1638 2350 190 129 purged

1028 2451 2 2 |
1672 2472 8 22 _
1723 2443 113 36 from
