1936 2773
311 129 91 99 36
867 129 74 76 A
968 126 280 103 Treatife
1267 129 291 108 touching

516 245 134 55 their
683 246 181 55 Rulers
893 287 18 26 ,
957 250 100 51 and
1095 248 132 52 their
1263 246 261 69 brethren,
1541 248 97 53 and
1651 251 222 60 hardcns

516 315 153 51 them
696 314 188 69 againft
913 317 86 49 the
1033 317 196 65 danger
1252 314 118 51 laid
1400 315 172 52 before
1608 318 138 52 them
1781 324 86 52 ‘for

517 381 131 52 their
666 381 93 51 foc
770 386 139 64 oing,
932 383 200 51 andthe
1144 382 316 67 judgements
1474 383 98 50 and
1588 384 209 71 feverity
1811 394 64 50 of

519 446 122 56 God
655 447 189 69 againft
861 453 136 49 them
1013 451 108 51 that
1137 450 53 50 fo
1205 451 69 50 do
1290 469 20 30 -
1338 448 82 51 for
1438 448 293 58 ifbelievers
1746 474 115 36 can-

515 531 95 36 not
628 515 86 54 fall
725 516 133 55 from
875 535 169 52 grace,
1083 518 120 54 then
1222 525 117 60 may
1353 519 122 66 they
1506 518 156 71 flight
1693 540 167 51 repre.

511 583 346 69 henfions,and
871 586 97 68 fay,
981 589 121 50 take
1113 603 67 34 no
1196 602 110 34 care
1317 584 79 50 for
1406 604 96 48 me,
1518 587 179 55 Iknow
1713 594 22 48 I
1756 592 97 53 thal

514 668 150 36 never
676 652 65 52 fal
754 655 176 65 totally
951 691 14 22 ,
980 656 99 49 and
1095 652 174 64 finally
1284 693 15 22 ,
1311 653 251 53 therefore
1579 658 82 49 tell
1675 673 93 37 not
1786 679 79 34 me

520 719 152 51 ofthe
687 719 183 66 danger
886 721 107 50 that
1011 720 58 67 ts,
1083 725 21 47 I
1118 722 165 49 know
1309 736 136 33 none
1470 724 139 48 there
1623 722 69 70 is,
1707 743 68 34 no
1786 726 69 53 fe-

512 787 173 65 verity
712 787 50 50 in
781 786 303 67 Godagain{t
1097 806 96 41 me,
1212 789 78 48 for
1304 803 86 49 my
1410 785 94 56 fins
1517 805 84 33 are
1618 779 240 77 pardon’d

516 854 99 52 and
635 854 112 50 fhall
765 869 147 36 never
924 855 64 50 be
1001 851 171 55 laidto
1188 872 86 50 my
1291 853 197 68 charge,
1502 856 121 51 God
1639 859 104 52 will
1756 875 96 36 not

517 934 141 38 enter
670 921 113 53 into
796 921 298 70 judgement
1112 920 126 52 with
1256 929 110 57 me,
1382 921 90 69 fay
1484 939 105 51 vou
1603 923 135 54 what
1753 935 105 58 you

503 987 153 65 will:
685 989 117 52 thus
819 1007 119 49 may
957 988 283 68 diforderly
1255 987 197 69 perfons
1469 988 66 52 be
1546 990 228 53 hardned
1802 1014 55 32 a-

470 1110 3 3 _
519 1055 561 70 gainftreprehenfions,
1093 1058 48 52 if
1147 1057 235 53 belicvers
1395 1072 187 37 cannot
1607 1059 88 53 fall
1722 1060 132 55 from

520 1117 160 78 grace.
885 1160 3 2 |
1218 1152 69 34 _
1740 1184 3 2 |

243 1211 186 57 ‘Abfurd,
458 1218 43 44 3,
534 1185 44 87 _
588 1194 44 47 We
650 1190 281 53 hardeneth
945 1191 138 52 them
1097 1189 103 54 alfo
1214 1190 194 67 againft
1418 1192 200 54 Church
1639 1193 229 70 cenfures,

435 1261 2 2 _
518 1257 106 51 that
649 1275 83 34 are
769 1258 263 52 fentenced
1072 1259 80 50 for
1177 1256 133 52 thcir
1350 1257 379 71 impenitency,
1776 1263 81 51 for

519 1326 131 51 what
675 1324 104 52 will
797 1324 119 68 they
930 1324 83 69 fay
1029 1363 16 22 ,
1072 1325 134 51 what
1221 1324 127 51 need
1362 1326 24 49 I
1406 1339 178 38 matter
1596 1344 130 48 your
1738 1344 115 36 cen-

521 1390 353 71 fures?though
888 1411 103 47 you
1008 1389 435 54 excommunicate
1454 1399 202 58 me,and
1671 1394 97 53 caft
1781 1416 77 31 me

521 1473 93 38 out
643 1457 133 53 from
803 1476 102 50 you
936 1501 16 24 ,
991 1474 87 56 yet
1109 1461 22 48 I
1155 1459 156 49 know
1339 1460 120 54 God
1483 1460 111 54 will
1633 1477 123 52 not,
1778 1463 82 51 for

518 1528 65 50 he
601 1527 212 51 willnot
826 1524 312 68 forfakeme,
1179 1529 22 47 I
1236 1526 118 52 fhall
1383 1541 95 37 not
1509 1527 62 52 be
1595 1527 260 70 feperated

521 1594 133 51 from
667 1592 125 67 him,
802 1591 80 53 for
899 1592 221 66 nothing
1148 1611 89 32 can
1260 1593 70 51 do
1356 1593 126 51 that.
1554 1596 145 51 Thus
1728 1596 126 52 doth

522 1663 100 51 this
632 1660 228 53 doctrine
872 1659 62 51 of
940 1658 349 70 impoffibility
1310 1662 55 48 of
1376 1660 177 69 falling
1563 1662 131 53 from
1713 1681 144 49 grace

522 1729 188 53 harden
728 1725 310 70 impenitent
1053 1727 144 51 finers
1210 1726 186 69 againft
1412 1730 204 52 Church
1632 1730 223 54 cenfures

522 1796 171 54 which
708 1813 82 35 are
801 1795 209 68 ratifyed
1021 1796 52 48 in
1089 1791 206 79 heaven,
1294 1798 378 68 Aéat.18.t3.by
1689 1799 168 53 Chrift

518 1861 211 56 himfelf.
1101 1898 2 3 :
1584 1913 3 3 |

590 1936 46 46 It
658 1927 141 68 gives
825 1933 152 48 Satan
1000 1947 60 33 an
1085 1929 279 68 advantage
1376 1931 189 65 againft
1589 1931 264 67 believers,

521 1999 151 51 when
685 1997 64 50 he
759 2006 162 54 tevepts
935 1997 121 51 theza
1071 2008 58 36 to
1143 1995 69 52 fin
1231 1999 64 49 he
1306 2015 89 33 can
1415 1998 125 51 back
1554 1997 39 52 it
1609 1999 125 52 with
1749 1998 105 52 this

519 2077 442 52 encouragement,
976 2070 102 44 722.
1095 2061 41 54 It
1150 2062 334 69 isimpoffible
1495 2079 57 36 to
1574 2064 115 58 fall,
1728 2067 126 51 with
1888 2073 5 4 |

519 2131 99 52 this
629 2129 108 53 bait
749 2131 62 49 he
823 2128 235 54 deceived
1071 2138 109 60 Fue,
1206 2131 193 52 andthe
1414 2136 207 63 Serpent
1638 2128 104 56 faid
1757 2145 97 39 un-

244 2221 132 56 Gen.3
394 2234 46 43 4,
459 2239 42 43 s.
521 2212 56 51 tO
594 2201 85 48 the
692 2212 204 38 woman
909 2213 63 48 ye
985 2198 117 57 fhall
1119 2211 94 38 not
1229 2198 160 69 furely
1403 2201 97 63 dy,
1545 2198 97 52 and
1660 2193 107 93 thus
1784 2201 68 57 he

443 2267 28 35 =
522 2264 242 63 deceived
777 2262 171 61 her;fo
962 2266 36 47 it
1015 2263 331 65 isimpoffible
1361 2279 57 38 to
1429 2265 90 65 fal,
1530 2283 111 48 may
1659 2266 67 50 he
1739 2264 105 67 fay,

520 2329 369 54 thereforeeate
901 2329 385 71 ,takedelight,
1343 2330 112 57 feek
1467 2330 140 55 after
1598 2324 250 130 plealuze

544 2392 59 78 Oo
1753 2415 65 37 an:

241 411 150 48 Rom,
402 424 98 38 21.23.

242 1908 187 60 Abfurd.
456 1927 45 41 9.
