1955 2773
360 97 51 81 8

845 92 383 106 ATreatife
1263 86 291 107 touching

542 227 168 55 which
723 226 133 55 have
869 218 163 55 union
1043 217 123 54 with
1182 211 167 58 Chrift
1362 210 114 70 may
1490 207 93 63 fall
1599 205 132 55 from
1747 207 41 54 it
1800 207 70 69 by

542 312 91 35 not
650 292 216 68 holding
892 288 90 53 faft
1005 303 133 36 unto
1164 284 92 50 the
1282 279 127 52 end:
1450 291 88 55 yet
1566 276 119 53 God
1714 294 154 35 never

541 366 91 50 the
646 378 143 38 more
800 354 308 71 changeable
1124 349 202 56 becaufe
1345 344 341 72 juftification,
1709 344 158 52 union

544 432 99 53 and
657 427 254 63 falvation.
925 442 85 35 are
1023 418 406 67 Conditionall,as
1440 413 122 54 hath
1580 413 124 51 been
1718 412 152 54 fhew-

545 499 96 61 ed:
670 499 130 53 God
814 495 122 54 hath
955 493 173 53 bound
1142 486 203 56 himfelf
1367 484 113 65 (asI
1514 498 116 49 may
1671 478 122 72 fay
1748 474 46 90 )
1814 497 54 36 to

547 550 113 93 give
659 550 103 93 life
776 582 58 36 to
848 560 383 65 overcomming
1256 554 198 54 Saints:
1492 550 92 51 but
1599 550 146 68 itany
1758 568 114 34 man

547 642 139 49 draw
701 633 130 56 back
845 631 81 54 his
946 630 102 53 foul
1065 629 115 52 fhall
1197 633 208 44 haveno
1418 615 221 63 pleafure
1656 617 52 52 in
1737 618 127 68 him,

547 711 107 48 Heb.
674 719 170 50 10.39.
882 699 195 54 hehath
1107 692 267 74 promifed
1393 688 79 54 his
1498 684 213 69 bleffing
1739 700 128 38 unto

547 774 220 54 fruitfull
784 767 307 55 branchesin
1120 763 201 56 Chrift:
1370 760 92 50 but
1485 752 244 56 fruitleff2
1750 771 119 35 ones

547 845 66 52 he
633 840 232 55 willtake
877 844 147 60 away
1047 834 120 72 ohz
1187 849 73 44 1§.
1273 843 105 52 23s
1614 839 4 2 |

620 917 68 50 So
704 910 150 54 much
871 906 159 51 tothe
1045 910 293 63 Argument.
1407 890 304 60 Nowtothe
1738 888 128 54 Scri-

549 972 390 80 pturesalleged.

622 1049 114 54 The
758 1042 99 53 firlt
882 1039 41 54 is
949 1040 274 69 7/2.54.17.
1257 1036 92 53 the
1374 1026 244 74 fuppofed
1647 1026 221 70 ftrength

552 1117 170 56 which
740 1112 106 55 isin
872 1110 101 53 this
997 1122 151 53 text,
1178 1104 138 71 lyeth
1339 1102 51 54 in
1414 1095 138 59 thefe
1578 1095 189 64 words,
1805 1101 66 43 No

554 1201 182 54 weapon
746 1180 182 72 formed
936 1175 178 72 againft
1131 1175 121 54 them
1254 1171 115 73 fhall
1378 1168 182 70 profper
1574 1200 14 15 .
1602 1168 93 49 Let
1709 1181 59 34 us
1787 1179 87 34 €x-

554 1262 168 46 amine
733 1246 258 65 now,who
1006 1243 268 54 it{hallnot
1291 1238 202 71 profper
1507 1231 231 69 againft:
1756 1230 117 66 why

554 1323 127 55 faith
699 1323 83 53 the
792 1293 153 91 Lord,
944 1293 99 91 this
1064 1313 137 54 isthe
1216 1307 221 69 heritage
1449 1303 64 53 of
1520 1303 85 49 the
1614 1300 159 63 Lords
1786 1297 93 50 {er-

555 1407 188 40 vants:.
769 1403 121 37 now
905 1385 85 51 the
1000 1380 161 56 Lords
1177 1377 215 53 fervants
1408 1392 78 33 are
1500 1370 120 67 they
1644 1369 107 52 that
1782 1365 96 53 {till
1913 1392 10 9 -

558 1471 293 45 overcome,
893 1450 187 70 againft
1096 1449 168 51 whom
1278 1462 73 46 no
1366 1456 212 51 weapon
1602 1437 116 52 fhall
1744 1433 136 73 prof.

556 1544 125 57 per;
712 1537 92 42 not
817 1522 123 66 they
952 1519 106 51 that
1076 1516 125 72 fight
1218 1513 85 52 for
1322 1532 28 34 a
1371 1510 129 52 time
1512 1506 98 51 and
1623 1521 85 34 are
1735 1519 148 37 over-

557 1614 147 40 come
725 1587 151 60 atlaft
913 1607 22 44 3
967 1587 69 52 let
1052 1588 103 50 not
1198 1580 108 63 him
1344 1580 109 53 that
1483 1572 202 74 girdeth
1712 1590 69 35 on
1806 1567 76 55 his

556 1656 323 72 armor,boaft
892 1654 264 54 himfelfas
1169 1655 68 50 he
1245 1649 108 53 that
1368 1643 199 75 putteth
1581 1641 38 50 it
1630 1640 122 67 off
1712 1636 48 96 1
1770 1650 110 42 Kz.

561 1753 81 36 no.
656 1748 54 37 11.
729 1731 57 52 in
796 1723 197 66 ferving
1006 1719 250 60 theLord,
1267 1736 79 35 we
1370 1721 173 49 havea
1564 1707 232 70 promife,
1831 1723 53 35 as

561 1804 91 53 the
665 1793 208 74 Apoftle
888 1790 152 70 faith,
1054 1788 122 54 who
1190 1784 217 57 isitthat
1434 1780 106 56 will
1562 1781 140 49 harm
1718 1792 103 55 you
1846 1771 47 52 if

562 1889 104 53 you
678 1868 63 52 be
749 1865 250 52 followers
1017 1859 59 51 of
1084 1859 110 50 that
1207 1855 167 53 which
1389 1854 41 52 is
1440 1848 137 72 good
1593 1862 19 36 1
1624 1857 91 42 Pet.
1742 1863 47 49 3.
1814 1859 69 43 12.

565 1940 174 51 fothat
751 1933 100 50 this
865 1927 123 53 doth
1005 1940 91 37 not
1111 1941 158 51 prove
1280 1922 90 49 but
1382 1920 110 51 that
1507 1914 244 52 believers
1767 1929 117 48 may

561 2001 197 60 falland
774 1993 197 58 foceafe
983 2005 59 39 to
1056 1994 62 51 be
1132 1989 274 68 whatthey
1418 1998 162 52 were,
1643 1979 98 54 and
1769 1977 116 56 God
1875 1973 47 92 .

563 2091 94 37 not
674 2065 225 73 engaged
914 2063 52 54 in
980 2059 224 69 promife
1214 2072 130 37 unto
1358 2056 138 50 them
1511 2092 19 27 ,
1565 2050 79 52 for
1671 2050 62 50 he
1762 2045 125 52 faith

564 2143 143 57 Ezek.
723 2142 169 60 18.24.
921 2129 94 53 but
1028 2129 146 60 when
1187 2125 90 53 the
1287 2124 255 69 righteous
1554 2136 116 36 man
1682 2114 204 57 turneth

562 2228 144 51 away
723 2206 132 53 from
871 2204 78 50 his
966 2191 387 78 righteoufnefie
1364 2191 101 55 and
1477 2183 319 57 committeth
1811 2181 77 53 in-

564 2273 290 77 iquity,and
864 2269 130 56 doth
1011 2261 268 73 according
1286 2277 60 38 to
1357 2260 69 54 all
1438 2258 88 55 the
1538 2246 345 82 abomination

622 2366 23 18 -
1780 2323 109 51 that

1772 2455 95 79 XY
