2076 2773
444 119 261 113 Falling
712 126 163 103 from
885 139 212 89 grace,
1389 193 4 3 |

131 263 207 76 yonfrom
362 250 197 77 falling,
593 242 340 68 andtoprefent
948 251 95 55 you
1058 231 220 71 faultleffe
1290 224 162 74 before

143 332 71 55 the
224 325 199 72 prefence
435 322 59 70 of
513 318 72 54 his
607 317 126 66 glory
760 308 113 54 with
895 304 243 63 exceeding
1151 306 123 63 joy:
1311 298 144 52 what

144 398 123 56 doth
277 392 100 54 this
390 404 160 54 prove
565 385 112 53 that
691 375 192 71 prefent
896 365 198 127 keeping
1124 367 139 53 from
1274 363 184 71 falling

139 463 129 57 with
286 459 332 70 prefentment
637 448 75 53 of
733 442 325 72 unfpottedne
1100 434 187 69 egoeth
1317 447 143 53 toge-

140 532 148 54 ther?
306 544 75 36 no
394 523 129 65 fure,
564 521 137 51 there
717 515 142 52 isnot
876 508 121 53 fuch
1042 525 31 33 a
1100 500 284 54 conclufion
1406 512 59 36 to

142 601 64 52 be
240 597 180 52 drawn
441 588 133 53 from
603 584 90 53 the
724 594 126 40 text.
922 580 96 49 But
1056 569 101 55 this
1193 568 43 54 it
1277 578 189 58 proves

139 670 27 68 (
188 663 170 58 which
376 655 158 59 wedo
543 666 104 40 not
657 651 163 67 deny
776 642 34 100 )
833 646 111 51 that
952 639 126 56 God
1089 633 228 68 isableto
1330 633 132 63 keep

145 736 137 53 ‘hem
297 730 107 52 that
418 724 109 54 will
555 721 63 52 be
641 721 124 63 kept
783 716 69 67 by
872 708 109 57 him
1016 729 21 43 5
1067 704 99 54 and
1194 703 105 52 that
1321 698 143 52 thofe

147 803 109 53 that
270 796 110 56 will
398 767 78 95 be
475 767 125 95 kept
614 786 69 69 by
713 782 141 60 him,
887 779 65 51 he
979 775 41 54 is
1041 771 114 56 able
1176 786 57 37 to
1255 760 206 81 prefent

149 862 218 58 faultlefs
387 860 177 51 before
596 854 80 52 his
710 854 174 66 glory:
921 847 24 49 I
971 843 114 66 fay,
1121 838 118 53 that
1271 835 107 54 will
1402 832 61 50 be

149 935 122 65 kept
281 926 225 74 byhim;
508 907 120 97 for
638 917 146 53 fome
817 911 112 56 will
950 913 124 61 not’,
1109 922 51 36 as
1193 905 122 50 hath
1341 902 128 49 been

151 1003 164 53 {hewn
336 1018 20 32 ;
392 995 87 51 the
499 999 264 61 argument
782 976 247 56 therefore
1039 972 127 52 mutt
1182 971 64 51 be
1275 961 196 72 denyed
1490 947 143 44 C°43-
1668 950 72 38 22

1491 1006 259 58 23.Jer.175

152 1083 125 40 even
297 1062 143 56 allof
454 1051 379 69 itastoolight,
869 1045 104 53 and
996 1055 91 40 not
1113 1046 127 45 true:
1274 1036 68 51 he
1367 1029 104 55 will
1547 1067 61 27 oa
1705 1067 24 41 28

157 1128 195 81 prefent
364 1120 344 74 usunfpotted
740 1115 150 54 inthe
901 1112 227 67 prefence
1139 1106 61 54 of
1211 1103 76 54 his
1304 1102 165 69 glory,
1518 1069 71 55 Jay
1605 1078 40 34 Te
1675 1079 72 28 28e

153 1204 52 55 #f
216 1218 79 37 we
322 1197 236 56 continue
588 1191 53 52 in
665 1190 93 51 the
773 1182 131 56 faith
941 1216 16 24 ,
994 1176 101 57 and
1117 1191 94 38 not
1227 1166 124 57 ‘elfe.
1409 1170 66 48 So

159 1265 610 64 muchtothisargament.
840 1247 333 57 Tothenext.

226 1337 120 54 ‘Fhe
380 1328 230 57 eleventh
634 1329 263 61 argument
921 1312 47 52 is
1002 1312 152 51 taken
1185 1309 132 52 froin
1347 1298 133 54 thefe
1530 1317 96 52 4...
1653 1330 71 37 »-,

157 1403 171 55 words
344 1442 19 26 ,
404 1394 248 68 Becaufein
668 1392 76 49 the
764 1379 187 74 greateft
984 1378 112 70 falls
1137 1415 15 23 ,
1190 1376 77 50 the
1289 1369 126 51 Lord
1432 1373 50 44 is

160 1469 174 71 pleafed
346 1480 48 38 to
408 1477 78 56 put
509 1472 117 42 uato
638 1456 70 51 his
732 1451 143 54 hands
909 1447 192 52 thatthe
1131 1448 158 48 Saints
1317 1444 167 43 cannot

155 1540 91 72 fall
259 1550 48 39 to
318 1531 285 74 deftruction,
620 1521 131 57 Pfal.
788 1532 89 52 37.
909 1531 84 45 2q-
1022 1528 91 55 32.
1145 1513 52 51 8.
1231 1502 251 73 Jobr7.9-
1648 1554 3 2 |

232 1609 24 47 T
273 1616 145 58 grant
445 1601 112 49 that
585 1593 89 51 the
710 1584 133 57 Lord
865 1581 128 53 doth
1023 1580 71 52 fet
1121 1568 370 62 tohishandto
1565 1562 111 59 -42.

164 1672 228 60 thisend,
427 1668 113 52 that
552 1662 135 64 they,
696 1662 104 44 viz.
821 1648 259 63 beltevers,
1117 1642 163 68 might
1295 1650 91 40 not
1400 1634 91 65 fall

167 1757 57 38 to
238 1731 304 63 deftruction
564 1746 20 34 :
617 1727 91 53 but
732 1718 194 55 that-he
951 1713 186 54 fetteth
1160 1727 58 37 to
1243 1709 76 52 his
1353 1702 126 54 hand

165 1808 56 52 {o
231 1807 109 52 that
353 1804 123 66 they
490 1807 185 44 cannot
688 1790 86 54 fall
785 1803 58 38 to
863 1781 324 65 deftruction,
1218 1780 24 48 1
1258 1775 151 66 deny.

236 1878 94 51 Let
344 1888 61 33 us
432 1863 223 57 confider
672 1853 215 63 what
820 1849 63 84 is
909 1866 57 38 to
999 1849 65 53 be
1091 1840 311 60 underftood
1426 1835 70 67 by

172 1944 90 52 the
278 1932 330 68 Lordshand,
639 1926 183 55 forthe
844 1936 144 35 more
1014 1917 129 52 cleer
1172 1899 320 81 underftand-

173 2010 92 71 irg
276 2007 55 53 of
342 2002 98 56 this
457 2009 266 61 argument
736 1993 32 67 (
774 1987 249 71 although
1036 1984 85 51 the
1144 1990 102 43 text
1271 1968 229 73 alledged

174 2077 133 53 doth
320 2086 92 40 not
425 2068 232 55 mention
668 2063 47 52 it
728 2061 105 69 )by
850 2056 89 51 the
949 2052 164 56 Lords
1120 2047 134 55 hand
1267 2044 40 52 is
1319 2036 181 79 under-

179 2143 143 55 ftood
335 2142 87 50 the
430 2114 162 93 Lords
601 2114 215 93 power:
838 2126 150 53 when
1001 2118 153 69 Afofes
1188 2107 235 59 doubted
1447 2105 58 52 ia

178 2206 200 59 himfelf
398 2207 125 51 how
535 2204 224 66 fomany
770 2186 285 61 thoufands
1074 2182 187 57 fhould
1283 2179 64 51 be
1363 2173 153 53 feda

177 2273 212 60 moneth
404 2270 125 56 with
538 2268 125 56 fieth
675 2266 57 53 ia
748 2263 83 55 the
858 2251 315 74 wilderneffe
1188 2294 19 25 ,
1233 2248 86 51 the
1340 2233 169 82 Lords

176 2337 248 84 an{weris,
424 2337 56 84 Is
493 2328 216 132 theLords
727 2329 121 58 hand
861 2324 137 59 waxd
1027 2322 164 78 ort?as
1170 2299 337 130 ifhethould

1450 2390 62 51 ay
