<?xml version="1.0" encoding="UTF-8"?>
<alto xmlns="http://www.loc.gov/standards/alto/ns-v3#" xmlns:xlink="http://www.w3.org/1999/xlink" xmlns:xsi="http://www.w3.org/2001/XMLSchema-instance" xsi:schemaLocation="http://www.loc.gov/standards/alto/ns-v3# http://www.loc.gov/alto/v3/alto-3-0.xsd">
	<Description>
		<MeasurementUnit>pixel</MeasurementUnit>
		<sourceImageInformation>
			<fileName>			</fileName>
		</sourceImageInformation>
		<OCRProcessing ID="OCR_0">
			<ocrProcessingStep>
				<processingSoftware>
					<softwareName>tesseract v4.1.0-elag2019</softwareName>
				</processingSoftware>
			</ocrProcessingStep>
		</OCRProcessing>
	</Description>
	<Layout>
		<Page WIDTH="2079" HEIGHT="2773" PHYSICAL_IMG_NR="0" ID="page_0">
			<PrintSpace HPOS="0" VPOS="0" WIDTH="2079" HEIGHT="2773">
				<TextBlock ID="block_0" HPOS="0" VPOS="0" WIDTH="1149" HEIGHT="222">
					<TextLine ID="line_0" HPOS="0" VPOS="0" WIDTH="1149" HEIGHT="222">
						<String ID="string_0" HPOS="0" VPOS="0" WIDTH="1149" HEIGHT="222" WC="0.95" CONTENT="  "/>
					</TextLine>
				</TextBlock>
				<TextBlock ID="block_1" HPOS="0" VPOS="2437" WIDTH="1269" HEIGHT="336">
					<TextLine ID="line_1" HPOS="0" VPOS="2437" WIDTH="1269" HEIGHT="336">
						<String ID="string_1" HPOS="0" VPOS="2437" WIDTH="1269" HEIGHT="336" WC="0.95" CONTENT="   "/>
					</TextLine>
				</TextBlock>
				<TextBlock ID="block_2" HPOS="1145" VPOS="0" WIDTH="893" HEIGHT="22">
					<TextLine ID="line_2" HPOS="1145" VPOS="0" WIDTH="893" HEIGHT="22">
						<String ID="string_2" HPOS="1145" VPOS="0" WIDTH="893" HEIGHT="22" WC="0.95" CONTENT=" "/>
					</TextLine>
				</TextBlock>
				<TextBlock ID="block_3" HPOS="153" VPOS="134" WIDTH="1661" HEIGHT="2224">
					<TextLine ID="line_3" HPOS="514" VPOS="134" WIDTH="1220" HEIGHT="109">
						<String ID="string_3" HPOS="514" VPOS="147" WIDTH="68" HEIGHT="79" WC="0.32" CONTENT="AT"/><SP WIDTH="15" VPOS="147" HPOS="582"/>
						<String ID="string_4" HPOS="597" VPOS="141" WIDTH="273" HEIGHT="100" WC="0.32" CONTENT="reatife"/><SP WIDTH="16" VPOS="141" HPOS="870"/>
						<String ID="string_5" HPOS="886" VPOS="139" WIDTH="294" HEIGHT="104" WC="0.74" CONTENT="touching"/><SP WIDTH="442" VPOS="139" HPOS="1180"/>
						<String ID="string_6" HPOS="1622" VPOS="134" WIDTH="112" HEIGHT="76" WC="0.95" CONTENT="66"/>
					</TextLine>
					<TextLine ID="line_4" HPOS="172" VPOS="246" WIDTH="1518" HEIGHT="99">
						<String ID="string_7" HPOS="172" VPOS="277" WIDTH="103" HEIGHT="58" WC="0.82" CONTENT="fied"/><SP WIDTH="17" VPOS="277" HPOS="275"/>
						<String ID="string_8" HPOS="292" VPOS="317" WIDTH="21" HEIGHT="28" WC="0.82" CONTENT=","/><SP WIDTH="32" VPOS="317" HPOS="313"/>
						<String ID="string_9" HPOS="345" VPOS="269" WIDTH="156" HEIGHT="57" WC="0.89" CONTENT="butif"/><SP WIDTH="10" VPOS="269" HPOS="501"/>
						<String ID="string_10" HPOS="511" VPOS="269" WIDTH="156" HEIGHT="54" WC="0.92" CONTENT="webe"/><SP WIDTH="23" VPOS="269" HPOS="667"/>
						<String ID="string_11" HPOS="690" VPOS="278" WIDTH="91" HEIGHT="40" WC="0.96" CONTENT="not"/><SP WIDTH="26" VPOS="278" HPOS="781"/>
						<String ID="string_12" HPOS="807" VPOS="263" WIDTH="266" HEIGHT="53" WC="0.96" CONTENT="followers."/><SP WIDTH="13" VPOS="263" HPOS="1073"/>
						<String ID="string_13" HPOS="1086" VPOS="255" WIDTH="126" HEIGHT="54" WC="0.92" CONTENT="after"/><SP WIDTH="38" VPOS="255" HPOS="1212"/>
						<String ID="string_14" HPOS="1250" VPOS="246" WIDTH="246" HEIGHT="57" WC="0.0" CONTENT="holineff€"/><SP WIDTH="19" VPOS="246" HPOS="1496"/>
						<String ID="string_15" HPOS="1515" VPOS="261" WIDTH="110" HEIGHT="57" WC="0.21" CONTENT="pr)"/><SP WIDTH="20" VPOS="261" HPOS="1625"/>
						<String ID="string_16" HPOS="1645" VPOS="289" WIDTH="45" HEIGHT="31" WC="0.51" CONTENT=",."/>
					</TextLine>
					<TextLine ID="line_5" HPOS="172" VPOS="292" WIDTH="1577" HEIGHT="111">
						<String ID="string_17" HPOS="137" VPOS="315" WIDTH="108" HEIGHT="92" WC="0.87" CONTENT="we"/><SP WIDTH="15" VPOS="315" HPOS="245"/>
						<String ID="string_18" HPOS="260" VPOS="315" WIDTH="121" HEIGHT="92" WC="0.47" CONTENT="{hall"/><SP WIDTH="9" VPOS="315" HPOS="381"/>
						<String ID="string_19" HPOS="390" VPOS="315" WIDTH="133" HEIGHT="92" WC="0.93" CONTENT="never"/><SP WIDTH="39" VPOS="315" HPOS="523"/>
						<String ID="string_20" HPOS="562" VPOS="336" WIDTH="78" HEIGHT="52" WC="0.95" CONTENT="fee"/><SP WIDTH="14" VPOS="336" HPOS="640"/>
						<String ID="string_21" HPOS="654" VPOS="334" WIDTH="88" HEIGHT="53" WC="0.96" CONTENT="the"/><SP WIDTH="13" VPOS="334" HPOS="742"/>
						<String ID="string_22" HPOS="755" VPOS="330" WIDTH="132" HEIGHT="55" WC="0.94" CONTENT="Lord"/><SP WIDTH="16" VPOS="330" HPOS="887"/>
						<String ID="string_23" HPOS="903" VPOS="329" WIDTH="53" HEIGHT="53" WC="0.94" CONTENT="in"/><SP WIDTH="20" VPOS="329" HPOS="956"/>
						<String ID="string_24" HPOS="976" VPOS="344" WIDTH="182" HEIGHT="51" WC="0.74" CONTENT="peace,"/><SP WIDTH="48" VPOS="344" HPOS="1158"/>
						<String ID="string_25" HPOS="1206" VPOS="321" WIDTH="93" HEIGHT="51" WC="0.95" CONTENT="but"/><SP WIDTH="31" VPOS="321" HPOS="1299"/>
						<String ID="string_26" HPOS="1330" VPOS="319" WIDTH="166" HEIGHT="50" WC="0.95" CONTENT="rather"/><SP WIDTH="28" VPOS="319" HPOS="1496"/>
						<String ID="string_27" HPOS="1524" VPOS="302" WIDTH="85" HEIGHT="98" WC="0.69" CONTENT="105."/><SP WIDTH="73" VPOS="302" HPOS="1609"/>
						<String ID="string_28" HPOS="1682" VPOS="292" WIDTH="67" HEIGHT="39" WC="0.28" CONTENT="i"/>
					</TextLine>
					<TextLine ID="line_6" HPOS="168" VPOS="385" WIDTH="1537" HEIGHT="86">
						<String ID="string_29" HPOS="168" VPOS="419" WIDTH="71" HEIGHT="52" WC="0.93" CONTENT="be"/><SP WIDTH="16" VPOS="419" HPOS="239"/>
						<String ID="string_30" HPOS="255" VPOS="412" WIDTH="65" HEIGHT="53" WC="0.95" CONTENT="of"/><SP WIDTH="7" VPOS="412" HPOS="320"/>
						<String ID="string_31" HPOS="327" VPOS="410" WIDTH="110" HEIGHT="52" WC="0.96" CONTENT="that"/><SP WIDTH="17" VPOS="410" HPOS="437"/>
						<String ID="string_32" HPOS="454" VPOS="404" WIDTH="210" HEIGHT="54" WC="0.96" CONTENT="number"/><SP WIDTH="11" VPOS="404" HPOS="664"/>
						<String ID="string_33" HPOS="675" VPOS="403" WIDTH="104" HEIGHT="50" WC="0.92" CONTENT="that"/><SP WIDTH="11" VPOS="403" HPOS="779"/>
						<String ID="string_34" HPOS="790" VPOS="397" WIDTH="157" HEIGHT="53" WC="0.89" CONTENT="defire"/><SP WIDTH="11" VPOS="397" HPOS="947"/>
						<String ID="string_35" HPOS="958" VPOS="397" WIDTH="91" HEIGHT="49" WC="0.96" CONTENT="the"/><SP WIDTH="17" VPOS="397" HPOS="1049"/>
						<String ID="string_36" HPOS="1066" VPOS="392" WIDTH="145" HEIGHT="52" WC="0.95" CONTENT="rocks"/><SP WIDTH="19" VPOS="392" HPOS="1211"/>
						<String ID="string_37" HPOS="1230" VPOS="403" WIDTH="57" HEIGHT="37" WC="0.96" CONTENT="to"/><SP WIDTH="23" VPOS="403" HPOS="1287"/>
						<String ID="string_38" HPOS="1310" VPOS="385" WIDTH="89" HEIGHT="51" WC="0.95" CONTENT="fall"/><SP WIDTH="29" VPOS="385" HPOS="1399"/>
						<String ID="string_39" HPOS="1428" VPOS="400" WIDTH="70" HEIGHT="32" WC="0.87" CONTENT="on"/><SP WIDTH="6" VPOS="400" HPOS="1498"/>
						<String ID="string_40" HPOS="1504" VPOS="381" WIDTH="47" HEIGHT="69" WC="0.39" CONTENT="_"/>
					</TextLine>
					<TextLine ID="line_7" HPOS="175" VPOS="432" WIDTH="1571" HEIGHT="107">
						<String ID="string_41" HPOS="175" VPOS="486" WIDTH="143" HEIGHT="53" WC="0.96" CONTENT="them"/><SP WIDTH="15" VPOS="486" HPOS="318"/>
						<String ID="string_42" HPOS="333" VPOS="493" WIDTH="58" HEIGHT="36" WC="0.93" CONTENT="to"/><SP WIDTH="19" VPOS="493" HPOS="391"/>
						<String ID="string_43" HPOS="410" VPOS="473" WIDTH="267" HEIGHT="55" WC="0.91" CONTENT="hidethem"/><SP WIDTH="11" VPOS="473" HPOS="677"/>
						<String ID="string_44" HPOS="688" VPOS="470" WIDTH="128" HEIGHT="51" WC="0.95" CONTENT="from"/><SP WIDTH="21" VPOS="470" HPOS="816"/>
						<String ID="string_45" HPOS="837" VPOS="469" WIDTH="90" HEIGHT="49" WC="0.96" CONTENT="the"/><SP WIDTH="19" VPOS="469" HPOS="927"/>
						<String ID="string_46" HPOS="946" VPOS="464" WIDTH="105" HEIGHT="51" WC="0.95" CONTENT="face"/><SP WIDTH="11" VPOS="464" HPOS="1051"/>
						<String ID="string_47" HPOS="1062" VPOS="460" WIDTH="57" HEIGHT="52" WC="0.82" CONTENT="of"/><SP WIDTH="10" VPOS="460" HPOS="1119"/>
						<String ID="string_48" HPOS="1129" VPOS="461" WIDTH="86" HEIGHT="50" WC="0.82" CONTENT="the"/><SP WIDTH="17" VPOS="461" HPOS="1215"/>
						<String ID="string_49" HPOS="1232" VPOS="454" WIDTH="157" HEIGHT="63" WC="0.70" CONTENT="lambs;"/><SP WIDTH="37" VPOS="454" HPOS="1389"/>
						<String ID="string_50" HPOS="1426" VPOS="453" WIDTH="70" HEIGHT="49" WC="0.91" CONTENT="let"/><SP WIDTH="20" VPOS="453" HPOS="1496"/>
						<String ID="string_51" HPOS="1516" VPOS="432" WIDTH="230" HEIGHT="65" WC="0.73" CONTENT="Eph.6.17."/>
					</TextLine>
					<TextLine ID="line_8" HPOS="177" VPOS="522" WIDTH="1324" HEIGHT="85">
						<String ID="string_52" HPOS="177" VPOS="556" WIDTH="86" HEIGHT="51" WC="0.93" CONTENT="the"/><SP WIDTH="28" VPOS="556" HPOS="263"/>
						<String ID="string_53" HPOS="291" VPOS="549" WIDTH="219" HEIGHT="50" WC="0.92" CONTENT="fervants"/><SP WIDTH="34" VPOS="549" HPOS="510"/>
						<String ID="string_54" HPOS="544" VPOS="542" WIDTH="66" HEIGHT="51" WC="0.97" CONTENT="of"/><SP WIDTH="27" VPOS="542" HPOS="610"/>
						<String ID="string_55" HPOS="637" VPOS="539" WIDTH="91" HEIGHT="53" WC="0.93" CONTENT="the"/><SP WIDTH="28" VPOS="539" HPOS="728"/>
						<String ID="string_56" HPOS="756" VPOS="535" WIDTH="123" HEIGHT="51" WC="0.91" CONTENT="moft"/><SP WIDTH="30" VPOS="535" HPOS="879"/>
						<String ID="string_57" HPOS="909" VPOS="531" WIDTH="122" HEIGHT="69" WC="0.95" CONTENT="high"/><SP WIDTH="28" VPOS="531" HPOS="1031"/>
						<String ID="string_58" HPOS="1059" VPOS="528" WIDTH="123" HEIGHT="56" WC="0.96" CONTENT="God"/><SP WIDTH="26" VPOS="528" HPOS="1182"/>
						<String ID="string_59" HPOS="1208" VPOS="522" WIDTH="121" HEIGHT="54" WC="0.95" CONTENT="look"/><SP WIDTH="16" VPOS="522" HPOS="1329"/>
						<String ID="string_60" HPOS="1345" VPOS="523" WIDTH="156" HEIGHT="61" WC="0.95" CONTENT="about"/>
					</TextLine>
					<TextLine ID="line_9" HPOS="178" VPOS="587" WIDTH="1324" HEIGHT="95">
						<String ID="string_61" HPOS="178" VPOS="618" WIDTH="202" HEIGHT="64" WC="0.76" CONTENT="them,"/><SP WIDTH="-56" VPOS="618" HPOS="380"/>
						<String ID="string_62" HPOS="324" VPOS="596" WIDTH="60" HEIGHT="90" WC="0.76" CONTENT="it"/><SP WIDTH="8" VPOS="596" HPOS="384"/>
						<String ID="string_63" HPOS="392" VPOS="596" WIDTH="182" HEIGHT="90" WC="0.96" CONTENT="willbe"/><SP WIDTH="10" VPOS="596" HPOS="574"/>
						<String ID="string_64" HPOS="584" VPOS="596" WIDTH="168" HEIGHT="90" WC="0.96" CONTENT="worth"/><SP WIDTH="23" VPOS="596" HPOS="752"/>
						<String ID="string_65" HPOS="775" VPOS="601" WIDTH="132" HEIGHT="52" WC="0.96" CONTENT="their"/><SP WIDTH="22" VPOS="601" HPOS="907"/>
						<String ID="string_66" HPOS="929" VPOS="600" WIDTH="146" HEIGHT="51" WC="0.96" CONTENT="while"/><SP WIDTH="28" VPOS="600" HPOS="1075"/>
						<String ID="string_67" HPOS="1103" VPOS="609" WIDTH="57" HEIGHT="38" WC="0.96" CONTENT="to"/><SP WIDTH="28" VPOS="609" HPOS="1160"/>
						<String ID="string_68" HPOS="1188" VPOS="593" WIDTH="145" HEIGHT="52" WC="0.96" CONTENT="make"/><SP WIDTH="37" VPOS="593" HPOS="1333"/>
						<String ID="string_69" HPOS="1370" VPOS="587" WIDTH="132" HEIGHT="54" WC="0.96" CONTENT="their"/>
					</TextLine>
					<TextLine ID="line_10" HPOS="172" VPOS="654" WIDTH="1622" HEIGHT="98">
						<String ID="string_70" HPOS="172" VPOS="683" WIDTH="194" HEIGHT="69" WC="0.95" CONTENT="calling"/><SP WIDTH="15" VPOS="683" HPOS="366"/>
						<String ID="string_71" HPOS="381" VPOS="677" WIDTH="98" HEIGHT="55" WC="0.92" CONTENT="and"/><SP WIDTH="12" VPOS="677" HPOS="479"/>
						<String ID="string_72" HPOS="491" VPOS="674" WIDTH="213" HEIGHT="54" WC="0.56" CONTENT="election"/><SP WIDTH="18" VPOS="674" HPOS="704"/>
						<String ID="string_73" HPOS="722" VPOS="669" WIDTH="124" HEIGHT="69" WC="0.89" CONTENT="fure,"/><SP WIDTH="27" VPOS="669" HPOS="846"/>
						<String ID="string_74" HPOS="873" VPOS="665" WIDTH="101" HEIGHT="55" WC="0.60" CONTENT="and"/><SP WIDTH="13" VPOS="665" HPOS="974"/>
						<String ID="string_75" HPOS="987" VPOS="681" WIDTH="56" HEIGHT="36" WC="0.60" CONTENT="to"/><SP WIDTH="17" VPOS="681" HPOS="1043"/>
						<String ID="string_76" HPOS="1060" VPOS="662" WIDTH="138" HEIGHT="55" WC="0.91" CONTENT="ftand"/><SP WIDTH="14" VPOS="662" HPOS="1198"/>
						<String ID="string_77" HPOS="1212" VPOS="676" WIDTH="140" HEIGHT="51" WC="0.96" CONTENT="upon"/><SP WIDTH="17" VPOS="676" HPOS="1352"/>
						<String ID="string_78" HPOS="1369" VPOS="654" WIDTH="135" HEIGHT="53" WC="0.61" CONTENT="their"/><SP WIDTH="16" VPOS="654" HPOS="1504"/>
						<String ID="string_79" HPOS="1520" VPOS="679" WIDTH="170" HEIGHT="58" WC="0.0" CONTENT="Mar.z4"/><SP WIDTH="-7" VPOS="679" HPOS="1690"/>
						<String ID="string_80" HPOS="1683" VPOS="648" WIDTH="32" HEIGHT="93" WC="0.63" CONTENT="a"/><SP WIDTH="72" VPOS="648" HPOS="1715"/>
						<String ID="string_81" HPOS="1787" VPOS="694" WIDTH="7" HEIGHT="12" WC="0.40" CONTENT="s:"/>
					</TextLine>
					<TextLine ID="line_11" HPOS="178" VPOS="692" WIDTH="1600" HEIGHT="119">
						<String ID="string_82" HPOS="178" VPOS="752" WIDTH="171" HEIGHT="57" WC="0.94" CONTENT="watch"/><SP WIDTH="11" VPOS="752" HPOS="349"/>
						<String ID="string_83" HPOS="360" VPOS="762" WIDTH="170" HEIGHT="37" WC="0.81" CONTENT="tower"/><SP WIDTH="15" VPOS="762" HPOS="530"/>
						<String ID="string_84" HPOS="545" VPOS="784" WIDTH="18" HEIGHT="27" WC="0.81" CONTENT=","/><SP WIDTH="28" VPOS="784" HPOS="563"/>
						<String ID="string_85" HPOS="591" VPOS="743" WIDTH="121" HEIGHT="66" WC="0.96" CONTENT="they"/><SP WIDTH="13" VPOS="743" HPOS="712"/>
						<String ID="string_86" HPOS="725" VPOS="740" WIDTH="129" HEIGHT="50" WC="0.96" CONTENT="have"/><SP WIDTH="15" VPOS="740" HPOS="854"/>
						<String ID="string_87" HPOS="869" VPOS="754" WIDTH="150" HEIGHT="48" WC="0.96" CONTENT="many"/><SP WIDTH="17" VPOS="754" HPOS="1019"/>
						<String ID="string_88" HPOS="1036" VPOS="727" WIDTH="224" HEIGHT="56" WC="0.96" CONTENT="enemies"/><SP WIDTH="15" VPOS="727" HPOS="1260"/>
						<String ID="string_89" HPOS="1275" VPOS="727" WIDTH="117" HEIGHT="51" WC="0.96" CONTENT="who"/><SP WIDTH="10" VPOS="727" HPOS="1392"/>
						<String ID="string_90" HPOS="1402" VPOS="723" WIDTH="98" HEIGHT="55" WC="0.74" CONTENT="Li-"/><SP WIDTH="203" VPOS="723" HPOS="1500"/>
						<String ID="string_91" HPOS="1703" VPOS="692" WIDTH="75" HEIGHT="47" WC="0.52" CONTENT="+5"/>
					</TextLine>
					<TextLine ID="line_12" HPOS="175" VPOS="784" WIDTH="1578" HEIGHT="98">
						<String ID="string_92" HPOS="175" VPOS="817" WIDTH="198" HEIGHT="58" WC="0.91" CONTENT="on-like"/><SP WIDTH="14" VPOS="817" HPOS="373"/>
						<String ID="string_93" HPOS="387" VPOS="831" WIDTH="67" HEIGHT="51" WC="0.96" CONTENT="go"/><SP WIDTH="15" VPOS="831" HPOS="454"/>
						<String ID="string_94" HPOS="469" VPOS="811" WIDTH="155" HEIGHT="53" WC="0.93" CONTENT="about"/><SP WIDTH="14" VPOS="811" HPOS="624"/>
						<String ID="string_95" HPOS="638" VPOS="806" WIDTH="195" HEIGHT="67" WC="0.68" CONTENT="fecking"/><SP WIDTH="16" VPOS="806" HPOS="833"/>
						<String ID="string_96" HPOS="849" VPOS="804" WIDTH="167" HEIGHT="51" WC="0.96" CONTENT="whom"/><SP WIDTH="16" VPOS="804" HPOS="1016"/>
						<String ID="string_97" HPOS="1032" VPOS="800" WIDTH="122" HEIGHT="67" WC="0.96" CONTENT="they"/><SP WIDTH="13" VPOS="800" HPOS="1154"/>
						<String ID="string_98" HPOS="1167" VPOS="813" WIDTH="111" HEIGHT="50" WC="0.96" CONTENT="may"/><SP WIDTH="12" VPOS="813" HPOS="1278"/>
						<String ID="string_99" HPOS="1290" VPOS="793" WIDTH="215" HEIGHT="51" WC="0.96" CONTENT="devour:"/><SP WIDTH="23" VPOS="793" HPOS="1505"/>
						<String ID="string_100" HPOS="1528" VPOS="799" WIDTH="25" HEIGHT="37" WC="0.80" CONTENT="2"/><SP WIDTH="11" VPOS="799" HPOS="1553"/>
						<String ID="string_101" HPOS="1564" VPOS="784" WIDTH="189" HEIGHT="52" WC="0.31" CONTENT="Pet.2.2."/>
					</TextLine>
					<TextLine ID="line_13" HPOS="185" VPOS="858" WIDTH="1327" HEIGHT="85">
						<String ID="string_102" HPOS="185" VPOS="889" WIDTH="137" HEIGHT="54" WC="0.93" CONTENT="what"/><SP WIDTH="14" VPOS="889" HPOS="322"/>
						<String ID="string_103" HPOS="336" VPOS="881" WIDTH="123" HEIGHT="53" WC="0.93" CONTENT="need"/><SP WIDTH="18" VPOS="881" HPOS="459"/>
						<String ID="string_104" HPOS="477" VPOS="876" WIDTH="268" HEIGHT="67" WC="0.86" CONTENT="havethey"/><SP WIDTH="22" VPOS="876" HPOS="745"/>
						<String ID="string_105" HPOS="767" VPOS="889" WIDTH="51" HEIGHT="36" WC="0.54" CONTENT="to"/><SP WIDTH="17" VPOS="889" HPOS="818"/>
						<String ID="string_106" HPOS="835" VPOS="871" WIDTH="184" HEIGHT="52" WC="0.54" CONTENT="taketo"/><SP WIDTH="31" VPOS="871" HPOS="1019"/>
						<String ID="string_107" HPOS="1050" VPOS="867" WIDTH="137" HEIGHT="50" WC="0.96" CONTENT="them"/><SP WIDTH="33" VPOS="867" HPOS="1187"/>
						<String ID="string_108" HPOS="1220" VPOS="862" WIDTH="93" HEIGHT="51" WC="0.96" CONTENT="the"/><SP WIDTH="31" VPOS="862" HPOS="1313"/>
						<String ID="string_109" HPOS="1344" VPOS="858" WIDTH="168" HEIGHT="53" WC="0.96" CONTENT="whole"/>
					</TextLine>
					<TextLine ID="line_14" HPOS="186" VPOS="928" WIDTH="1324" HEIGHT="83">
						<String ID="string_110" HPOS="186" VPOS="968" WIDTH="206" HEIGHT="43" WC="0.94" CONTENT="armour"/><SP WIDTH="9" VPOS="968" HPOS="392"/>
						<String ID="string_111" HPOS="401" VPOS="946" WIDTH="63" HEIGHT="54" WC="0.96" CONTENT="of"/><SP WIDTH="6" VPOS="946" HPOS="464"/>
						<String ID="string_112" HPOS="470" VPOS="945" WIDTH="118" HEIGHT="55" WC="0.46" CONTENT="God"/><SP WIDTH="14" VPOS="945" HPOS="588"/>
						<String ID="string_113" HPOS="602" VPOS="945" WIDTH="111" HEIGHT="50" WC="0.46" CONTENT="that"/><SP WIDTH="14" VPOS="945" HPOS="713"/>
						<String ID="string_114" HPOS="727" VPOS="941" WIDTH="237" HEIGHT="65" WC="0.91" CONTENT="theymay"/><SP WIDTH="16" VPOS="941" HPOS="964"/>
						<String ID="string_115" HPOS="980" VPOS="936" WIDTH="61" HEIGHT="50" WC="0.94" CONTENT="be"/><SP WIDTH="14" VPOS="936" HPOS="1041"/>
						<String ID="string_116" HPOS="1055" VPOS="934" WIDTH="111" HEIGHT="51" WC="0.79" CONTENT="able"/><SP WIDTH="15" VPOS="934" HPOS="1166"/>
						<String ID="string_117" HPOS="1181" VPOS="945" WIDTH="52" HEIGHT="35" WC="0.85" CONTENT="to"/><SP WIDTH="18" VPOS="945" HPOS="1233"/>
						<String ID="string_118" HPOS="1251" VPOS="928" WIDTH="259" HEIGHT="60" WC="0.77" CONTENT="ftand,and"/>
					</TextLine>
					<TextLine ID="line_15" HPOS="172" VPOS="997" WIDTH="1338" HEIGHT="92">
						<String ID="string_119" HPOS="172" VPOS="1021" WIDTH="202" HEIGHT="68" WC="0.44" CONTENT="jhaving"/><SP WIDTH="11" VPOS="1021" HPOS="374"/>
						<String ID="string_120" HPOS="385" VPOS="1015" WIDTH="271" HEIGHT="53" WC="0.87" CONTENT="doneallto"/><SP WIDTH="14" VPOS="1015" HPOS="656"/>
						<String ID="string_121" HPOS="670" VPOS="1010" WIDTH="163" HEIGHT="51" WC="0.0" CONTENT="ftand¢"/><SP WIDTH="33" VPOS="1010" HPOS="833"/>
						<String ID="string_122" HPOS="866" VPOS="1007" WIDTH="121" HEIGHT="50" WC="0.96" CONTENT="how"/><SP WIDTH="19" VPOS="1007" HPOS="987"/>
						<String ID="string_123" HPOS="1006" VPOS="998" WIDTH="173" HEIGHT="56" WC="0.83" CONTENT="fhould"/><SP WIDTH="19" VPOS="998" HPOS="1179"/>
						<String ID="string_124" HPOS="1198" VPOS="1000" WIDTH="114" HEIGHT="64" WC="0.92" CONTENT="they"/><SP WIDTH="17" VPOS="1000" HPOS="1312"/>
						<String ID="string_125" HPOS="1329" VPOS="997" WIDTH="181" HEIGHT="51" WC="0.69" CONTENT="ef&#39;eem"/>
					</TextLine>
					<TextLine ID="line_16" HPOS="175" VPOS="1059" WIDTH="1337" HEIGHT="85">
						<String ID="string_126" HPOS="175" VPOS="1092" WIDTH="218" HEIGHT="52" WC="0.17" CONTENT="ofthem"/><SP WIDTH="13" VPOS="1092" HPOS="393"/>
						<String ID="string_127" HPOS="406" VPOS="1086" WIDTH="110" HEIGHT="50" WC="0.85" CONTENT="that"/><SP WIDTH="13" VPOS="1086" HPOS="516"/>
						<String ID="string_128" HPOS="529" VPOS="1100" WIDTH="83" HEIGHT="33" WC="0.85" CONTENT="are"/><SP WIDTH="17" VPOS="1100" HPOS="612"/>
						<String ID="string_129" HPOS="629" VPOS="1075" WIDTH="71" HEIGHT="55" WC="0.36" CONTENT="fet"/><SP WIDTH="14" VPOS="1075" HPOS="700"/>
						<String ID="string_130" HPOS="714" VPOS="1073" WIDTH="299" HEIGHT="64" WC="0.36" CONTENT="overthem,"/><SP WIDTH="49" VPOS="1073" HPOS="1013"/>
						<String ID="string_131" HPOS="1062" VPOS="1069" WIDTH="52" HEIGHT="52" WC="0.96" CONTENT="in"/><SP WIDTH="26" VPOS="1069" HPOS="1114"/>
						<String ID="string_132" HPOS="1140" VPOS="1067" WIDTH="85" HEIGHT="50" WC="0.0" CONTENT="the"/><SP WIDTH="11" VPOS="1067" HPOS="1225"/>
						<String ID="string_133" HPOS="1236" VPOS="1066" WIDTH="155" HEIGHT="52" WC="0.0" CONTENT="Lord:"/><SP WIDTH="18" VPOS="1066" HPOS="1391"/>
						<String ID="string_134" HPOS="1409" VPOS="1059" WIDTH="103" HEIGHT="54" WC="0.29" CONTENT="and"/>
					</TextLine>
					<TextLine ID="line_17" HPOS="174" VPOS="1126" WIDTH="1336" HEIGHT="87">
						<String ID="string_135" HPOS="174" VPOS="1157" WIDTH="148" HEIGHT="56" WC="0.95" CONTENT="their"/><SP WIDTH="26" VPOS="1157" HPOS="322"/>
						<String ID="string_136" HPOS="348" VPOS="1153" WIDTH="131" HEIGHT="54" WC="0.96" CONTENT="faith"/><SP WIDTH="26" VPOS="1153" HPOS="479"/>
						<String ID="string_137" HPOS="505" VPOS="1151" WIDTH="181" HEIGHT="52" WC="0.93" CONTENT="follow"/><SP WIDTH="37" VPOS="1151" HPOS="686"/>
						<String ID="string_138" HPOS="723" VPOS="1138" WIDTH="307" HEIGHT="69" WC="0.92" CONTENT="confidering"/><SP WIDTH="32" VPOS="1138" HPOS="1030"/>
						<String ID="string_139" HPOS="1062" VPOS="1139" WIDTH="88" HEIGHT="51" WC="0.96" CONTENT="the"/><SP WIDTH="24" VPOS="1139" HPOS="1150"/>
						<String ID="string_140" HPOS="1174" VPOS="1133" WIDTH="99" HEIGHT="53" WC="0.95" CONTENT="end"/><SP WIDTH="31" VPOS="1133" HPOS="1273"/>
						<String ID="string_141" HPOS="1304" VPOS="1134" WIDTH="57" HEIGHT="49" WC="0.95" CONTENT="of"/><SP WIDTH="13" VPOS="1134" HPOS="1361"/>
						<String ID="string_142" HPOS="1374" VPOS="1126" WIDTH="136" HEIGHT="57" WC="0.95" CONTENT="their"/>
					</TextLine>
					<TextLine ID="line_18" HPOS="187" VPOS="1196" WIDTH="1323" HEIGHT="86">
						<String ID="string_143" HPOS="187" VPOS="1223" WIDTH="309" HEIGHT="59" WC="0.91" CONTENT="converfion,"/><SP WIDTH="35" VPOS="1223" HPOS="496"/>
						<String ID="string_144" HPOS="531" VPOS="1219" WIDTH="122" HEIGHT="50" WC="0.91" CONTENT="how"/><SP WIDTH="18" VPOS="1219" HPOS="653"/>
						<String ID="string_145" HPOS="671" VPOS="1213" WIDTH="172" HEIGHT="52" WC="0.91" CONTENT="fhould"/><SP WIDTH="16" VPOS="1213" HPOS="843"/>
						<String ID="string_146" HPOS="859" VPOS="1211" WIDTH="122" HEIGHT="62" WC="0.93" CONTENT="they"/><SP WIDTH="16" VPOS="1211" HPOS="981"/>
						<String ID="string_147" HPOS="997" VPOS="1207" WIDTH="177" HEIGHT="50" WC="0.92" CONTENT="efteem"/><SP WIDTH="19" VPOS="1207" HPOS="1174"/>
						<String ID="string_148" HPOS="1193" VPOS="1204" WIDTH="58" HEIGHT="49" WC="0.96" CONTENT="of"/><SP WIDTH="10" VPOS="1204" HPOS="1251"/>
						<String ID="string_149" HPOS="1261" VPOS="1204" WIDTH="88" HEIGHT="49" WC="0.93" CONTENT="the"/><SP WIDTH="20" VPOS="1204" HPOS="1349"/>
						<String ID="string_150" HPOS="1369" VPOS="1217" WIDTH="33" HEIGHT="29" WC="0.88" CONTENT="«"/><SP WIDTH="12" VPOS="1217" HPOS="1402"/>
						<String ID="string_151" HPOS="1414" VPOS="1196" WIDTH="96" HEIGHT="51" WC="0.96" CONTENT="ord"/>
					</TextLine>
					<TextLine ID="line_19" HPOS="172" VPOS="1267" WIDTH="1338" HEIGHT="79">
						<String ID="string_152" HPOS="172" VPOS="1289" WIDTH="239" HEIGHT="57" WC="0.84" CONTENT="‘whichis"/><SP WIDTH="16" VPOS="1289" HPOS="411"/>
						<String ID="string_153" HPOS="427" VPOS="1287" WIDTH="130" HEIGHT="51" WC="0.90" CONTENT="their"/><SP WIDTH="14" VPOS="1287" HPOS="557"/>
						<String ID="string_154" HPOS="571" VPOS="1280" WIDTH="158" HEIGHT="59" WC="0.90" CONTENT="milk,"/><SP WIDTH="37" VPOS="1280" HPOS="729"/>
						<String ID="string_155" HPOS="766" VPOS="1275" WIDTH="288" HEIGHT="66" WC="0.62" CONTENT="theirlight,"/><SP WIDTH="16" VPOS="1275" HPOS="1054"/>
						<String ID="string_156" HPOS="1070" VPOS="1270" WIDTH="134" HEIGHT="52" WC="0.90" CONTENT="their"/><SP WIDTH="12" VPOS="1270" HPOS="1204"/>
						<String ID="string_157" HPOS="1216" VPOS="1267" WIDTH="260" HEIGHT="54" WC="0.90" CONTENT="Lanthorn"/><SP WIDTH="-18" VPOS="1267" HPOS="1476"/>
						<String ID="string_158" HPOS="1458" VPOS="1263" WIDTH="44" HEIGHT="87" WC="0.91" CONTENT=","/>
					</TextLine>
					<TextLine ID="line_20" HPOS="189" VPOS="1335" WIDTH="1320" HEIGHT="80">
						<String ID="string_159" HPOS="189" VPOS="1363" WIDTH="131" HEIGHT="52" WC="0.64" CONTENT="their"/><SP WIDTH="10" VPOS="1363" HPOS="320"/>
						<String ID="string_160" HPOS="330" VPOS="1354" WIDTH="183" HEIGHT="59" WC="0.64" CONTENT="(word,"/><SP WIDTH="16" VPOS="1354" HPOS="513"/>
						<String ID="string_161" HPOS="529" VPOS="1350" WIDTH="127" HEIGHT="51" WC="0.96" CONTENT="with"/><SP WIDTH="14" VPOS="1350" HPOS="656"/>
						<String ID="string_162" HPOS="670" VPOS="1344" WIDTH="166" HEIGHT="56" WC="0.96" CONTENT="which"/><SP WIDTH="15" VPOS="1344" HPOS="836"/>
						<String ID="string_163" HPOS="851" VPOS="1346" WIDTH="112" HEIGHT="60" WC="0.96" CONTENT="they"/><SP WIDTH="17" VPOS="1346" HPOS="963"/>
						<String ID="string_164" HPOS="980" VPOS="1339" WIDTH="124" HEIGHT="51" WC="0.64" CONTENT="mutt"/><SP WIDTH="15" VPOS="1339" HPOS="1104"/>
						<String ID="string_165" HPOS="1119" VPOS="1336" WIDTH="142" HEIGHT="68" WC="0.96" CONTENT="fight,"/><SP WIDTH="15" VPOS="1336" HPOS="1261"/>
						<String ID="string_166" HPOS="1276" VPOS="1335" WIDTH="96" HEIGHT="50" WC="0.93" CONTENT="and"/><SP WIDTH="18" VPOS="1335" HPOS="1372"/>
						<String ID="string_167" HPOS="1390" VPOS="1349" WIDTH="119" HEIGHT="33" WC="0.92" CONTENT="con-"/>
					</TextLine>
					<TextLine ID="line_21" HPOS="190" VPOS="1397" WIDTH="1322" HEIGHT="93">
						<String ID="string_168" HPOS="190" VPOS="1430" WIDTH="123" HEIGHT="52" WC="0.93" CONTENT="tend"/><SP WIDTH="18" VPOS="1430" HPOS="313"/>
						<String ID="string_169" HPOS="331" VPOS="1422" WIDTH="186" HEIGHT="68" WC="0.87" CONTENT="againft"/><SP WIDTH="14" VPOS="1422" HPOS="517"/>
						<String ID="string_170" HPOS="531" VPOS="1420" WIDTH="63" HEIGHT="50" WC="0.93" CONTENT="all"/><SP WIDTH="13" VPOS="1420" HPOS="594"/>
						<String ID="string_171" HPOS="607" VPOS="1413" WIDTH="309" HEIGHT="70" WC="0.90" CONTENT="oppofitions"/><SP WIDTH="14" VPOS="1413" HPOS="916"/>
						<String ID="string_172" HPOS="930" VPOS="1409" WIDTH="125" HEIGHT="50" WC="0.97" CONTENT="both"/><SP WIDTH="16" VPOS="1409" HPOS="1055"/>
						<String ID="string_173" HPOS="1071" VPOS="1406" WIDTH="152" HEIGHT="50" WC="0.95" CONTENT="ofthe"/><SP WIDTH="17" VPOS="1406" HPOS="1223"/>
						<String ID="string_174" HPOS="1240" VPOS="1402" WIDTH="133" HEIGHT="52" WC="0.95" CONTENT="devil"/><SP WIDTH="38" VPOS="1402" HPOS="1373"/>
						<String ID="string_175" HPOS="1411" VPOS="1397" WIDTH="101" HEIGHT="51" WC="0.95" CONTENT="and"/>
					</TextLine>
					<TextLine ID="line_22" HPOS="190" VPOS="1468" WIDTH="1324" HEIGHT="85">
						<String ID="string_176" HPOS="190" VPOS="1497" WIDTH="91" HEIGHT="50" WC="0.93" CONTENT="the"/><SP WIDTH="14" VPOS="1497" HPOS="281"/>
						<String ID="string_177" HPOS="295" VPOS="1492" WIDTH="138" HEIGHT="61" WC="0.70" CONTENT="fleth,"/><SP WIDTH="14" VPOS="1492" HPOS="433"/>
						<String ID="string_178" HPOS="447" VPOS="1489" WIDTH="86" HEIGHT="50" WC="0.96" CONTENT="the"/><SP WIDTH="16" VPOS="1489" HPOS="533"/>
						<String ID="string_179" HPOS="549" VPOS="1482" WIDTH="184" HEIGHT="68" WC="0.83" CONTENT="world,"/><SP WIDTH="38" VPOS="1482" HPOS="733"/>
						<String ID="string_180" HPOS="771" VPOS="1473" WIDTH="263" HEIGHT="75" WC="0.81" CONTENT="pleafures,"/><SP WIDTH="34" VPOS="1473" HPOS="1034"/>
						<String ID="string_181" HPOS="1068" VPOS="1472" WIDTH="193" HEIGHT="70" WC="0.92" CONTENT="profits,"/><SP WIDTH="29" VPOS="1472" HPOS="1261"/>
						<String ID="string_182" HPOS="1290" VPOS="1468" WIDTH="100" HEIGHT="51" WC="0.93" CONTENT="and"/><SP WIDTH="13" VPOS="1468" HPOS="1390"/>
						<String ID="string_183" HPOS="1403" VPOS="1481" WIDTH="111" HEIGHT="53" WC="0.91" CONTENT="pre-"/>
					</TextLine>
					<TextLine ID="line_23" HPOS="192" VPOS="1534" WIDTH="1321" HEIGHT="84">
						<String ID="string_184" HPOS="192" VPOS="1564" WIDTH="237" HEIGHT="52" WC="0.59" CONTENT="ferments"/><SP WIDTH="27" VPOS="1564" HPOS="429"/>
						<String ID="string_185" HPOS="456" VPOS="1551" WIDTH="225" HEIGHT="67" WC="0.94" CONTENT="thereof,"/><SP WIDTH="61" VPOS="1551" HPOS="681"/>
						<String ID="string_186" HPOS="742" VPOS="1549" WIDTH="115" HEIGHT="50" WC="0.93" CONTENT="how"/><SP WIDTH="29" VPOS="1549" HPOS="857"/>
						<String ID="string_187" HPOS="886" VPOS="1543" WIDTH="179" HEIGHT="54" WC="0.92" CONTENT="fhould"/><SP WIDTH="39" VPOS="1543" HPOS="1065"/>
						<String ID="string_188" HPOS="1104" VPOS="1542" WIDTH="118" HEIGHT="64" WC="0.96" CONTENT="they"/><SP WIDTH="26" VPOS="1542" HPOS="1222"/>
						<String ID="string_189" HPOS="1248" VPOS="1536" WIDTH="147" HEIGHT="53" WC="0.96" CONTENT="make"/><SP WIDTH="30" VPOS="1536" HPOS="1395"/>
						<String ID="string_190" HPOS="1425" VPOS="1534" WIDTH="88" HEIGHT="50" WC="0.96" CONTENT="the"/>
					</TextLine>
					<TextLine ID="line_24" HPOS="196" VPOS="1604" WIDTH="1371" HEIGHT="79">
						<String ID="string_191" HPOS="196" VPOS="1630" WIDTH="144" HEIGHT="53" WC="0.96" CONTENT="word"/><SP WIDTH="16" VPOS="1630" HPOS="340"/>
						<String ID="string_192" HPOS="356" VPOS="1623" WIDTH="126" HEIGHT="54" WC="0.29" CONTENT="their"/><SP WIDTH="11" VPOS="1623" HPOS="482"/>
						<String ID="string_193" HPOS="493" VPOS="1615" WIDTH="206" HEIGHT="58" WC="0.29" CONTENT="councel"/><SP WIDTH="16" VPOS="1615" HPOS="699"/>
						<String ID="string_194" HPOS="715" VPOS="1614" WIDTH="126" HEIGHT="54" WC="0.90" CONTENT="inall"/><SP WIDTH="18" VPOS="1614" HPOS="841"/>
						<String ID="string_195" HPOS="859" VPOS="1608" WIDTH="132" HEIGHT="56" WC="0.96" CONTENT="their"/><SP WIDTH="28" VPOS="1608" HPOS="991"/>
						<String ID="string_196" HPOS="1019" VPOS="1608" WIDTH="196" HEIGHT="55" WC="0.26" CONTENT="ations"/><SP WIDTH="25" VPOS="1608" HPOS="1215"/>
						<String ID="string_197" HPOS="1240" VPOS="1648" WIDTH="17" HEIGHT="25" WC="0.88" CONTENT=","/><SP WIDTH="36" VPOS="1648" HPOS="1257"/>
						<String ID="string_198" HPOS="1293" VPOS="1604" WIDTH="99" HEIGHT="51" WC="0.96" CONTENT="and"/><SP WIDTH="26" VPOS="1604" HPOS="1392"/>
						<String ID="string_199" HPOS="1418" VPOS="1611" WIDTH="95" HEIGHT="41" WC="0.91" CONTENT="not"/><SP WIDTH="52" VPOS="1611" HPOS="1513"/>
						<String ID="string_200" HPOS="1565" VPOS="1647" WIDTH="2" HEIGHT="2" WC="0.25" CONTENT="©"/>
					</TextLine>
					<TextLine ID="line_25" HPOS="194" VPOS="1665" WIDTH="1318" HEIGHT="96">
						<String ID="string_201" HPOS="194" VPOS="1701" WIDTH="190" HEIGHT="50" WC="0.91" CONTENT="dareto"/><SP WIDTH="16" VPOS="1701" HPOS="384"/>
						<String ID="string_202" HPOS="400" VPOS="1690" WIDTH="225" HEIGHT="71" WC="0.91" CONTENT="prefume"/><SP WIDTH="14" VPOS="1690" HPOS="625"/>
						<String ID="string_203" HPOS="639" VPOS="1687" WIDTH="54" HEIGHT="50" WC="0.96" CONTENT="in"/><SP WIDTH="15" VPOS="1687" HPOS="693"/>
						<String ID="string_204" HPOS="708" VPOS="1701" WIDTH="87" HEIGHT="48" WC="0.95" CONTENT="any"/><SP WIDTH="18" VPOS="1701" HPOS="795"/>
						<String ID="string_205" HPOS="813" VPOS="1680" WIDTH="147" HEIGHT="65" WC="0.96" CONTENT="thing"/><SP WIDTH="12" VPOS="1680" HPOS="960"/>
						<String ID="string_206" HPOS="972" VPOS="1679" WIDTH="160" HEIGHT="49" WC="0.96" CONTENT="above"/><SP WIDTH="11" VPOS="1679" HPOS="1132"/>
						<String ID="string_207" HPOS="1143" VPOS="1673" WIDTH="133" HEIGHT="53" WC="0.96" CONTENT="what"/><SP WIDTH="20" VPOS="1673" HPOS="1276"/>
						<String ID="string_208" HPOS="1296" VPOS="1671" WIDTH="41" HEIGHT="62" WC="0.91" CONTENT="is"/><SP WIDTH="35" VPOS="1671" HPOS="1337"/>
						<String ID="string_209" HPOS="1372" VPOS="1665" WIDTH="140" HEIGHT="54" WC="0.91" CONTENT="writ-"/>
					</TextLine>
					<TextLine ID="line_26" HPOS="195" VPOS="1733" WIDTH="1320" HEIGHT="94">
						<String ID="string_210" HPOS="195" VPOS="1739" WIDTH="104" HEIGHT="92" WC="0.64" CONTENT="ten,"/><SP WIDTH="8" VPOS="1739" HPOS="299"/>
						<String ID="string_211" HPOS="307" VPOS="1739" WIDTH="114" HEIGHT="92" WC="0.60" CONTENT="leaft"/><SP WIDTH="20" VPOS="1739" HPOS="421"/>
						<String ID="string_212" HPOS="441" VPOS="1760" WIDTH="113" HEIGHT="65" WC="0.96" CONTENT="they"/><SP WIDTH="15" VPOS="1760" HPOS="554"/>
						<String ID="string_213" HPOS="569" VPOS="1755" WIDTH="64" HEIGHT="49" WC="0.95" CONTENT="be"/><SP WIDTH="12" VPOS="1755" HPOS="633"/>
						<String ID="string_214" HPOS="645" VPOS="1748" WIDTH="272" HEIGHT="54" WC="0.95" CONTENT="overtaken"/><SP WIDTH="17" VPOS="1748" HPOS="917"/>
						<String ID="string_215" HPOS="934" VPOS="1744" WIDTH="130" HEIGHT="52" WC="0.86" CONTENT="with"/><SP WIDTH="12" VPOS="1744" HPOS="1064"/>
						<String ID="string_216" HPOS="1076" VPOS="1743" WIDTH="88" HEIGHT="51" WC="0.86" CONTENT="the"/><SP WIDTH="14" VPOS="1743" HPOS="1164"/>
						<String ID="string_217" HPOS="1178" VPOS="1755" WIDTH="138" HEIGHT="35" WC="0.96" CONTENT="error"/><SP WIDTH="31" VPOS="1755" HPOS="1316"/>
						<String ID="string_218" HPOS="1347" VPOS="1735" WIDTH="56" HEIGHT="51" WC="0.96" CONTENT="of"/><SP WIDTH="25" VPOS="1735" HPOS="1403"/>
						<String ID="string_219" HPOS="1428" VPOS="1733" WIDTH="87" HEIGHT="51" WC="0.95" CONTENT="the"/>
					</TextLine>
					<TextLine ID="line_27" HPOS="198" VPOS="1798" WIDTH="1322" HEIGHT="88">
						<String ID="string_220" HPOS="198" VPOS="1828" WIDTH="198" HEIGHT="58" WC="0.96" CONTENT="wicked"/><SP WIDTH="15" VPOS="1828" HPOS="396"/>
						<String ID="string_221" HPOS="411" VPOS="1827" WIDTH="99" HEIGHT="52" WC="0.83" CONTENT="and"/><SP WIDTH="14" VPOS="1827" HPOS="510"/>
						<String ID="string_222" HPOS="524" VPOS="1826" WIDTH="54" HEIGHT="50" WC="0.43" CONTENT="fo"/><SP WIDTH="16" VPOS="1826" HPOS="578"/>
						<String ID="string_223" HPOS="594" VPOS="1816" WIDTH="224" HEIGHT="57" WC="0.90" CONTENT="fallfrom"/><SP WIDTH="33" VPOS="1816" HPOS="818"/>
						<String ID="string_224" HPOS="851" VPOS="1812" WIDTH="133" HEIGHT="54" WC="0.95" CONTENT="their"/><SP WIDTH="24" VPOS="1812" HPOS="984"/>
						<String ID="string_225" HPOS="1008" VPOS="1828" WIDTH="118" HEIGHT="34" WC="0.96" CONTENT="own"/><SP WIDTH="27" VPOS="1828" HPOS="1126"/>
						<String ID="string_226" HPOS="1153" VPOS="1798" WIDTH="328" HEIGHT="61" WC="0.34" CONTENT="ftedfaftnefle"/><SP WIDTH="20" VPOS="1798" HPOS="1481"/>
						<String ID="string_227" HPOS="1501" VPOS="1816" WIDTH="19" HEIGHT="32" WC="0.37" CONTENT="«"/>
					</TextLine>
					<TextLine ID="line_28" HPOS="198" VPOS="1872" WIDTH="1322" HEIGHT="83">
						<String ID="string_228" HPOS="198" VPOS="1902" WIDTH="121" HEIGHT="52" WC="0.93" CONTENT="how"/><SP WIDTH="18" VPOS="1902" HPOS="319"/>
						<String ID="string_229" HPOS="337" VPOS="1893" WIDTH="172" HEIGHT="56" WC="0.70" CONTENT="fhould"/><SP WIDTH="13" VPOS="1893" HPOS="509"/>
						<String ID="string_230" HPOS="522" VPOS="1892" WIDTH="121" HEIGHT="63" WC="0.96" CONTENT="they"/><SP WIDTH="12" VPOS="1892" HPOS="643"/>
						<String ID="string_231" HPOS="655" VPOS="1887" WIDTH="248" HEIGHT="55" WC="0.30" CONTENT="beware,"/><SP WIDTH="4" VPOS="1887" HPOS="903"/>
						<String ID="string_232" HPOS="907" VPOS="1879" WIDTH="108" HEIGHT="61" WC="0.30" CONTENT="and"/><SP WIDTH="15" VPOS="1879" HPOS="1015"/>
						<String ID="string_233" HPOS="1030" VPOS="1880" WIDTH="116" HEIGHT="50" WC="0.93" CONTENT="take"/><SP WIDTH="14" VPOS="1880" HPOS="1146"/>
						<String ID="string_234" HPOS="1160" VPOS="1876" WIDTH="128" HEIGHT="51" WC="0.93" CONTENT="heed"/><SP WIDTH="16" VPOS="1876" HPOS="1288"/>
						<String ID="string_235" HPOS="1304" VPOS="1872" WIDTH="63" HEIGHT="52" WC="0.96" CONTENT="of"/><SP WIDTH="17" VPOS="1872" HPOS="1367"/>
						<String ID="string_236" HPOS="1384" VPOS="1884" WIDTH="136" HEIGHT="44" WC="0.96" CONTENT="men,"/>
					</TextLine>
					<TextLine ID="line_29" HPOS="153" VPOS="1938" WIDTH="1366" HEIGHT="84">
						<String ID="string_237" HPOS="153" VPOS="1991" WIDTH="4" HEIGHT="2" WC="0.77" CONTENT="-"/><SP WIDTH="41" VPOS="1991" HPOS="157"/>
						<String ID="string_238" HPOS="198" VPOS="1967" WIDTH="120" HEIGHT="52" WC="0.91" CONTENT="falfe"/><SP WIDTH="17" VPOS="1967" HPOS="318"/>
						<String ID="string_239" HPOS="335" VPOS="1948" WIDTH="189" HEIGHT="78" WC="0.85" CONTENT="Chrifts,"/><SP WIDTH="15" VPOS="1948" HPOS="524"/>
						<String ID="string_240" HPOS="539" VPOS="1955" WIDTH="131" HEIGHT="63" WC="0.92" CONTENT="falfe"/><SP WIDTH="14" VPOS="1955" HPOS="670"/>
						<String ID="string_241" HPOS="684" VPOS="1952" WIDTH="257" HEIGHT="70" WC="0.93" CONTENT="prophets,"/><SP WIDTH="49" VPOS="1952" HPOS="941"/>
						<String ID="string_242" HPOS="990" VPOS="1944" WIDTH="101" HEIGHT="52" WC="0.91" CONTENT="and"/><SP WIDTH="25" VPOS="1944" HPOS="1091"/>
						<String ID="string_243" HPOS="1116" VPOS="1942" WIDTH="119" HEIGHT="53" WC="0.91" CONTENT="falfe"/><SP WIDTH="28" VPOS="1942" HPOS="1235"/>
						<String ID="string_244" HPOS="1263" VPOS="1938" WIDTH="221" HEIGHT="54" WC="0.77" CONTENT="teachers"/><SP WIDTH="18" VPOS="1938" HPOS="1484"/>
						<String ID="string_245" HPOS="1502" VPOS="1976" WIDTH="17" HEIGHT="23" WC="0.77" CONTENT=","/>
					</TextLine>
					<TextLine ID="line_30" HPOS="198" VPOS="1999" WIDTH="1317" HEIGHT="92">
						<String ID="string_246" HPOS="198" VPOS="2039" WIDTH="120" HEIGHT="50" WC="0.93" CONTENT="how"/><SP WIDTH="18" VPOS="2039" HPOS="318"/>
						<String ID="string_247" HPOS="336" VPOS="2027" WIDTH="183" HEIGHT="64" WC="0.92" CONTENT="fhould"/><SP WIDTH="10" VPOS="2027" HPOS="519"/>
						<String ID="string_248" HPOS="529" VPOS="2025" WIDTH="217" HEIGHT="65" WC="0.89" CONTENT="theytry"/><SP WIDTH="19" VPOS="2025" HPOS="746"/>
						<String ID="string_249" HPOS="765" VPOS="2012" WIDTH="259" HEIGHT="70" WC="0.68" CONTENT="thefpirits"/><SP WIDTH="18" VPOS="2012" HPOS="1024"/>
						<String ID="string_250" HPOS="1042" VPOS="2012" WIDTH="223" HEIGHT="63" WC="0.96" CONTENT="whether"/><SP WIDTH="34" VPOS="2012" HPOS="1265"/>
						<String ID="string_251" HPOS="1299" VPOS="2006" WIDTH="122" HEIGHT="64" WC="0.96" CONTENT="they"/><SP WIDTH="33" VPOS="2006" HPOS="1421"/>
						<String ID="string_252" HPOS="1454" VPOS="1999" WIDTH="61" HEIGHT="52" WC="0.96" CONTENT="be"/>
					</TextLine>
					<TextLine ID="line_31" HPOS="197" VPOS="2071" WIDTH="1321" HEIGHT="89">
						<String ID="string_253" HPOS="197" VPOS="2106" WIDTH="57" HEIGHT="51" WC="0.92" CONTENT="of"/><SP WIDTH="15" VPOS="2106" HPOS="254"/>
						<String ID="string_254" HPOS="269" VPOS="2098" WIDTH="121" HEIGHT="55" WC="0.93" CONTENT="God"/><SP WIDTH="18" VPOS="2098" HPOS="390"/>
						<String ID="string_255" HPOS="408" VPOS="2111" WIDTH="158" HEIGHT="49" WC="0.92" CONTENT="orno,"/><SP WIDTH="10" VPOS="2111" HPOS="566"/>
						<String ID="string_256" HPOS="576" VPOS="2089" WIDTH="164" HEIGHT="67" WC="0.86" CONTENT="feeing"/><SP WIDTH="10" VPOS="2089" HPOS="740"/>
						<String ID="string_257" HPOS="750" VPOS="2101" WIDTH="149" HEIGHT="50" WC="0.93" CONTENT="many"/><SP WIDTH="20" VPOS="2101" HPOS="899"/>
						<String ID="string_258" HPOS="919" VPOS="2078" WIDTH="112" HEIGHT="54" WC="0.88" CONTENT="falfe"/><SP WIDTH="13" VPOS="2078" HPOS="1031"/>
						<String ID="string_259" HPOS="1044" VPOS="2078" WIDTH="208" HEIGHT="62" WC="0.79" CONTENT="Chrifts,"/><SP WIDTH="32" VPOS="2078" HPOS="1252"/>
						<String ID="string_260" HPOS="1284" VPOS="2071" WIDTH="100" HEIGHT="55" WC="0.92" CONTENT="and"/><SP WIDTH="11" VPOS="2071" HPOS="1384"/>
						<String ID="string_261" HPOS="1395" VPOS="2085" WIDTH="123" HEIGHT="50" WC="0.47" CONTENT="pro-"/>
					</TextLine>
					<TextLine ID="line_32" HPOS="203" VPOS="2127" WIDTH="1611" HEIGHT="112">
						<String ID="string_262" HPOS="203" VPOS="2170" WIDTH="151" HEIGHT="69" WC="0.92" CONTENT="phets"/><SP WIDTH="32" VPOS="2170" HPOS="354"/>
						<String ID="string_263" HPOS="386" VPOS="2182" WIDTH="80" HEIGHT="34" WC="0.96" CONTENT="are"/><SP WIDTH="29" VPOS="2182" HPOS="466"/>
						<String ID="string_264" HPOS="495" VPOS="2159" WIDTH="203" HEIGHT="64" WC="0.93" CONTENT="already"/><SP WIDTH="29" VPOS="2159" HPOS="698"/>
						<String ID="string_265" HPOS="727" VPOS="2153" WIDTH="119" HEIGHT="52" WC="0.89" CONTENT="rifen"/><SP WIDTH="19" VPOS="2153" HPOS="846"/>
						<String ID="string_266" HPOS="865" VPOS="2189" WIDTH="13" HEIGHT="20" WC="0.88" CONTENT=","/><SP WIDTH="40" VPOS="2189" HPOS="878"/>
						<String ID="string_267" HPOS="918" VPOS="2147" WIDTH="166" HEIGHT="52" WC="0.93" CONTENT="which"/><SP WIDTH="25" VPOS="2147" HPOS="1084"/>
						<String ID="string_268" HPOS="1109" VPOS="2139" WIDTH="312" HEIGHT="58" WC="0.88" CONTENT="deceiveand"/><SP WIDTH="14" VPOS="2139" HPOS="1421"/>
						<String ID="string_269" HPOS="1435" VPOS="2140" WIDTH="78" HEIGHT="45" WC="0.89" CONTENT="be."/><SP WIDTH="27" VPOS="2140" HPOS="1513"/>
						<String ID="string_270" HPOS="1540" VPOS="2141" WIDTH="17" HEIGHT="30" WC="0.40" CONTENT="1"/><SP WIDTH="21" VPOS="2141" HPOS="1557"/>
						<String ID="string_271" HPOS="1578" VPOS="2127" WIDTH="144" HEIGHT="63" WC="0.0" CONTENT="Joh.q."/><SP WIDTH="13" VPOS="2127" HPOS="1722"/>
						<String ID="string_272" HPOS="1735" VPOS="2139" WIDTH="79" HEIGHT="35" WC="0.0" CONTENT="1:"/>
					</TextLine>
					<TextLine ID="line_33" HPOS="240" VPOS="2191" WIDTH="1433" HEIGHT="98">
						<String ID="string_273" HPOS="240" VPOS="2230" WIDTH="371" HEIGHT="59" WC="0.73" CONTENT="uilethehearts"/><SP WIDTH="12" VPOS="2230" HPOS="611"/>
						<String ID="string_274" HPOS="623" VPOS="2224" WIDTH="149" HEIGHT="52" WC="0.93" CONTENT="ofthe"/><SP WIDTH="27" VPOS="2224" HPOS="772"/>
						<String ID="string_275" HPOS="799" VPOS="2217" WIDTH="198" HEIGHT="67" WC="0.81" CONTENT="fimple:"/><SP WIDTH="54" VPOS="2217" HPOS="997"/>
						<String ID="string_276" HPOS="1051" VPOS="2215" WIDTH="120" HEIGHT="51" WC="0.87" CONTENT="how"/><SP WIDTH="27" VPOS="2215" HPOS="1171"/>
						<String ID="string_277" HPOS="1198" VPOS="2206" WIDTH="177" HEIGHT="56" WC="0.92" CONTENT="fhould"/><SP WIDTH="25" VPOS="2206" HPOS="1375"/>
						<String ID="string_278" HPOS="1400" VPOS="2205" WIDTH="124" HEIGHT="65" WC="0.54" CONTENT="they:"/><SP WIDTH="17" VPOS="2205" HPOS="1524"/>
						<String ID="string_279" HPOS="1541" VPOS="2204" WIDTH="40" HEIGHT="31" WC="0.74" CONTENT="*"/><SP WIDTH="21" VPOS="2204" HPOS="1581"/>
						<String ID="string_280" HPOS="1602" VPOS="2191" WIDTH="71" HEIGHT="78" WC="0.89" CONTENT="18."/>
					</TextLine>
					<TextLine ID="line_34" HPOS="205" VPOS="2270" WIDTH="1318" HEIGHT="88">
						<String ID="string_281" HPOS="205" VPOS="2326" WIDTH="28" HEIGHT="32" WC="0.77" CONTENT="©"/><SP WIDTH="28" VPOS="2326" HPOS="233"/>
						<String ID="string_282" HPOS="261" VPOS="2296" WIDTH="248" HEIGHT="62" WC="0.82" CONTENT="editatein"/><SP WIDTH="17" VPOS="2296" HPOS="509"/>
						<String ID="string_283" HPOS="526" VPOS="2296" WIDTH="87" HEIGHT="51" WC="0.94" CONTENT="the"/><SP WIDTH="12" VPOS="2296" HPOS="613"/>
						<String ID="string_284" HPOS="625" VPOS="2296" WIDTH="96" HEIGHT="51" WC="0.94" CONTENT="law"/><SP WIDTH="11" VPOS="2296" HPOS="721"/>
						<String ID="string_285" HPOS="732" VPOS="2288" WIDTH="59" HEIGHT="53" WC="0.95" CONTENT="of"/><SP WIDTH="9" VPOS="2288" HPOS="791"/>
						<String ID="string_286" HPOS="800" VPOS="2287" WIDTH="85" HEIGHT="53" WC="0.95" CONTENT="the"/><SP WIDTH="16" VPOS="2287" HPOS="885"/>
						<String ID="string_287" HPOS="901" VPOS="2282" WIDTH="137" HEIGHT="55" WC="0.42" CONTENT="Lord,"/><SP WIDTH="64" VPOS="2282" HPOS="1038"/>
						<String ID="string_288" HPOS="1102" VPOS="2278" WIDTH="136" HEIGHT="55" WC="0.75" CONTENT="Stand"/><SP WIDTH="14" VPOS="2278" HPOS="1238"/>
						<String ID="string_289" HPOS="1252" VPOS="2275" WIDTH="91" HEIGHT="54" WC="0.62" CONTENT="taft"/><SP WIDTH="19" VPOS="2275" HPOS="1343"/>
						<String ID="string_290" HPOS="1362" VPOS="2271" WIDTH="51" HEIGHT="52" WC="0.96" CONTENT="in"/><SP WIDTH="22" VPOS="2271" HPOS="1413"/>
						<String ID="string_291" HPOS="1435" VPOS="2270" WIDTH="88" HEIGHT="51" WC="0.96" CONTENT="the"/>
					</TextLine>
				</TextBlock>
				<TextBlock ID="block_4" HPOS="205" VPOS="2337" WIDTH="1339" HEIGHT="140">
					<TextLine ID="line_35" HPOS="205" VPOS="2337" WIDTH="1319" HEIGHT="90">
						<String ID="string_292" HPOS="205" VPOS="2371" WIDTH="127" HEIGHT="56" WC="0.37" CONTENT="Gith"/><SP WIDTH="12" VPOS="2371" HPOS="332"/>
						<String ID="string_293" HPOS="344" VPOS="2333" WIDTH="224" HEIGHT="98" WC="0.96" CONTENT="without"/><SP WIDTH="15" VPOS="2333" HPOS="568"/>
						<String ID="string_294" HPOS="583" VPOS="2360" WIDTH="285" HEIGHT="63" WC="0.88" CONTENT="wavering,"/><SP WIDTH="42" VPOS="2360" HPOS="868"/>
						<String ID="string_295" HPOS="910" VPOS="2349" WIDTH="277" HEIGHT="55" WC="0.94" CONTENT="remember"/><SP WIDTH="27" VPOS="2349" HPOS="1187"/>
						<String ID="string_296" HPOS="1214" VPOS="2345" WIDTH="116" HEIGHT="51" WC="0.93" CONTENT="God"/><SP WIDTH="40" VPOS="2345" HPOS="1330"/>
						<String ID="string_297" HPOS="1370" VPOS="2343" WIDTH="51" HEIGHT="48" WC="0.93" CONTENT="in"/><SP WIDTH="25" VPOS="2343" HPOS="1421"/>
						<String ID="string_298" HPOS="1446" VPOS="2337" WIDTH="78" HEIGHT="51" WC="0.96" CONTENT="his"/>
					</TextLine>
					<TextLine ID="line_36" HPOS="776" VPOS="2423" WIDTH="768" HEIGHT="54">
						<String ID="string_299" HPOS="776" VPOS="2426" WIDTH="47" HEIGHT="51" WC="0.90" CONTENT="K"/><SP WIDTH="563" VPOS="2426" HPOS="823"/>
						<String ID="string_300" HPOS="1386" VPOS="2423" WIDTH="114" HEIGHT="52" WC="0.90" CONTENT="Way"/><SP WIDTH="17" VPOS="2423" HPOS="1500"/>
						<String ID="string_301" HPOS="1517" VPOS="2440" WIDTH="27" HEIGHT="28" WC="0.69" CONTENT="5."/>
					</TextLine>
				</TextBlock>
				<TextBlock ID="block_5" HPOS="1523" VPOS="550" WIDTH="257" HEIGHT="72">
					<TextLine ID="line_37" HPOS="1523" VPOS="550" WIDTH="257" HEIGHT="72">
						<String ID="string_302" HPOS="1523" VPOS="580" WIDTH="24" HEIGHT="28" WC="0.90" CONTENT="2"/><SP WIDTH="11" VPOS="580" HPOS="1547"/>
						<String ID="string_303" HPOS="1558" VPOS="550" WIDTH="164" HEIGHT="62" WC="0.66" CONTENT="Pet.2.1"/><SP WIDTH="12" VPOS="550" HPOS="1722"/>
						<String ID="string_304" HPOS="1734" VPOS="579" WIDTH="46" HEIGHT="43" WC="0.80" CONTENT="7"/>
					</TextLine>
				</TextBlock>
				<TextBlock ID="block_6" HPOS="1541" VPOS="2314" WIDTH="272" HEIGHT="60">
					<TextLine ID="line_38" HPOS="1541" VPOS="2314" WIDTH="272" HEIGHT="60">
						<String ID="string_305" HPOS="1541" VPOS="2314" WIDTH="272" HEIGHT="60" WC="0.14" CONTENT="Pfa,z19.78:"/>
					</TextLine>
				</TextBlock>
				<TextBlock ID="block_7" HPOS="1443" VPOS="0" WIDTH="636" HEIGHT="100">
					<TextLine ID="line_39" HPOS="1443" VPOS="0" WIDTH="636" HEIGHT="100">
						<String ID="string_306" HPOS="1443" VPOS="0" WIDTH="636" HEIGHT="100" WC="0.95" CONTENT=" "/>
					</TextLine>
				</TextBlock>
				<TextBlock ID="block_8" HPOS="2037" VPOS="26" WIDTH="20" HEIGHT="2174">
					<TextLine ID="line_40" HPOS="2037" VPOS="26" WIDTH="20" HEIGHT="2174">
						<String ID="string_307" HPOS="2037" VPOS="26" WIDTH="20" HEIGHT="2174" WC="0.95" CONTENT=" "/>
					</TextLine>
				</TextBlock>
				<TextBlock ID="block_9" HPOS="2057" VPOS="26" WIDTH="22" HEIGHT="2181">
					<TextLine ID="line_41" HPOS="2057" VPOS="26" WIDTH="22" HEIGHT="2181">
						<String ID="string_308" HPOS="2057" VPOS="26" WIDTH="22" HEIGHT="2181" WC="0.95" CONTENT=" "/>
					</TextLine>
				</TextBlock>
				<TextBlock ID="block_10" HPOS="2033" VPOS="26" WIDTH="27" HEIGHT="2709">
					<TextLine ID="line_42" HPOS="2033" VPOS="26" WIDTH="27" HEIGHT="2709">
						<String ID="string_309" HPOS="2033" VPOS="26" WIDTH="27" HEIGHT="2709" WC="0.95" CONTENT=" "/>
					</TextLine>
				</TextBlock>
			</PrintSpace>
		</Page>
	</Layout>
</alto>
