1956 2773
344 126 97 84 26
881 126 83 82 AT
978 126 277 107 reatife
1288 128 289 106 touching
1633 119 102 121 =

236 337 4 4 |
283 270 66 41 AR
363 280 47 30 2.
426 279 61 38 39.
560 252 157 69 them,
727 251 104 57 viz,
855 266 309 58 repentance,
1176 249 121 54 faith
1311 248 98 54 and
1422 246 278 70 baptifme;
1735 246 155 63 indo-

0 183 5 28 ;

562 322 86 66 ing
662 322 60 51 of
730 322 187 66 which,
931 323 139 65 they,
1093 333 63 37 to
1158 316 111 68 wit,
1286 317 218 65 fomany
1531 323 49 44 as
1599 316 103 50 did
1713 328 181 53 repent

0 388 9 105 |
560 388 54 52 of
630 375 129 87 their
775 388 209 70 theding
994 385 335 54 theinnocent
1341 382 174 61 blood,
1533 382 108 51 and
1666 388 239 46 wereac--

562 454 267 72 cordingly
854 455 254 69 baptized,
1121 451 104 52 did
1248 447 193 55 receive
1475 445 327 70 forgivenefs,
1838 465 56 35 as

565 522 175 56 Chrift
762 523 102 52 had
891 523 192 67 prayed
1107 518 119 68 they
1249 517 209 62 fhoulds;
1507 515 91 51 but
1622 533 52 34 as
1691 514 81 51 for
1799 515 89 50 the

561 590 108 63 reft.
710 591 64 51 all
790 589 84 57 the
886 589 159 58 blood
1060 586 108 54 that
1181 601 99 36 was
1306 583 115 52 fhed
1445 600 140 52 upon
1600 582 103 51 the
1726 582 140 76 earth,

1 730 2 2 :
284 686 82 36 Mat.
385 689 131 40 23.35.
563 659 132 67 from
712 658 250 59 theblood
976 657 64 51 of
1054 645 251 88 righteous
1313 645 130 88 4be/,
1459 655 127 47 unto
1610 650 90 50 the
1726 649 164 51 blood

0 739 5 90 |
565 724 63 53 of
644 724 245 52 Zacharias
901 725 118 53 {hall
1034 724 212 60 beupon
1264 719 160 66 them,
1447 735 112 51 yea,
1584 716 98 58 and
1710 715 178 53 thein-

563 796 182 48 nocent
769 790 154 56 blood
953 790 66 54 of
1035 787 170 58 Chrift
1225 784 120 61 alfo,
1368 785 167 53 which
1562 783 117 67 they
1700 783 194 54 defired.

0 892 4 45 :
288 914 35 36 M
565 859 167 68 might
749 859 141 53 beon
903 860 142 53 them
1060 856 99 53 and
1170 853 128 54 their
1317 852 267 55 Children.

11 987 3 6 .
326 923 47 27 at.
390 921 115 37 27.25.
574 912 42 84 =
634 930 135 54 Now
798 942 58 37 to
888 940 147 38 come
1057 923 131 54 clofe
1217 937 54 49 to
1294 921 86 51 the
1411 932 277 56 argument,
1707 919 190 55 -Chritft:

565 994 210 69 prayeth
794 994 79 51 for
885 993 78 53 his
980 991 263 69 Difciples,
1256 990 107 50 that
1375 989 119 66 they
1509 985 383 70 fhouldbekept

566 1060 132 53 trom
713 1062 86 52 the
814 1057 196 66 evill
1013 1059 88 51 ofthe
1113 1056 183 61 world,
1323 1054 58 52 in
1390 1047 159 80 which
1574 1051 64 49 he
1652 1053 44 51 is
1721 1054 173 54 heard,

568 1130 26 49 1
616 1144 163 54 grant,
802 1125 311 68 confidering
1138 1125 80 53 his
1254 1139 175 51 prayer
1458 1125 30 58 (
1511 1138 49 33 as
1586 1118 228 69 before
1744 1114 67 88 );
1831 1136 65 38 to:

566 1196 130 60 have
721 1196 181 66 refpect
914 1193 200 65 cotheir
1134 1189 287 70 abiding
1355 1181 65 85 in
1431 1186 131 68 him,
1584 1185 69 72 by
1665 1186 232 72 keeping

567 1263 78 56 his
659 1262 487 64 commandements;
1179 1259 102 71 for,
1302 1255 219 67 hefaith,
1543 1261 57 64 ‘Jf
1621 1264 42 60 xe
1684 1251 97 83 love
1789 1275 104 49 me,.

287 1348 257 51 Joh.14.15.16.
567 1334 103 65 Reep
684 1352 70 52 my
768 1333 437 62 Commandements,
1225 1328 97 50 and
1332 1336 28 41 I
1380 1324 98 54 will
1479 1339 109 52 pray
1606 1325 73 51 the
1709 1326 191 59 Father,

568 1400 98 52 and
675 1401 52 50 he
732 1399 114 69 fhall
864 1406 119 57 give
994 1408 84 56 you
1097 1394 187 59 another
1296 1394 266 65 Comforter,
1587 1390 103 52 that
1698 1391 125 65 fall
1837 1412 59 31 a-

568 1466 113 53 bide
690 1466 111 51 with
804 1468 322 68 you-forever.;
1164 1461 169 59 Chrift
1352 1456 163 59 inthis
1529 1474 182 53 prayer
1734 1457 159 54 there-

565 1537 111 49 fore
693 1534 146 52 isnot
855 1531 245 61 abfolute,
1129 1532 111 49 that
1260 1530 51 51 is.
1329 1542 56 35 to
1416 1526 101 69 fay,
1539 1527 117 66 they
1692 1543 84 34 are
1789 1538 105 55 my:

568 1599 273 70 Difciples,
862 1600 123 62 thou
1000 1600 105 52 haft
1128 1597 150 69 given
1302 1596 135 49 them
1468 1595 98 58 me,
1595 1592 99 51 and
1716 1591 120 54 now
1869 1594 22 48 I

16 1679 7 62 |
569 1685 127 52 pray
710 1670 188 50 theeto
929 1669 130 65 keep
1080 1666 142 51 them
1250 1660 243 68 afthough
1523 1664 115 61 they
1672 1659 100 52 doe
1799 1672 98 38 not.

523 1740 4 6 '
568 1735 132 72 keep
726 1754 90 48 my
842 1732 512 65 Commandements;
1392 1729 92 61 but
1522 1728 99 52 this
1644 1736 184 59 prayer
1849 1724 45 55 is

18 1810 17 66 |
446 1824 10 8 -
573 1803 125 57 with
728 1800 188 73 refpe&
938 1817 60 38 to
1018 1786 134 91 their
1162 1797 225 75 abiding
1416 1796 52 53 in
1500 1794 126 60 him,
1663 1790 167 59 whith
1851 1792 52 54 if

534 1923 9 12 _
574 1874 122 68 they
708 1875 104 54 doe
847 1871 88 61 (as
964 1872 140 52 fome
1119 1868 139 53 have
1279 1880 99 49 not
1395 1855 129 91 dcne
1540 1862 123 59 that
1689 1877 133 40 were
1837 1859 53 55 in

18 1962 3 38 |
570 1941 152 67 him
677 1924 45 89 )
760 1941 122 68 they
894 1938 227 56 havethe
1145 1932 183 67 benefit
1348 1932 63 53 of
1421 1931 81 54 his
1526 1945 196 54 prayer,
1748 1930 95 52 but
1854 1928 45 54 if

499 2058 3 2 _
573 2008 286 68 otherwife,
882 2007 132 68 they
1017 1992 204 88 haveno
1240 1998 188 54 benefit
1440 1996 219 67 thereof,
1671 2013 68 33 no
1754 2013 148 40 more
1903 1992 44 88 _

569 2078 127 63 then
709 2077 122 69 they
841 2073 113 55 that
967 2078 102 54 doe
1080 2085 152 39 never
1248 2065 191 57 believe
1460 2065 56 55 in
1529 2064 124 66 him,
1662 2064 126 57 have
1807 2065 93 51 the

521 2189 3 2 _.
547 2144 209 57 benefit
768 2146 54 51 of
829 2138 83 59 his
926 2137 332 68 interceffion,
1271 2137 96 51 but
1387 2152 85 45 are
1485 2146 112 47 cut:
1614 2130 85 55 off
1716 2150 51 34 as
1794 2147 98 42 un-

563 2214 215 60 fruitfnll
796 2208 382 57 branchesfrom
1194 2205 88 51 the
1298 2202 135 55 Vine
1460 2224 30 32 :
1516 2200 380 54 thereforenot-

565 2278 323 70 witftanding
899 2276 168 57 Chrift
1091 2273 137 59 doth
1243 2288 122 53 pray
1395 2271 86 52 for
1501 2269 160 66 them,
1697 2266 45 54 it
1768 2267 130 53 doth

561 2366 99 47 not
684 2350 187 64 follow.
887 2346 99 60 but
996 2344 116 68 that
1113 2329 246 89 believers
1367 2356 121 52 may
1495 2337 288 68 fall:totally
1797 2333 102 61 and
