2061 2773
97 215 5 5 |
462 110 264 112 Falling
734 117 165 103 from
910 141 213 83 grace.

153 238 206 57 thatthe
369 232 201 55 wicked
583 250 118 34 man
716 233 160 69 doth,
914 231 342 71 thallhelive,
1295 234 65 51 all
1388 230 79 54 his

152 300 364 75 righteoufnefs
527 302 110 51 that
653 299 63 52 he
730 301 115 52 hath
861 303 131 50 done
1007 303 122 52 {hall
1145 317 92 36 not
1253 300 62 52 be
1330 319 139 33 men-

149 373 241 66 tioned,
327 362 61 81 in
399 370 76 52 his
487 366 225 72 trefpafle
737 371 105 50 that
847 371 71 59 he
931 370 126 52 hath
1075 367 282 71 trefpafled,
1370 370 102 53 and

149 449 52 52 in
213 443 73 53 his
298 440 67 55 fin
377 441 109 53 that
496 440 63 52 he
568 438 119 53 hath
701 436 202 71 finned,
940 437 205 55 inthem
1159 440 63 51 he
1246 438 122 54 fhall
1397 439 72 68 dy

149 512 97 76 &c.

213 574 378 76 Again,thisisa
609 573 214 69 promife
842 575 144 52 made
1002 574 468 70 untéJ/rael,of,and
1524 634 5 2 |

147 646 298 70 concerning
459 646 133 52 their
608 643 146 69 being
770 643 296 55 eftablifhed
1111 642 52 54 in
1188 617 263 93 righteouf

144 720 126 54 neffe
283 720 125 48 after
428 713 130 53 their
569 710 264 72 {cattering
850 714 97 52 and
964 716 92 66 rej:
1068 711 134 53 tion
1231 712 81 52 for
1338 711 134 54 their

145 805 85 37 not
248 782 253 68 receiving
516 780 200 64 Chrifts
751 780 73 52 for
841 781 40 53 it
903 782 172 51 relates
1098 797 60 34 to
1174 781 160 54 Gods
1358 797 114 50 per-

142 854 217 66 forming
375 855 262 50 Covenant
653 849 287 68 withthem,
955 849 52 53 in
1026 848 168 53 which
1208 853 266 53 Covenant

144 927 116 64 they
277 921 116 53 fhall
408 917 141 56 allbe
562 917 178 67 taught
757 919 54 50 of
828 919 152 59 God,
1015 917 77 52 fee
1106 916 124 70 verfe
1262 930 78 54 13.
1369 917 99 61 and

141 996 58 52 all
213 993 91 65 thy
318 989 225 51 children
557 987 118 49 fhall
690 986 252 68 betaught
958 985 65 51 of
1045 988 86 48 the
1153 987 138 51 Lord
1314 1026 16 24 ,
1366 986 104 49 and

142 1076 132 56 great
292 1056 120 77 fhall
425 1053 154 52 bethe
595 1054 312 68 peaceofthy
926 1052 229 52 children
1212 1051 128 61 (but
1372 1064 97 38 not

140 1153 23 31 a
177 1121 222 76 promife
415 1121 148 53 made
573 1135 58 36 to
614 1114 89 87 any
716 1123 80 68 in
822 1124 82 50 the
918 1119 120 53 time
1050 1120 63 52 of
1119 1118 350 55 theirwarfare

138 1196 213 54 without
369 1193 82 50 the
483 1188 265 54 condition
777 1190 65 52 of
854 1189 228 68 ftanding
1105 1187 122 67 faft,
1286 1185 185 68 taking

135 1263 364 68 heed,overcoz
510 1258 105 67 ing,
630 1257 99 53 and
746 1259 81 52 the
837 1257 200 63 like,tor
1052 1252 267 56 otherwife
1332 1254 142 50 there

134 1337 61 52 be
212 1328 441 70 weapons,v;z,
545 1316 94 86 the
665 1325 89 72 firy
766 1326 137 54 darts
918 1326 63 51 of
985 1323 263 68 Satan,and
1267 1323 84 51 the
1364 1320 108 53 like

135 1419 113 49 may
261 1396 102 56 and
376 1398 70 50 do
460 1393 201 70 profper
672 1396 188 70 againft
871 1390 269 73 many,and
1158 1408 155 36 weno
1328 1407 115 50 pro-

134 1466 557 64 mifetothecentrary))
727 1463 166 52 which
909 1480 175 49 proves
1097 1461 110 52 that
1224 1460 121 50 God
1372 1472 99 36 one

134 1542 95 66 day
242 1536 103 51 will
361 1529 126 55 look
498 1538 140 58 upon
655 1531 159 69 Jrael,
825 1533 201 66 though.
1036 1546 123 36 now
1172 1524 162 55 tofled
1370 1524 100 53 and

132 1605 232 59 afflicted,
403 1603 100 51 and
536 1614 114 38 turn
678 1598 363 71 ungodlynefle
1074 1594 134 55 from
1223 1594 162 73 Jacob,
1412 1592 56 53 in

134 1675 164 56 which
317 1672 115 64 day,
442 1674 60 44 or
517 1681 50 37 at
588 1667 316 65 whichtime,
930 1684 72 34 no
1015 1681 215 52 weapon
1266 1656 202 60 formed

131 1742 181 71 again{ft
335 1739 105 50 him
456 1736 120 50 fhall
595 1735 215 67 profper,
826 1736 79 49 for
921 1735 90 51 the
1028 1734 134 52 Lord
1177 1732 113 52 will
1332 1729 131 53 affu-

131 1814 131 65 redly
276 1802 227 65 eftablih
525 1801 174 68 I/raela
714 1803 179 69 people
909 1799 175 54 before
1095 1799 126 61 him,
1240 1797 226 53 therfore

106 1882 118 51 ‘this
244 1891 107 39 text
367 1874 124 50 doth
507 1886 92 36 not
629 1870 55 52 fo
697 1875 151 49 much
877 1888 50 34 as
955 1866 128 56 feem
1112 1878 59 42 to
1200 1882 162 53 prove
1382 1867 86 52 the

130 1949 143 65 thing
299 1944 37 51 it
356 1943 40 51 is
410 1941 221 63 brought
643 1938 100 53 for.

195 2007 306 64 Thefecond
529 2006 138 68 place
685 2003 241 68 allegedis
956 2004 116 67 pfal.
1103 2016 110 50 125.
1246 2017 43 35 1.
1335 1999 132 70 they

131 2087 103 50 that
250 2078 123 55 traft
387 2079 52 53 in
453 2077 90 49 the
571 2075 136 51 Lord
726 2073 118 53 fhall
858 2071 61 53 be
935 2091 52 33 as
1000 2084 188 40 mount
1197 2074 129 62 Siow,
1353 2068 113 53 that

130 2166 184 40 cannot
323 2148 62 61 be
396 2142 207 67 moved,
622 2142 91 62 but
719 2139 206 64 abideth
937 2140 79 63 for
1027 2157 136 49 ever,
1176 2140 97 63 &c.

218 2226 20 48 J
286 2224 110 56 grant
413 2233 50 34 as
475 2211 174 64 befcre
666 2212 106 60 that
792 2208 329 73 perfonsthat
1146 2208 127 53 truft
1299 2205 53 54 in
1366 2206 97 53 the

131 2291 150 66 Lord,
315 2286 112 53 fhall
440 2283 142 71 be(as
591 2285 182 49 Mount
781 2281 139 66 Sioz)
937 2277 321 68 unmovable,
1271 2275 55 55 fo
1342 2277 142 67 long:

132 2359 174 69 asthey
322 2352 236 56 continue
572 2349 208 70 trufting
791 2348 215 63 inhim:
1055 2347 99 54 but
1184 2346 141 54 fome
1341 2345 92 52 tha
1426 2357 41 109 t

1338 2427 84 39 tru
