1959 2773
841 108 76 77 A
950 100 307 106 Treatiſe
1276 103 305 109 touching

564 237 164 65 faith,
761 234 84 65 (as
867 235 123 59 hath
1002 233 127 53 been
1159 230 199 57 ſneved
1382 234 139 52 ſome
1556 233 116 71 do)
1705 254 83 36 are
1807 246 91 44 not

562 309 126 65 kept
714 309 64 62 by
807 303 89 49 the
922 316 176 56 power
1122 299 66 53 of
1213 301 123 54 God
1349 303 109 61 (tor
1470 317 129 39 unto
1616 321 56 35 us
1693 322 102 40 was
1813 308 87 51 the

566 374 145 59 word
730 370 244 70 preachẽd
987 389 49 33 as
1056 371 111 51 well
1180 386 50 34 as
1259 384 120 39 unto
1378 365 258 79 themʒbut
1652 375 88 51 the
1756 377 141 51 word

562 438 269 73 preacked,
838 438 94 54 did
965 453 93 38 not
1092 437 156 72 profit
1274 439 156 67 them,
1457 454 88 38 not
1565 440 151 72 being
1727 443 171 64 mixed

567 510 126 53 with
713 508 128 58 fanh
857 506 52 53 in
926 509 141 58 them
1084 502 106 80 that
1201 507 149 51 heard
1375 506 40 52 it
1430 512 167 66 heb.
1549 502 61 80 4.
1620 531 43 30 2.
1673 511 139 63 ſand
1845 515 52 47 ſo

567 578 137 53 conſe
716 580 214 66 quently
952 577 123 67 they
1090 595 116 49 may
1222 576 84 51 fall
1325 578 127 50 from
1473 577 84 53 the
1576 595 145 51 grace
1755 584 59 47 ot
1823 597 73 34 u-

563 646 122 61 nion
702 644 124 53 with
842 645 86 51 the
941 644 131 52 Lord
1081 638 152 82 ſeſus,
1235 643 64 68 by
1313 643 234 70 diſpiſing
1561 648 88 50 the
1668 647 230 69 growing

569 714 142 53 word
724 723 87 44 ipe.
823 729 40 37 2.
871 729 35 37 2.
911 711 170 54 which
1098 714 41 51 is
1156 712 86 52 the
1257 728 177 52 pover
1443 714 196 57 ofGod,
1649 712 68 71 by
1730 715 169 53 whicn

568 786 63 49 he
644 782 217 69 keepeth
880 799 113 34 men
1008 780 223 70 through
1243 776 131 56 faith
1389 796 55 37 to
1462 781 250 55 ſalvation
1729 785 95 52 &c.

635 852 117 54 The
766 851 139 52 third
918 855 285 61 Argument
1229 849 131 51 follo
1369 854 149 49 weth.

638 925 124 61 Arg.
778 934 40 51 3.
835 921 87 49 Ibe
918 920 132 66 ſame
1058 918 183 68 perſons
1261 919 100 49 that
1374 939 80 31 are
1464 916 344 70 predeſtinated,
1822 918 74 53 ibe

558 979 123 79 ſame
693 1007 75 31 dre
783 986 170 63 called,
989 983 98 71 th
1101 988 102 49 that
1216 1004 76 32 are
1309 988 169 52 caled.
1517 991 76 46 tbe
1589 985 132 70 ſame
1734 1005 74 32 are
1810 992 84 65 ju-

561 1056 182 71 jtified,
779 1054 75 53 the
853 1055 132 69 ſume
997 1052 102 54 that
1112 1074 78 31 are
1194 1055 222 68 juftifed
1430 1054 76 52 the
1505 1054 129 70 ſame
1647 1073 78 34 are
1750 1055 201 65 glori-

549 1125 115 67 ficd,
682 1122 218 69 therefore
910 1125 145 52 called
1064 1123 182 68 perſons
1273 1136 167 40 caunot
1457 1126 93 66 fall
1572 1142 126 47 amay
1720 1122 173 70 becauſe

561 1191 99 68 ihes
662 1192 119 68 ſhall
792 1193 50 49 be
849 1192 246 68 gorifed.

629 1262 93 53 Let
738 1277 52 44 us
803 1260 101 53 firſt
916 1261 110 65 (for
1041 1259 188 54 anſmer
1248 1272 59 38 to
1323 1259 101 54 this
1444 1258 314 72 Argument)
1769 1277 122 34 con-

563 1326 125 54 ſider
699 1329 86 50 the
798 1342 110 37 text
922 1328 131 67 with
1062 1330 89 50 the
1168 1327 270 54 coherence
1449 1340 130 42 Roms.
1610 1331 50 48 8.
1701 1345 78 48 30.
1833 1328 55 70 in

560 1397 90 49 the
665 1409 189 56 twenty
867 1394 148 67 ninth
1030 1395 158 67 verſe,
1220 1395 87 52 the
1328 1396 144 68 ſpirit
1504 1393 63 53 of
1585 1396 119 50 God
1734 1395 46 53 ſa
1790 1394 100 60 itn,

559 1463 175 52 whom
751 1463 166 52 hedid
936 1463 266 53 foreknoæ
1226 1462 64 54 he
1311 1464 91 53 did
1433 1463 100 53 alſo
1564 1463 328 68 predeſtinate

558 1543 58 38 to
631 1531 63 51 be
704 1531 301 53 conformed
1017 1547 55 38 to
1088 1532 83 52 the
1185 1529 164 73 iĩmage
1362 1531 63 52 ot
1430 1534 76 50 his
1522 1537 99 48 Sòn
1640 1533 98 51 &c.

626 1598 246 54 Vherein
886 1599 116 53 take
1013 1600 172 53 notice
1200 1600 132 51 oltæ
1345 1602 232 68 othings,

626 1669 125 52 Firſt
764 1668 143 62 Gods
916 1667 435 71 foreknowledge,

620 1738 266 69 Secondly,
899 1738 137 57 what
1058 1739 122 68 they
1210 1741 115 53 that
1350 1755 82 36 are
1464 1736 300 55 foreknomn
1811 1753 83 35 are

548 1805 368 71 predeſtinated
928 1822 145 37 unto.

617 1878 93 49 Let
737 1893 56 34 us
821 1874 232 59 examine
1082 1873 226 53 vhether
1338 1874 119 51 God
1486 1873 131 53 doth
1647 1889 94 38 not
1758 1873 133 52 fore-

548 1941 160 51 Enom
721 1944 67 51 all
803 1960 153 48 men,
988 1960 91 52 yea
1089 1940 113 53 ſure
1216 1958 70 33 no
1305 1950 114 43 man
1440 1959 93 34 nor
1544 1961 67 32 no
1627 1942 149 69 thing
1803 1961 91 32 cau

545 2010 64 68 be
622 2009 93 52 hid
734 2012 135 56 from
882 2009 78 54 his
974 2026 149 52 cyes:
1162 2009 119 51 ſhall
1298 2025 76 34 we
1388 2011 247 51 conclude
1649 2012 121 50 theñ
1787 2011 107 50 that

543 2078 64 55 all
620 2093 116 38 men
751 2086 85 49 are
843 2073 388 73 predeſtinated,
1241 2091 91 50 no,
1369 2077 93 53 but
1473 2078 173 54 rather
1653 2079 106 53 that
1774 2080 120 54 God

549 2146 89 56 did
652 2143 273 64 foreknom
935 2146 139 68 ſome
1086 2163 116 35 men
1216 2145 52 54 in
1282 2144 198 58 Chriſt,
1497 2147 69 71 by
1590 2152 61 47 or
1675 2148 219 69 through

544 2214 161 65 faith,
742 2215 101 54 and
866 2216 102 60 obe
976 2255 208 26 dience,
1234 2224 125 45 1Pet.
1388 2231 34 38 i.
1448 2233 43 36 2.
1523 2232 42 38 2.
1598 2217 138 70 Theſſ.
1750 2236 45 37 2.
1815 2238 76 35 12.

552 2282 112 71 Eph,
675 2302 87 32 i4.
771 2284 87 59 and
881 2285 137 60 theſe
1034 2284 109 52 that
1156 2300 82 35 ate
1249 2282 57 51 fo
1316 2282 191 55 Enovvn
1519 2303 60 35 or
1592 2285 302 55 forcknocn

549 2352 53 53 in
611 2350 172 71 Chriſt
797 2352 68 72 by
885 2353 278 70 believing,
1181 2354 62 54 he
1257 2353 128 53 doth
1399 2355 225 71 approve
1632 2354 84 72 of,
1753 2361 76 46 tor
1843 2355 52 79 ſo

1856 2440 42 37 18
