<?xml version="1.0" encoding="UTF-8"?>
<alto xmlns="http://www.loc.gov/standards/alto/ns-v3#" xmlns:xlink="http://www.w3.org/1999/xlink" xmlns:xsi="http://www.w3.org/2001/XMLSchema-instance" xsi:schemaLocation="http://www.loc.gov/standards/alto/ns-v3# http://www.loc.gov/alto/v3/alto-3-0.xsd">
	<Description>
		<MeasurementUnit>pixel</MeasurementUnit>
		<sourceImageInformation>
			<fileName>			</fileName>
		</sourceImageInformation>
		<OCRProcessing ID="OCR_0">
			<ocrProcessingStep>
				<processingSoftware>
					<softwareName>tesseract v4.1.0-elag2019</softwareName>
				</processingSoftware>
			</ocrProcessingStep>
		</OCRProcessing>
	</Description>
	<Layout>
		<Page WIDTH="1970" HEIGHT="2773" PHYSICAL_IMG_NR="0" ID="page_0">
			<PrintSpace HPOS="0" VPOS="0" WIDTH="1970" HEIGHT="2773">
				<TextBlock ID="block_0" HPOS="29" VPOS="0" WIDTH="1411" HEIGHT="25">
					<TextLine ID="line_0" HPOS="29" VPOS="0" WIDTH="1411" HEIGHT="25">
						<String ID="string_0" HPOS="29" VPOS="0" WIDTH="1411" HEIGHT="25" WC="0.95" CONTENT=" "/>
					</TextLine>
				</TextBlock>
				<TextBlock ID="block_1" HPOS="11" VPOS="203" WIDTH="27" HEIGHT="292">
					<TextLine ID="line_1" HPOS="11" VPOS="203" WIDTH="9" HEIGHT="292">
						<String ID="string_1" HPOS="0" VPOS="480" WIDTH="26" HEIGHT="24" WC="0.6" CONTENT="Pa"/><SP WIDTH="-14" VPOS="480" HPOS="26"/>
						<String ID="string_2" HPOS="12" VPOS="385" WIDTH="8" HEIGHT="95" WC="0.51" CONTENT="per"/><SP WIDTH="-20" VPOS="385" HPOS="20"/>
						<String ID="string_3" HPOS="0" VPOS="405" WIDTH="26" HEIGHT="23" WC="0.27" CONTENT="et"/><SP WIDTH="-14" VPOS="405" HPOS="26"/>
						<String ID="string_4" HPOS="12" VPOS="294" WIDTH="6" HEIGHT="85" WC="0.34" CONTENT="eT"/><SP WIDTH="-18" VPOS="294" HPOS="18"/>
						<String ID="string_5" HPOS="0" VPOS="271" WIDTH="26" HEIGHT="10" WC="0.0" CONTENT="»"/><SP WIDTH="-15" VPOS="271" HPOS="26"/>
						<String ID="string_6" HPOS="11" VPOS="203" WIDTH="7" HEIGHT="61" WC="0.17" CONTENT="AY"/>
					</TextLine>
					<TextLine ID="line_2" HPOS="26" VPOS="426" WIDTH="12" HEIGHT="15">
						<String ID="string_7" HPOS="26" VPOS="426" WIDTH="12" HEIGHT="15" WC="0.37" CONTENT="7"/>
					</TextLine>
				</TextBlock>
				<TextBlock ID="block_2" HPOS="24" VPOS="151" WIDTH="4" HEIGHT="507">
					<TextLine ID="line_3" HPOS="24" VPOS="151" WIDTH="4" HEIGHT="507">
						<String ID="string_8" HPOS="24" VPOS="151" WIDTH="4" HEIGHT="507" WC="0.95" CONTENT=" "/>
					</TextLine>
				</TextBlock>
				<TextBlock ID="block_3" HPOS="8" VPOS="1838" WIDTH="14" HEIGHT="116">
					<TextLine ID="line_4" HPOS="8" VPOS="1838" WIDTH="14" HEIGHT="116">
						<String ID="string_9" HPOS="8" VPOS="1838" WIDTH="14" HEIGHT="116" WC="0.31" CONTENT="Tes"/>
					</TextLine>
				</TextBlock>
				<TextBlock ID="block_4" HPOS="902" VPOS="120" WIDTH="728" HEIGHT="107">
					<TextLine ID="line_5" HPOS="902" VPOS="120" WIDTH="728" HEIGHT="107">
						<String ID="string_10" HPOS="902" VPOS="127" WIDTH="83" HEIGHT="76" WC="0.87" CONTENT="A"/><SP WIDTH="21" VPOS="127" HPOS="985"/>
						<String ID="string_11" HPOS="1006" VPOS="123" WIDTH="279" HEIGHT="104" WC="0.86" CONTENT="Treatife"/><SP WIDTH="33" VPOS="123" HPOS="1285"/>
						<String ID="string_12" HPOS="1318" VPOS="120" WIDTH="312" HEIGHT="107" WC="0.84" CONTENT="touching"/>
					</TextLine>
				</TextBlock>
				<TextBlock ID="block_5" HPOS="587" VPOS="240" WIDTH="1371" HEIGHT="1839">
					<TextLine ID="line_6" HPOS="589" VPOS="240" WIDTH="1331" HEIGHT="80">
						<String ID="string_13" HPOS="589" VPOS="251" WIDTH="199" HEIGHT="69" WC="0.96" CONTENT="charge,"/><SP WIDTH="44" VPOS="251" HPOS="788"/>
						<String ID="string_14" HPOS="832" VPOS="257" WIDTH="102" HEIGHT="44" WC="0.92" CONTENT="viz."/><SP WIDTH="20" VPOS="257" HPOS="934"/>
						<String ID="string_15" HPOS="954" VPOS="248" WIDTH="106" HEIGHT="53" WC="0.93" CONTENT="that"/><SP WIDTH="23" VPOS="248" HPOS="1060"/>
						<String ID="string_16" HPOS="1083" VPOS="249" WIDTH="121" HEIGHT="68" WC="0.96" CONTENT="they"/><SP WIDTH="24" VPOS="249" HPOS="1204"/>
						<String ID="string_17" HPOS="1228" VPOS="244" WIDTH="118" HEIGHT="57" WC="0.96" CONTENT="take"/><SP WIDTH="31" VPOS="244" HPOS="1346"/>
						<String ID="string_18" HPOS="1377" VPOS="240" WIDTH="128" HEIGHT="54" WC="0.96" CONTENT="heed"/><SP WIDTH="22" VPOS="240" HPOS="1505"/>
						<String ID="string_19" HPOS="1527" VPOS="245" WIDTH="111" HEIGHT="51" WC="0.96" CONTENT="that"/><SP WIDTH="30" VPOS="245" HPOS="1638"/>
						<String ID="string_20" HPOS="1668" VPOS="260" WIDTH="136" HEIGHT="37" WC="0.96" CONTENT="none"/><SP WIDTH="32" VPOS="260" HPOS="1804"/>
						<String ID="string_21" HPOS="1836" VPOS="249" WIDTH="84" HEIGHT="51" WC="0.95" CONTENT="de."/>
					</TextLine>
					<TextLine ID="line_7" HPOS="587" VPOS="311" WIDTH="1332" HEIGHT="76">
						<String ID="string_22" HPOS="587" VPOS="317" WIDTH="294" HEIGHT="70" WC="0.91" CONTENT="ceivethem"/><SP WIDTH="21" VPOS="317" HPOS="881"/>
						<String ID="string_23" HPOS="902" VPOS="319" WIDTH="124" HEIGHT="66" WC="0.88" CONTENT="verfe"/><SP WIDTH="21" VPOS="319" HPOS="1026"/>
						<String ID="string_24" HPOS="1047" VPOS="315" WIDTH="48" HEIGHT="70" WC="0.51" CONTENT="4."/><SP WIDTH="39" VPOS="315" HPOS="1095"/>
						<String ID="string_25" HPOS="1134" VPOS="319" WIDTH="39" HEIGHT="49" WC="0.92" CONTENT="it"/><SP WIDTH="35" VPOS="319" HPOS="1173"/>
						<String ID="string_26" HPOS="1208" VPOS="314" WIDTH="151" HEIGHT="52" WC="0.92" CONTENT="feems"/><SP WIDTH="31" VPOS="314" HPOS="1359"/>
						<String ID="string_27" HPOS="1390" VPOS="311" WIDTH="230" HEIGHT="54" WC="0.81" CONTENT="then-his"/><SP WIDTH="51" VPOS="311" HPOS="1620"/>
						<String ID="string_28" HPOS="1671" VPOS="312" WIDTH="248" HEIGHT="72" WC="0.74" CONTENT="Difciples"/>
					</TextLine>
					<TextLine ID="line_8" HPOS="590" VPOS="379" WIDTH="1331" HEIGHT="77">
						<String ID="string_29" HPOS="590" VPOS="387" WIDTH="163" HEIGHT="69" WC="0.88" CONTENT="might"/><SP WIDTH="12" VPOS="387" HPOS="753"/>
						<String ID="string_30" HPOS="765" VPOS="387" WIDTH="64" HEIGHT="52" WC="0.88" CONTENT="be"/><SP WIDTH="16" VPOS="387" HPOS="829"/>
						<String ID="string_31" HPOS="845" VPOS="385" WIDTH="264" HEIGHT="62" WC="0.85" CONTENT="deceived,"/><SP WIDTH="43" VPOS="385" HPOS="1109"/>
						<String ID="string_32" HPOS="1152" VPOS="384" WIDTH="98" HEIGHT="54" WC="0.69" CONTENT="and"/><SP WIDTH="20" VPOS="384" HPOS="1250"/>
						<String ID="string_33" HPOS="1270" VPOS="381" WIDTH="108" HEIGHT="51" WC="0.69" CONTENT="that"/><SP WIDTH="16" VPOS="381" HPOS="1378"/>
						<String ID="string_34" HPOS="1394" VPOS="379" WIDTH="200" HEIGHT="68" WC="0.91" CONTENT="bymen"/><SP WIDTH="25" VPOS="379" HPOS="1594"/>
						<String ID="string_35" HPOS="1619" VPOS="395" WIDTH="83" HEIGHT="47" WC="0.94" CONTENT="to,"/><SP WIDTH="39" VPOS="395" HPOS="1702"/>
						<String ID="string_36" HPOS="1741" VPOS="399" WIDTH="59" HEIGHT="35" WC="0.93" CONTENT="or"/><SP WIDTH="28" VPOS="399" HPOS="1800"/>
						<String ID="string_37" HPOS="1828" VPOS="385" WIDTH="93" HEIGHT="54" WC="0.92" CONTENT="elfe"/>
					</TextLine>
					<TextLine ID="line_9" HPOS="587" VPOS="449" WIDTH="1331" HEIGHT="77">
						<String ID="string_38" HPOS="587" VPOS="456" WIDTH="219" HEIGHT="52" WC="0.82" CONTENT="needlefs"/><SP WIDTH="10" VPOS="456" HPOS="806"/>
						<String ID="string_39" HPOS="816" VPOS="474" WIDTH="94" HEIGHT="33" WC="0.67" CONTENT="wa:"/><SP WIDTH="17" VPOS="474" HPOS="910"/>
						<String ID="string_40" HPOS="927" VPOS="454" WIDTH="98" HEIGHT="55" WC="0.96" CONTENT="this"/><SP WIDTH="13" VPOS="454" HPOS="1025"/>
						<String ID="string_41" HPOS="1038" VPOS="468" WIDTH="173" HEIGHT="40" WC="0.96" CONTENT="caveat"/><SP WIDTH="13" VPOS="468" HPOS="1211"/>
						<String ID="string_42" HPOS="1224" VPOS="450" WIDTH="103" HEIGHT="60" WC="0.93" CONTENT="take"/><SP WIDTH="13" VPOS="450" HPOS="1327"/>
						<String ID="string_43" HPOS="1340" VPOS="450" WIDTH="131" HEIGHT="49" WC="0.49" CONTENT="iced:"/><SP WIDTH="19" VPOS="450" HPOS="1471"/>
						<String ID="string_44" HPOS="1490" VPOS="449" WIDTH="88" HEIGHT="50" WC="0.93" CONTENT="the"/><SP WIDTH="13" VPOS="449" HPOS="1578"/>
						<String ID="string_45" HPOS="1591" VPOS="450" WIDTH="194" HEIGHT="51" WC="0.92" CONTENT="reafons"/><SP WIDTH="14" VPOS="450" HPOS="1785"/>
						<String ID="string_46" HPOS="1799" VPOS="457" WIDTH="119" HEIGHT="69" WC="0.96" CONTENT="why"/>
					</TextLine>
					<TextLine ID="line_10" HPOS="589" VPOS="519" WIDTH="1328" HEIGHT="75">
						<String ID="string_47" HPOS="589" VPOS="526" WIDTH="122" HEIGHT="68" WC="0.92" CONTENT="they"/><SP WIDTH="13" VPOS="526" HPOS="711"/>
						<String ID="string_48" HPOS="724" VPOS="526" WIDTH="128" HEIGHT="51" WC="0.60" CONTENT="muft"/><SP WIDTH="16" VPOS="526" HPOS="852"/>
						<String ID="string_49" HPOS="868" VPOS="523" WIDTH="60" HEIGHT="70" WC="0.60" CONTENT="is,"/><SP WIDTH="36" VPOS="523" HPOS="928"/>
						<String ID="string_50" HPOS="964" VPOS="524" WIDTH="115" HEIGHT="52" WC="0.82" CONTENT="becz"/><SP WIDTH="10" VPOS="524" HPOS="1079"/>
						<String ID="string_51" HPOS="1089" VPOS="522" WIDTH="83" HEIGHT="52" WC="0.64" CONTENT="«le"/><SP WIDTH="13" VPOS="522" HPOS="1172"/>
						<String ID="string_52" HPOS="1185" VPOS="539" WIDTH="129" HEIGHT="45" WC="0.52" CONTENT="waxy"/><SP WIDTH="9" VPOS="539" HPOS="1314"/>
						<String ID="string_53" HPOS="1323" VPOS="519" WIDTH="122" HEIGHT="70" WC="0.0" CONTENT="fale"/><SP WIDTH="13" VPOS="519" HPOS="1445"/>
						<String ID="string_54" HPOS="1458" VPOS="519" WIDTH="216" HEIGHT="66" WC="0.93" CONTENT="Prophets"/><SP WIDTH="1" VPOS="519" HPOS="1674"/>
						<String ID="string_55" HPOS="1675" VPOS="519" WIDTH="122" HEIGHT="66" WC="0.91" CONTENT="fhad"/><SP WIDTH="5" VPOS="519" HPOS="1797"/>
						<String ID="string_56" HPOS="1802" VPOS="522" WIDTH="115" HEIGHT="72" WC="0.90" CONTENT="arife"/>
					</TextLine>
					<TextLine ID="line_11" HPOS="590" VPOS="587" WIDTH="1326" HEIGHT="73">
						<String ID="string_57" HPOS="590" VPOS="596" WIDTH="95" HEIGHT="49" WC="0.96" CONTENT="and"/><SP WIDTH="13" VPOS="596" HPOS="685"/>
						<String ID="string_58" HPOS="698" VPOS="594" WIDTH="178" HEIGHT="51" WC="0.96" CONTENT="deceive"/><SP WIDTH="12" VPOS="594" HPOS="876"/>
						<String ID="string_59" HPOS="888" VPOS="611" WIDTH="132" HEIGHT="49" WC="0.55" CONTENT="many"/><SP WIDTH="20" VPOS="611" HPOS="1020"/>
						<String ID="string_60" HPOS="1040" VPOS="610" WIDTH="50" HEIGHT="35" WC="0.52" CONTENT="v."/><SP WIDTH="33" VPOS="610" HPOS="1090"/>
						<String ID="string_61" HPOS="1123" VPOS="608" WIDTH="79" HEIGHT="35" WC="0.68" CONTENT="11."/><SP WIDTH="39" VPOS="608" HPOS="1202"/>
						<String ID="string_62" HPOS="1241" VPOS="587" WIDTH="221" HEIGHT="51" WC="0.48" CONTENT="theatore"/><SP WIDTH="31" VPOS="587" HPOS="1462"/>
						<String ID="string_63" HPOS="1493" VPOS="587" WIDTH="113" HEIGHT="50" WC="0.96" CONTENT="take"/><SP WIDTH="28" VPOS="587" HPOS="1606"/>
						<String ID="string_64" HPOS="1634" VPOS="604" WIDTH="104" HEIGHT="51" WC="0.96" CONTENT="you"/><SP WIDTH="28" VPOS="604" HPOS="1738"/>
						<String ID="string_65" HPOS="1766" VPOS="589" WIDTH="150" HEIGHT="68" WC="0.89" CONTENT="heeds"/>
					</TextLine>
					<TextLine ID="line_12" HPOS="589" VPOS="653" WIDTH="1329" HEIGHT="74">
						<String ID="string_66" HPOS="589" VPOS="661" WIDTH="141" HEIGHT="52" WC="0.93" CONTENT="what"/><SP WIDTH="16" VPOS="661" HPOS="730"/>
						<String ID="string_67" HPOS="746" VPOS="660" WIDTH="243" HEIGHT="67" WC="0.91" CONTENT="Difciples"/><SP WIDTH="26" VPOS="660" HPOS="989"/>
						<String ID="string_68" HPOS="1015" VPOS="660" WIDTH="62" HEIGHT="49" WC="0.92" CONTENT="of"/><SP WIDTH="41" VPOS="660" HPOS="1077"/>
						<String ID="string_69" HPOS="1118" VPOS="655" WIDTH="165" HEIGHT="57" WC="0.92" CONTENT="Chrift"/><SP WIDTH="29" VPOS="655" HPOS="1283"/>
						<String ID="string_70" HPOS="1312" VPOS="653" WIDTH="127" HEIGHT="50" WC="0.86" CONTENT="muft"/><SP WIDTH="32" VPOS="653" HPOS="1439"/>
						<String ID="string_71" HPOS="1471" VPOS="655" WIDTH="115" HEIGHT="66" WC="0.96" CONTENT="they"/><SP WIDTH="32" VPOS="655" HPOS="1586"/>
						<String ID="string_72" HPOS="1618" VPOS="654" WIDTH="114" HEIGHT="53" WC="0.96" CONTENT="take"/><SP WIDTH="20" VPOS="654" HPOS="1732"/>
						<String ID="string_73" HPOS="1752" VPOS="657" WIDTH="128" HEIGHT="56" WC="0.47" CONTENT="heed"/><SP WIDTH="15" VPOS="657" HPOS="1880"/>
						<String ID="string_74" HPOS="1895" VPOS="664" WIDTH="23" HEIGHT="48" WC="0.47" CONTENT="&gt;"/>
					</TextLine>
					<TextLine ID="line_13" HPOS="588" VPOS="722" WIDTH="1331" HEIGHT="76">
						<String ID="string_75" HPOS="588" VPOS="727" WIDTH="121" HEIGHT="70" WC="0.77" CONTENT="they"/><SP WIDTH="13" VPOS="727" HPOS="709"/>
						<String ID="string_76" HPOS="722" VPOS="728" WIDTH="108" HEIGHT="52" WC="0.77" CONTENT="that"/><SP WIDTH="20" VPOS="728" HPOS="830"/>
						<String ID="string_77" HPOS="850" VPOS="747" WIDTH="82" HEIGHT="34" WC="0.89" CONTENT="are"/><SP WIDTH="15" VPOS="747" HPOS="932"/>
						<String ID="string_78" HPOS="947" VPOS="726" WIDTH="210" HEIGHT="72" WC="0.89" CONTENT="juftified"/><SP WIDTH="17" VPOS="726" HPOS="1157"/>
						<String ID="string_79" HPOS="1174" VPOS="724" WIDTH="219" HEIGHT="72" WC="0.93" CONTENT="perfons,"/><SP WIDTH="31" VPOS="724" HPOS="1393"/>
						<String ID="string_80" HPOS="1424" VPOS="722" WIDTH="164" HEIGHT="49" WC="0.51" CONTENT="orelie"/><SP WIDTH="14" VPOS="722" HPOS="1588"/>
						<String ID="string_81" HPOS="1602" VPOS="724" WIDTH="234" HEIGHT="66" WC="0.73" CONTENT="lyableto"/><SP WIDTH="22" VPOS="724" HPOS="1836"/>
						<String ID="string_82" HPOS="1858" VPOS="729" WIDTH="61" HEIGHT="52" WC="0.96" CONTENT="be"/>
					</TextLine>
					<TextLine ID="line_14" HPOS="588" VPOS="789" WIDTH="1327" HEIGHT="76">
						<String ID="string_83" HPOS="588" VPOS="795" WIDTH="270" HEIGHT="57" WC="0.91" CONTENT="deceived?"/><SP WIDTH="37" VPOS="795" HPOS="858"/>
						<String ID="string_84" HPOS="895" VPOS="798" WIDTH="219" HEIGHT="67" WC="0.91" CONTENT="yeathey"/><SP WIDTH="16" VPOS="798" HPOS="1114"/>
						<String ID="string_85" HPOS="1130" VPOS="793" WIDTH="144" HEIGHT="55" WC="0.34" CONTENT="muft,"/><SP WIDTH="37" VPOS="793" HPOS="1274"/>
						<String ID="string_86" HPOS="1311" VPOS="789" WIDTH="79" HEIGHT="52" WC="0.95" CONTENT="for"/><SP WIDTH="19" VPOS="789" HPOS="1390"/>
						<String ID="string_87" HPOS="1409" VPOS="789" WIDTH="118" HEIGHT="69" WC="0.93" CONTENT="they"/><SP WIDTH="16" VPOS="789" HPOS="1527"/>
						<String ID="string_88" HPOS="1543" VPOS="793" WIDTH="143" HEIGHT="68" WC="0.92" CONTENT="onely"/><SP WIDTH="14" VPOS="793" HPOS="1686"/>
						<String ID="string_89" HPOS="1700" VPOS="792" WIDTH="108" HEIGHT="54" WC="0.96" CONTENT="that"/><SP WIDTH="23" VPOS="792" HPOS="1808"/>
						<String ID="string_90" HPOS="1831" VPOS="815" WIDTH="84" HEIGHT="34" WC="0.96" CONTENT="en."/>
					</TextLine>
					<TextLine ID="line_15" HPOS="588" VPOS="856" WIDTH="1328" HEIGHT="73">
						<String ID="string_91" HPOS="588" VPOS="863" WIDTH="300" HEIGHT="54" WC="0.58" CONTENT="duretothe"/><SP WIDTH="12" VPOS="863" HPOS="888"/>
						<String ID="string_92" HPOS="900" VPOS="866" WIDTH="95" HEIGHT="51" WC="0.58" CONTENT="end"/><SP WIDTH="14" VPOS="866" HPOS="995"/>
						<String ID="string_93" HPOS="1009" VPOS="866" WIDTH="87" HEIGHT="51" WC="0.90" CONTENT="the"/><SP WIDTH="18" VPOS="866" HPOS="1096"/>
						<String ID="string_94" HPOS="1114" VPOS="862" WIDTH="132" HEIGHT="52" WC="0.91" CONTENT="fame"/><SP WIDTH="14" VPOS="862" HPOS="1246"/>
						<String ID="string_95" HPOS="1260" VPOS="860" WIDTH="116" HEIGHT="50" WC="0.91" CONTENT="fhall"/><SP WIDTH="36" VPOS="860" HPOS="1376"/>
						<String ID="string_96" HPOS="1412" VPOS="856" WIDTH="64" HEIGHT="50" WC="0.96" CONTENT="be"/><SP WIDTH="28" VPOS="856" HPOS="1476"/>
						<String ID="string_97" HPOS="1504" VPOS="857" WIDTH="148" HEIGHT="54" WC="0.96" CONTENT="faved"/><SP WIDTH="26" VPOS="857" HPOS="1652"/>
						<String ID="string_98" HPOS="1678" VPOS="869" WIDTH="150" HEIGHT="60" WC="0.35" CONTENT="7.13."/><SP WIDTH="45" VPOS="869" HPOS="1828"/>
						<String ID="string_99" HPOS="1873" VPOS="868" WIDTH="43" HEIGHT="50" WC="0.95" CONTENT="it"/>
					</TextLine>
					<TextLine ID="line_16" HPOS="600" VPOS="923" WIDTH="1317" HEIGHT="80">
						<String ID="string_100" HPOS="600" VPOS="931" WIDTH="207" HEIGHT="55" WC="0.90" CONTENT="feemsit"/><SP WIDTH="12" VPOS="931" HPOS="807"/>
						<String ID="string_101" HPOS="819" VPOS="933" WIDTH="42" HEIGHT="52" WC="0.93" CONTENT="is"/><SP WIDTH="13" VPOS="933" HPOS="861"/>
						<String ID="string_102" HPOS="874" VPOS="947" WIDTH="90" HEIGHT="38" WC="0.93" CONTENT="not"/><SP WIDTH="19" VPOS="947" HPOS="964"/>
						<String ID="string_103" HPOS="983" VPOS="930" WIDTH="283" HEIGHT="71" WC="0.29" CONTENT="impoflible"/><SP WIDTH="11" VPOS="930" HPOS="1266"/>
						<String ID="string_104" HPOS="1277" VPOS="927" WIDTH="79" HEIGHT="52" WC="0.93" CONTENT="for"/><SP WIDTH="17" VPOS="927" HPOS="1356"/>
						<String ID="string_105" HPOS="1373" VPOS="923" WIDTH="99" HEIGHT="54" WC="0.92" CONTENT="falfe"/><SP WIDTH="-10" VPOS="923" HPOS="1472"/>
						<String ID="string_106" HPOS="1462" VPOS="927" WIDTH="284" HEIGHT="76" WC="0.53" CONTENT="proptets"/><SP WIDTH="17" VPOS="927" HPOS="1746"/>
						<String ID="string_107" HPOS="1763" VPOS="944" WIDTH="56" HEIGHT="38" WC="0.91" CONTENT="to"/><SP WIDTH="11" VPOS="944" HPOS="1819"/>
						<String ID="string_108" HPOS="1830" VPOS="931" WIDTH="87" HEIGHT="56" WC="0.87" CONTENT="de-"/>
					</TextLine>
					<TextLine ID="line_17" HPOS="587" VPOS="996" WIDTH="1330" HEIGHT="76">
						<String ID="string_109" HPOS="587" VPOS="1000" WIDTH="142" HEIGHT="55" WC="0.93" CONTENT="ceive"/><SP WIDTH="15" VPOS="1000" HPOS="729"/>
						<String ID="string_110" HPOS="744" VPOS="999" WIDTH="218" HEIGHT="71" WC="0.91" CONTENT="juftified"/><SP WIDTH="17" VPOS="999" HPOS="962"/>
						<String ID="string_111" HPOS="979" VPOS="1001" WIDTH="278" HEIGHT="69" WC="0.92" CONTENT="perfons,as"/><SP WIDTH="13" VPOS="1001" HPOS="1257"/>
						<String ID="string_112" HPOS="1270" VPOS="1011" WIDTH="206" HEIGHT="52" WC="0.93" CONTENT="appears"/><SP WIDTH="17" VPOS="1011" HPOS="1476"/>
						<String ID="string_113" HPOS="1493" VPOS="1009" WIDTH="53" HEIGHT="38" WC="0.93" CONTENT="in"/><SP WIDTH="31" VPOS="1009" HPOS="1546"/>
						<String ID="string_114" HPOS="1577" VPOS="996" WIDTH="99" HEIGHT="52" WC="0.96" CONTENT="this"/><SP WIDTH="21" VPOS="996" HPOS="1676"/>
						<String ID="string_115" HPOS="1697" VPOS="998" WIDTH="220" HEIGHT="74" WC="0.96" CONTENT="chapter,"/>
					</TextLine>
					<TextLine ID="line_18" HPOS="589" VPOS="1062" WIDTH="1329" HEIGHT="71">
						<String ID="string_116" HPOS="589" VPOS="1069" WIDTH="97" HEIGHT="52" WC="0.92" CONTENT="and"/><SP WIDTH="16" VPOS="1069" HPOS="686"/>
						<String ID="string_117" HPOS="702" VPOS="1069" WIDTH="169" HEIGHT="53" WC="0.92" CONTENT="alfoin"/><SP WIDTH="19" VPOS="1069" HPOS="871"/>
						<String ID="string_118" HPOS="890" VPOS="1086" WIDTH="28" HEIGHT="35" WC="0.0" CONTENT="2"/><SP WIDTH="13" VPOS="1086" HPOS="918"/>
						<String ID="string_119" HPOS="931" VPOS="1081" WIDTH="94" HEIGHT="43" WC="0.0" CONTENT="Pet:"/><SP WIDTH="19" VPOS="1081" HPOS="1025"/>
						<String ID="string_120" HPOS="1044" VPOS="1086" WIDTH="44" HEIGHT="35" WC="0.50" CONTENT="2."/><SP WIDTH="31" VPOS="1086" HPOS="1088"/>
						<String ID="string_121" HPOS="1119" VPOS="1086" WIDTH="43" HEIGHT="42" WC="0.83" CONTENT="1,"/><SP WIDTH="35" VPOS="1086" HPOS="1162"/>
						<String ID="string_122" HPOS="1197" VPOS="1084" WIDTH="45" HEIGHT="36" WC="0.89" CONTENT="2."/><SP WIDTH="35" VPOS="1084" HPOS="1242"/>
						<String ID="string_123" HPOS="1277" VPOS="1076" WIDTH="91" HEIGHT="38" WC="0.78" CONTENT="Bat"/><SP WIDTH="24" VPOS="1076" HPOS="1368"/>
						<String ID="string_124" HPOS="1392" VPOS="1062" WIDTH="120" HEIGHT="49" WC="0.93" CONTENT="there"/><SP WIDTH="19" VPOS="1062" HPOS="1512"/>
						<String ID="string_125" HPOS="1531" VPOS="1068" WIDTH="120" HEIGHT="55" WC="0.93" CONTENT="were"/><SP WIDTH="16" VPOS="1068" HPOS="1651"/>
						<String ID="string_126" HPOS="1667" VPOS="1066" WIDTH="123" HEIGHT="67" WC="0.90" CONTENT="falfe"/><SP WIDTH="26" VPOS="1066" HPOS="1790"/>
						<String ID="string_127" HPOS="1816" VPOS="1076" WIDTH="102" HEIGHT="45" WC="0.77" CONTENT="Pro."/>
					</TextLine>
					<TextLine ID="line_19" HPOS="587" VPOS="1126" WIDTH="1326" HEIGHT="81">
						<String ID="string_128" HPOS="587" VPOS="1136" WIDTH="137" HEIGHT="69" WC="0.91" CONTENT="phets"/><SP WIDTH="11" VPOS="1136" HPOS="724"/>
						<String ID="string_129" HPOS="735" VPOS="1138" WIDTH="93" HEIGHT="69" WC="0.91" CONTENT="alfo"/><SP WIDTH="17" VPOS="1138" HPOS="828"/>
						<String ID="string_130" HPOS="845" VPOS="1158" WIDTH="162" HEIGHT="47" WC="0.70" CONTENT="among"/><SP WIDTH="16" VPOS="1158" HPOS="1007"/>
						<String ID="string_131" HPOS="1023" VPOS="1139" WIDTH="75" HEIGHT="53" WC="0.96" CONTENT="the"/><SP WIDTH="8" VPOS="1139" HPOS="1098"/>
						<String ID="string_132" HPOS="1106" VPOS="1136" WIDTH="166" HEIGHT="67" WC="0.96" CONTENT="people,"/><SP WIDTH="19" VPOS="1136" HPOS="1272"/>
						<String ID="string_133" HPOS="1291" VPOS="1151" WIDTH="111" HEIGHT="33" WC="0.94" CONTENT="even"/><SP WIDTH="18" VPOS="1151" HPOS="1402"/>
						<String ID="string_134" HPOS="1420" VPOS="1147" WIDTH="49" HEIGHT="33" WC="0.89" CONTENT="as"/><SP WIDTH="12" VPOS="1147" HPOS="1469"/>
						<String ID="string_135" HPOS="1481" VPOS="1122" WIDTH="119" HEIGHT="89" WC="0.78" CONTENT="there"/><SP WIDTH="6" VPOS="1122" HPOS="1600"/>
						<String ID="string_136" HPOS="1606" VPOS="1122" WIDTH="112" HEIGHT="89" WC="0.77" CONTENT="fhall"/><SP WIDTH="6" VPOS="1122" HPOS="1718"/>
						<String ID="string_137" HPOS="1724" VPOS="1137" WIDTH="51" HEIGHT="47" WC="0.93" CONTENT="be"/><SP WIDTH="20" VPOS="1137" HPOS="1775"/>
						<String ID="string_138" HPOS="1795" VPOS="1137" WIDTH="118" HEIGHT="70" WC="0.88" CONTENT="falfe"/>
					</TextLine>
					<TextLine ID="line_20" HPOS="590" VPOS="1195" WIDTH="1330" HEIGHT="80">
						<String ID="string_139" HPOS="590" VPOS="1206" WIDTH="211" HEIGHT="52" WC="0.90" CONTENT="Teackers"/><SP WIDTH="12" VPOS="1206" HPOS="801"/>
						<String ID="string_140" HPOS="813" VPOS="1227" WIDTH="160" HEIGHT="47" WC="0.84" CONTENT="among"/><SP WIDTH="10" VPOS="1227" HPOS="973"/>
						<String ID="string_141" HPOS="983" VPOS="1226" WIDTH="109" HEIGHT="49" WC="0.96" CONTENT="you,"/><SP WIDTH="17" VPOS="1226" HPOS="1092"/>
						<String ID="string_142" HPOS="1109" VPOS="1208" WIDTH="98" HEIGHT="48" WC="0.92" CONTENT="who"/><SP WIDTH="15" VPOS="1208" HPOS="1207"/>
						<String ID="string_143" HPOS="1222" VPOS="1201" WIDTH="168" HEIGHT="68" WC="0.87" CONTENT="privily"/><SP WIDTH="-2" VPOS="1201" HPOS="1390"/>
						<String ID="string_144" HPOS="1388" VPOS="1195" WIDTH="120" HEIGHT="67" WC="0.63" CONTENT="fall"/><SP WIDTH="7" VPOS="1195" HPOS="1508"/>
						<String ID="string_145" HPOS="1515" VPOS="1198" WIDTH="136" HEIGHT="68" WC="0.91" CONTENT="bring"/><SP WIDTH="15" VPOS="1198" HPOS="1651"/>
						<String ID="string_146" HPOS="1666" VPOS="1209" WIDTH="50" HEIGHT="42" WC="0.91" CONTENT="in"/><SP WIDTH="14" VPOS="1209" HPOS="1716"/>
						<String ID="string_147" HPOS="1730" VPOS="1202" WIDTH="190" HEIGHT="58" WC="0.66" CONTENT="damna."/>
					</TextLine>
					<TextLine ID="line_21" HPOS="591" VPOS="1266" WIDTH="1331" HEIGHT="77">
						<String ID="string_148" HPOS="591" VPOS="1275" WIDTH="70" HEIGHT="49" WC="0.93" CONTENT="ble"/><SP WIDTH="16" VPOS="1275" HPOS="661"/>
						<String ID="string_149" HPOS="677" VPOS="1273" WIDTH="176" HEIGHT="70" WC="0.77" CONTENT="herefies"/><SP WIDTH="11" VPOS="1273" HPOS="853"/>
						<String ID="string_150" HPOS="864" VPOS="1273" WIDTH="110" HEIGHT="54" WC="0.37" CONTENT="evore"/><SP WIDTH="16" VPOS="1273" HPOS="974"/>
						<String ID="string_151" HPOS="990" VPOS="1279" WIDTH="197" HEIGHT="62" WC="0.96" CONTENT="denying"/><SP WIDTH="31" VPOS="1279" HPOS="1187"/>
						<String ID="string_152" HPOS="1218" VPOS="1271" WIDTH="72" HEIGHT="52" WC="0.96" CONTENT="the"/><SP WIDTH="30" VPOS="1271" HPOS="1290"/>
						<String ID="string_153" HPOS="1320" VPOS="1269" WIDTH="125" HEIGHT="50" WC="0.96" CONTENT="Lord"/><SP WIDTH="29" VPOS="1269" HPOS="1445"/>
						<String ID="string_154" HPOS="1474" VPOS="1266" WIDTH="101" HEIGHT="50" WC="0.96" CONTENT="that"/><SP WIDTH="23" VPOS="1266" HPOS="1575"/>
						<String ID="string_155" HPOS="1598" VPOS="1270" WIDTH="164" HEIGHT="66" WC="0.93" CONTENT="bought"/><SP WIDTH="22" VPOS="1270" HPOS="1762"/>
						<String ID="string_156" HPOS="1784" VPOS="1273" WIDTH="138" HEIGHT="68" WC="0.96" CONTENT="them,"/>
					</TextLine>
					<TextLine ID="line_22" HPOS="591" VPOS="1329" WIDTH="1330" HEIGHT="82">
						<String ID="string_157" HPOS="591" VPOS="1341" WIDTH="105" HEIGHT="51" WC="0.69" CONTENT="and"/><SP WIDTH="8" VPOS="1341" HPOS="696"/>
						<String ID="string_158" HPOS="704" VPOS="1341" WIDTH="134" HEIGHT="69" WC="0.69" CONTENT="bring"/><SP WIDTH="13" VPOS="1341" HPOS="838"/>
						<String ID="string_159" HPOS="851" VPOS="1360" WIDTH="117" HEIGHT="51" WC="0.93" CONTENT="upon"/><SP WIDTH="15" VPOS="1360" HPOS="968"/>
						<String ID="string_160" HPOS="983" VPOS="1337" WIDTH="309" HEIGHT="73" WC="0.76" CONTENT="themfelves"/><SP WIDTH="-14" VPOS="1337" HPOS="1292"/>
						<String ID="string_161" HPOS="1278" VPOS="1338" WIDTH="105" HEIGHT="64" WC="0.86" CONTENT="fwift"/><SP WIDTH="9" VPOS="1338" HPOS="1383"/>
						<String ID="string_162" HPOS="1392" VPOS="1329" WIDTH="289" HEIGHT="75" WC="0.80" CONTENT="deftruction,"/><SP WIDTH="21" VPOS="1329" HPOS="1681"/>
						<String ID="string_163" HPOS="1702" VPOS="1342" WIDTH="96" HEIGHT="48" WC="0.92" CONTENT="and"/><SP WIDTH="23" VPOS="1342" HPOS="1798"/>
						<String ID="string_164" HPOS="1821" VPOS="1365" WIDTH="100" HEIGHT="29" WC="0.55" CONTENT="ma-"/>
					</TextLine>
					<TextLine ID="line_23" HPOS="592" VPOS="1401" WIDTH="1329" HEIGHT="82">
						<String ID="string_165" HPOS="592" VPOS="1427" WIDTH="58" HEIGHT="52" WC="0.91" CONTENT="zy"/><SP WIDTH="7" VPOS="1427" HPOS="650"/>
						<String ID="string_166" HPOS="657" VPOS="1412" WIDTH="117" HEIGHT="67" WC="0.24" CONTENT="foall"/><SP WIDTH="6" VPOS="1412" HPOS="774"/>
						<String ID="string_167" HPOS="780" VPOS="1414" WIDTH="160" HEIGHT="69" WC="0.94" CONTENT="follow"/><SP WIDTH="14" VPOS="1414" HPOS="940"/>
						<String ID="string_168" HPOS="954" VPOS="1410" WIDTH="119" HEIGHT="52" WC="0.96" CONTENT="their"/><SP WIDTH="13" VPOS="1410" HPOS="1073"/>
						<String ID="string_169" HPOS="1086" VPOS="1417" WIDTH="257" HEIGHT="58" WC="0.92" CONTENT="pernicious"/><SP WIDTH="14" VPOS="1417" HPOS="1343"/>
						<String ID="string_170" HPOS="1357" VPOS="1411" WIDTH="136" HEIGHT="42" WC="0.68" CONTENT="waies"/><SP WIDTH="20" VPOS="1411" HPOS="1493"/>
						<String ID="string_171" HPOS="1513" VPOS="1401" WIDTH="53" HEIGHT="66" WC="0.91" CONTENT="by"/><SP WIDTH="15" VPOS="1401" HPOS="1566"/>
						<String ID="string_172" HPOS="1581" VPOS="1404" WIDTH="145" HEIGHT="50" WC="0.69" CONTENT="whou"/><SP WIDTH="15" VPOS="1404" HPOS="1726"/>
						<String ID="string_173" HPOS="1741" VPOS="1408" WIDTH="74" HEIGHT="51" WC="0.96" CONTENT="the"/><SP WIDTH="12" VPOS="1408" HPOS="1815"/>
						<String ID="string_174" HPOS="1827" VPOS="1432" WIDTH="94" HEIGHT="47" WC="0.96" CONTENT="way"/>
					</TextLine>
					<TextLine ID="line_24" HPOS="594" VPOS="1469" WIDTH="1328" HEIGHT="79">
						<String ID="string_175" HPOS="594" VPOS="1482" WIDTH="61" HEIGHT="64" WC="0.93" CONTENT="of"/><SP WIDTH="-3" VPOS="1482" HPOS="655"/>
						<String ID="string_176" HPOS="652" VPOS="1485" WIDTH="130" HEIGHT="49" WC="0.93" CONTENT="truth"/><SP WIDTH="-2" VPOS="1485" HPOS="782"/>
						<String ID="string_177" HPOS="780" VPOS="1483" WIDTH="123" HEIGHT="65" WC="0.79" CONTENT="fhall"/><SP WIDTH="8" VPOS="1483" HPOS="903"/>
						<String ID="string_178" HPOS="911" VPOS="1481" WIDTH="51" HEIGHT="49" WC="0.89" CONTENT="be"/><SP WIDTH="12" VPOS="1481" HPOS="962"/>
						<String ID="string_179" HPOS="974" VPOS="1483" WIDTH="97" HEIGHT="48" WC="0.93" CONTENT="evil"/><SP WIDTH="0" VPOS="1483" HPOS="1071"/>
						<String ID="string_180" HPOS="1071" VPOS="1477" WIDTH="172" HEIGHT="71" WC="0.64" CONTENT="fpoken"/><SP WIDTH="18" VPOS="1477" HPOS="1243"/>
						<String ID="string_181" HPOS="1261" VPOS="1476" WIDTH="63" HEIGHT="63" WC="0.84" CONTENT="of"/><SP WIDTH="-3" VPOS="1476" HPOS="1324"/>
						<String ID="string_182" HPOS="1321" VPOS="1514" WIDTH="20" HEIGHT="25" WC="0.84" CONTENT=","/><SP WIDTH="32" VPOS="1514" HPOS="1341"/>
						<String ID="string_183" HPOS="1373" VPOS="1471" WIDTH="97" HEIGHT="51" WC="0.96" CONTENT="and"/><SP WIDTH="11" VPOS="1471" HPOS="1470"/>
						<String ID="string_184" HPOS="1481" VPOS="1469" WIDTH="190" HEIGHT="68" WC="0.78" CONTENT="through"/><SP WIDTH="24" VPOS="1469" HPOS="1671"/>
						<String ID="string_185" HPOS="1695" VPOS="1484" WIDTH="227" HEIGHT="55" WC="0.20" CONTENT="covetouj-"/>
					</TextLine>
					<TextLine ID="line_25" HPOS="591" VPOS="1538" WIDTH="1332" HEIGHT="82">
						<String ID="string_186" HPOS="591" VPOS="1548" WIDTH="113" HEIGHT="67" WC="0.13" CONTENT="weffe"/><SP WIDTH="8" VPOS="1548" HPOS="704"/>
						<String ID="string_187" HPOS="712" VPOS="1552" WIDTH="113" HEIGHT="68" WC="0.71" CONTENT="fhall"/><SP WIDTH="14" VPOS="1552" HPOS="825"/>
						<String ID="string_188" HPOS="839" VPOS="1547" WIDTH="100" HEIGHT="67" WC="0.91" CONTENT="they"/><SP WIDTH="12" VPOS="1547" HPOS="939"/>
						<String ID="string_189" HPOS="951" VPOS="1546" WIDTH="116" HEIGHT="52" WC="0.91" CONTENT="with"/><SP WIDTH="19" VPOS="1546" HPOS="1067"/>
						<String ID="string_190" HPOS="1086" VPOS="1545" WIDTH="170" HEIGHT="68" WC="0.92" CONTENT="fained"/><SP WIDTH="20" VPOS="1545" HPOS="1256"/>
						<String ID="string_191" HPOS="1276" VPOS="1540" WIDTH="151" HEIGHT="75" WC="0.96" CONTENT="words"/><SP WIDTH="24" VPOS="1540" HPOS="1427"/>
						<String ID="string_192" HPOS="1451" VPOS="1538" WIDTH="130" HEIGHT="59" WC="0.93" CONTENT="make"/><SP WIDTH="23" VPOS="1538" HPOS="1581"/>
						<String ID="string_193" HPOS="1604" VPOS="1541" WIDTH="319" HEIGHT="56" WC="0.83" CONTENT="merchandize"/>
					</TextLine>
					<TextLine ID="line_26" HPOS="594" VPOS="1598" WIDTH="1328" HEIGHT="85">
						<String ID="string_194" HPOS="594" VPOS="1620" WIDTH="48" HEIGHT="61" WC="0.96" CONTENT="of"/><SP WIDTH="5" VPOS="1620" HPOS="642"/>
						<String ID="string_195" HPOS="647" VPOS="1620" WIDTH="87" HEIGHT="63" WC="0.96" CONTENT="you"/><SP WIDTH="14" VPOS="1620" HPOS="734"/>
						<String ID="string_196" HPOS="748" VPOS="1633" WIDTH="16" HEIGHT="33" WC="0.44" CONTENT="©:"/><SP WIDTH="36" VPOS="1633" HPOS="764"/>
						<String ID="string_197" HPOS="800" VPOS="1616" WIDTH="60" HEIGHT="52" WC="0.94" CONTENT="of"/><SP WIDTH="15" VPOS="1616" HPOS="860"/>
						<String ID="string_198" HPOS="875" VPOS="1615" WIDTH="113" HEIGHT="50" WC="0.93" CONTENT="who"/><SP WIDTH="25" VPOS="1615" HPOS="988"/>
						<String ID="string_199" HPOS="1013" VPOS="1617" WIDTH="29" HEIGHT="45" WC="0.77" CONTENT="¢"/><SP WIDTH="31" VPOS="1617" HPOS="1042"/>
						<String ID="string_200" HPOS="1073" VPOS="1614" WIDTH="119" HEIGHT="66" WC="0.96" CONTENT="why"/><SP WIDTH="20" VPOS="1614" HPOS="1192"/>
						<String ID="string_201" HPOS="1212" VPOS="1598" WIDTH="50" HEIGHT="83" WC="0.91" CONTENT="of"/><SP WIDTH="19" VPOS="1598" HPOS="1262"/>
						<String ID="string_202" HPOS="1281" VPOS="1598" WIDTH="222" HEIGHT="83" WC="0.91" CONTENT="juftified"/><SP WIDTH="34" VPOS="1598" HPOS="1503"/>
						<String ID="string_203" HPOS="1537" VPOS="1613" WIDTH="222" HEIGHT="57" WC="0.88" CONTENT="perions,"/><SP WIDTH="47" VPOS="1613" HPOS="1759"/>
						<String ID="string_204" HPOS="1806" VPOS="1612" WIDTH="116" HEIGHT="52" WC="0.93" CONTENT="fuch"/>
					</TextLine>
					<TextLine ID="line_27" HPOS="595" VPOS="1670" WIDTH="1328" HEIGHT="79">
						<String ID="string_205" HPOS="595" VPOS="1700" WIDTH="53" HEIGHT="33" WC="0.37" CONTENT="as"/><SP WIDTH="13" VPOS="1700" HPOS="648"/>
						<String ID="string_206" HPOS="661" VPOS="1684" WIDTH="98" HEIGHT="52" WC="0.37" CONTENT="had"/><SP WIDTH="21" VPOS="1684" HPOS="759"/>
						<String ID="string_207" HPOS="780" VPOS="1683" WIDTH="214" HEIGHT="54" WC="0.93" CONTENT="obtained"/><SP WIDTH="10" VPOS="1683" HPOS="994"/>
						<String ID="string_208" HPOS="1004" VPOS="1682" WIDTH="92" HEIGHT="64" WC="0.93" CONTENT="like"/><SP WIDTH="12" VPOS="1682" HPOS="1096"/>
						<String ID="string_209" HPOS="1108" VPOS="1685" WIDTH="201" HEIGHT="64" WC="0.92" CONTENT="precious"/><SP WIDTH="17" VPOS="1685" HPOS="1309"/>
						<String ID="string_210" HPOS="1326" VPOS="1671" WIDTH="144" HEIGHT="74" WC="0.96" CONTENT="faith,"/><SP WIDTH="13" VPOS="1671" HPOS="1470"/>
						<String ID="string_211" HPOS="1483" VPOS="1670" WIDTH="193" HEIGHT="70" WC="0.96" CONTENT="through"/><SP WIDTH="19" VPOS="1670" HPOS="1676"/>
						<String ID="string_212" HPOS="1695" VPOS="1678" WIDTH="73" HEIGHT="51" WC="0.75" CONTENT="the"/><SP WIDTH="12" VPOS="1678" HPOS="1768"/>
						<String ID="string_213" HPOS="1780" VPOS="1682" WIDTH="143" HEIGHT="64" WC="0.46" CONTENT="right."/>
					</TextLine>
					<TextLine ID="line_28" HPOS="593" VPOS="1740" WIDTH="1329" HEIGHT="82">
						<String ID="string_214" HPOS="593" VPOS="1753" WIDTH="207" HEIGHT="67" WC="0.42" CONTENT="eoufnelfe"/><SP WIDTH="11" VPOS="1753" HPOS="800"/>
						<String ID="string_215" HPOS="811" VPOS="1750" WIDTH="53" HEIGHT="72" WC="0.96" CONTENT="of"/><SP WIDTH="12" VPOS="1750" HPOS="864"/>
						<String ID="string_216" HPOS="876" VPOS="1752" WIDTH="101" HEIGHT="53" WC="0.96" CONTENT="God"/><SP WIDTH="14" VPOS="1752" HPOS="977"/>
						<String ID="string_217" HPOS="991" VPOS="1751" WIDTH="92" HEIGHT="50" WC="0.93" CONTENT="and"/><SP WIDTH="9" VPOS="1751" HPOS="1083"/>
						<String ID="string_218" HPOS="1092" VPOS="1769" WIDTH="80" HEIGHT="31" WC="0.93" CONTENT="our"/><SP WIDTH="10" VPOS="1769" HPOS="1172"/>
						<String ID="string_219" HPOS="1182" VPOS="1754" WIDTH="194" HEIGHT="44" WC="0.92" CONTENT="Saviour"/><SP WIDTH="10" VPOS="1754" HPOS="1376"/>
						<String ID="string_220" HPOS="1386" VPOS="1740" WIDTH="124" HEIGHT="71" WC="0.59" CONTENT="Jefus"/><SP WIDTH="21" VPOS="1740" HPOS="1510"/>
						<String ID="string_221" HPOS="1531" VPOS="1741" WIDTH="147" HEIGHT="70" WC="0.29" CONTENT="Ehrift"/><SP WIDTH="18" VPOS="1741" HPOS="1678"/>
						<String ID="string_222" HPOS="1696" VPOS="1762" WIDTH="25" HEIGHT="35" WC="0.76" CONTENT="2"/><SP WIDTH="17" VPOS="1762" HPOS="1721"/>
						<String ID="string_223" HPOS="1738" VPOS="1756" WIDTH="88" HEIGHT="42" WC="0.76" CONTENT="Pet."/><SP WIDTH="24" VPOS="1756" HPOS="1826"/>
						<String ID="string_224" HPOS="1850" VPOS="1765" WIDTH="72" HEIGHT="37" WC="0.82" CONTENT="1,1."/>
					</TextLine>
					<TextLine ID="line_29" HPOS="668" VPOS="1806" WIDTH="1256" HEIGHT="83">
						<String ID="string_225" HPOS="668" VPOS="1820" WIDTH="186" HEIGHT="69" WC="0.96" CONTENT="Again,"/><SP WIDTH="16" VPOS="1820" HPOS="854"/>
						<String ID="string_226" HPOS="870" VPOS="1816" WIDTH="171" HEIGHT="54" WC="0.66" CONTENT="Paulin"/><SP WIDTH="13" VPOS="1816" HPOS="1041"/>
						<String ID="string_227" HPOS="1054" VPOS="1818" WIDTH="87" HEIGHT="50" WC="0.66" CONTENT="the"/><SP WIDTH="15" VPOS="1818" HPOS="1141"/>
						<String ID="string_228" HPOS="1156" VPOS="1832" WIDTH="77" HEIGHT="36" WC="0.95" CONTENT="20."/><SP WIDTH="22" VPOS="1832" HPOS="1233"/>
						<String ID="string_229" HPOS="1255" VPOS="1813" WIDTH="66" HEIGHT="51" WC="0.89" CONTENT="of"/><SP WIDTH="11" VPOS="1813" HPOS="1321"/>
						<String ID="string_230" HPOS="1332" VPOS="1814" WIDTH="110" HEIGHT="50" WC="0.57" CONTENT="Adés"/><SP WIDTH="18" VPOS="1814" HPOS="1442"/>
						<String ID="string_231" HPOS="1460" VPOS="1806" WIDTH="172" HEIGHT="55" WC="0.79" CONTENT="ealleth"/><SP WIDTH="16" VPOS="1806" HPOS="1632"/>
						<String ID="string_232" HPOS="1648" VPOS="1814" WIDTH="88" HEIGHT="50" WC="0.96" CONTENT="the"/><SP WIDTH="15" VPOS="1814" HPOS="1736"/>
						<String ID="string_233" HPOS="1751" VPOS="1812" WIDTH="173" HEIGHT="66" WC="0.94" CONTENT="Elders"/>
					</TextLine>
					<TextLine ID="line_30" HPOS="598" VPOS="1880" WIDTH="1326" HEIGHT="72">
						<String ID="string_234" HPOS="598" VPOS="1887" WIDTH="154" HEIGHT="53" WC="0.95" CONTENT="ofthe"/><SP WIDTH="13" VPOS="1887" HPOS="752"/>
						<String ID="string_235" HPOS="765" VPOS="1886" WIDTH="199" HEIGHT="56" WC="0.85" CONTENT="Church"/><SP WIDTH="14" VPOS="1886" HPOS="964"/>
						<String ID="string_236" HPOS="978" VPOS="1900" WIDTH="50" HEIGHT="36" WC="0.85" CONTENT="at"/><SP WIDTH="12" VPOS="1900" HPOS="1028"/>
						<String ID="string_237" HPOS="1040" VPOS="1884" WIDTH="197" HEIGHT="68" WC="0.47" CONTENT="Ephefus"/><SP WIDTH="17" VPOS="1884" HPOS="1237"/>
						<String ID="string_238" HPOS="1254" VPOS="1880" WIDTH="238" HEIGHT="70" WC="0.92" CONTENT="together"/><SP WIDTH="12" VPOS="1880" HPOS="1492"/>
						<String ID="string_239" HPOS="1504" VPOS="1894" WIDTH="52" HEIGHT="31" WC="0.91" CONTENT="v."/><SP WIDTH="19" VPOS="1894" HPOS="1556"/>
						<String ID="string_240" HPOS="1575" VPOS="1895" WIDTH="71" HEIGHT="48" WC="0.83" CONTENT="17."/><SP WIDTH="13" VPOS="1895" HPOS="1646"/>
						<String ID="string_241" HPOS="1659" VPOS="1883" WIDTH="96" HEIGHT="49" WC="0.83" CONTENT="and"/><SP WIDTH="18" VPOS="1883" HPOS="1755"/>
						<String ID="string_242" HPOS="1773" VPOS="1886" WIDTH="50" HEIGHT="47" WC="0.93" CONTENT="in"/><SP WIDTH="17" VPOS="1886" HPOS="1823"/>
						<String ID="string_243" HPOS="1840" VPOS="1889" WIDTH="84" HEIGHT="48" WC="0.93" CONTENT="the"/>
					</TextLine>
					<TextLine ID="line_31" HPOS="603" VPOS="1941" WIDTH="1320" HEIGHT="67">
						<String ID="string_244" HPOS="603" VPOS="1959" WIDTH="139" HEIGHT="49" WC="0.70" CONTENT="98.v."/><SP WIDTH="18" VPOS="1959" HPOS="742"/>
						<String ID="string_245" HPOS="760" VPOS="1959" WIDTH="65" HEIGHT="49" WC="0.89" CONTENT="he"/><SP WIDTH="11" VPOS="1959" HPOS="825"/>
						<String ID="string_246" HPOS="836" VPOS="1955" WIDTH="264" HEIGHT="52" WC="0.89" CONTENT="exhorteth"/><SP WIDTH="16" VPOS="1955" HPOS="1100"/>
						<String ID="string_247" HPOS="1116" VPOS="1955" WIDTH="142" HEIGHT="50" WC="0.96" CONTENT="them"/><SP WIDTH="16" VPOS="1955" HPOS="1258"/>
						<String ID="string_248" HPOS="1274" VPOS="1964" WIDTH="55" HEIGHT="34" WC="0.27" CONTENT="to"/><SP WIDTH="12" VPOS="1964" HPOS="1329"/>
						<String ID="string_249" HPOS="1341" VPOS="1950" WIDTH="121" HEIGHT="50" WC="0.27" CONTENT="take"/><SP WIDTH="18" VPOS="1950" HPOS="1462"/>
						<String ID="string_250" HPOS="1480" VPOS="1941" WIDTH="126" HEIGHT="55" WC="0.96" CONTENT="heed"/><SP WIDTH="17" VPOS="1941" HPOS="1606"/>
						<String ID="string_251" HPOS="1623" VPOS="1964" WIDTH="127" HEIGHT="35" WC="0.37" CONTENT="unto"/><SP WIDTH="12" VPOS="1964" HPOS="1750"/>
						<String ID="string_252" HPOS="1762" VPOS="1952" WIDTH="161" HEIGHT="52" WC="0.37" CONTENT="them-"/>
					</TextLine>
					<TextLine ID="line_32" HPOS="603" VPOS="2014" WIDTH="1355" HEIGHT="65">
						<String ID="string_253" HPOS="603" VPOS="2021" WIDTH="265" HEIGHT="58" WC="0.46" CONTENT="felyesand"/><SP WIDTH="14" VPOS="2021" HPOS="868"/>
						<String ID="string_254" HPOS="882" VPOS="2021" WIDTH="134" HEIGHT="53" WC="0.89" CONTENT="toall"/><SP WIDTH="17" VPOS="2021" HPOS="1016"/>
						<String ID="string_255" HPOS="1033" VPOS="2019" WIDTH="87" HEIGHT="52" WC="0.96" CONTENT="the"/><SP WIDTH="10" VPOS="2019" HPOS="1120"/>
						<String ID="string_256" HPOS="1130" VPOS="2015" WIDTH="158" HEIGHT="57" WC="0.96" CONTENT="Flock"/><SP WIDTH="19" VPOS="2015" HPOS="1288"/>
						<String ID="string_257" HPOS="1307" VPOS="2015" WIDTH="111" HEIGHT="56" WC="0.6" CONTENT="ec."/><SP WIDTH="2" VPOS="2015" HPOS="1418"/>
						<String ID="string_258" HPOS="1420" VPOS="2010" WIDTH="122" HEIGHT="73" WC="0.6" CONTENT="here"/><SP WIDTH="27" VPOS="2010" HPOS="1542"/>
						<String ID="string_259" HPOS="1569" VPOS="2014" WIDTH="87" HEIGHT="51" WC="0.92" CONTENT="the"/><SP WIDTH="14" VPOS="2014" HPOS="1656"/>
						<String ID="string_260" HPOS="1670" VPOS="2015" WIDTH="180" HEIGHT="56" WC="0.92" CONTENT="chofen"/><SP WIDTH="17" VPOS="2015" HPOS="1850"/>
						<String ID="string_261" HPOS="1867" VPOS="2038" WIDTH="59" HEIGHT="34" WC="0.93" CONTENT="or"/><SP WIDTH="24" VPOS="2038" HPOS="1926"/>
						<String ID="string_262" HPOS="1950" VPOS="2033" WIDTH="8" HEIGHT="16" WC="0.0" CONTENT="*"/>
					</TextLine>
				</TextBlock>
				<TextBlock ID="block_6" HPOS="549" VPOS="2081" WIDTH="1373" HEIGHT="76">
					<TextLine ID="line_33" HPOS="549" VPOS="2081" WIDTH="1373" HEIGHT="76">
						<String ID="string_263" HPOS="549" VPOS="2127" WIDTH="2" HEIGHT="3" WC="0.30" CONTENT="_"/><SP WIDTH="51" VPOS="2127" HPOS="551"/>
						<String ID="string_264" HPOS="602" VPOS="2092" WIDTH="135" HEIGHT="55" WC="0.61" CONTENT="Ele@"/><SP WIDTH="15" VPOS="2092" HPOS="737"/>
						<String ID="string_265" HPOS="752" VPOS="2091" WIDTH="194" HEIGHT="66" WC="0.93" CONTENT="Elders,"/><SP WIDTH="16" VPOS="2091" HPOS="946"/>
						<String ID="string_266" HPOS="962" VPOS="2088" WIDTH="182" HEIGHT="53" WC="0.93" CONTENT="chofen"/><SP WIDTH="12" VPOS="2088" HPOS="1144"/>
						<String ID="string_267" HPOS="1156" VPOS="2086" WIDTH="62" HEIGHT="51" WC="0.96" CONTENT="of"/><SP WIDTH="7" VPOS="2086" HPOS="1218"/>
						<String ID="string_268" HPOS="1225" VPOS="2084" WIDTH="119" HEIGHT="55" WC="0.91" CONTENT="God"/><SP WIDTH="11" VPOS="2084" HPOS="1344"/>
						<String ID="string_269" HPOS="1355" VPOS="2084" WIDTH="101" HEIGHT="52" WC="0.91" CONTENT="and"/><SP WIDTH="17" VPOS="2084" HPOS="1456"/>
						<String ID="string_270" HPOS="1473" VPOS="2081" WIDTH="273" HEIGHT="62" WC="0.92" CONTENT="purchafed"/><SP WIDTH="16" VPOS="2081" HPOS="1746"/>
						<String ID="string_271" HPOS="1762" VPOS="2085" WIDTH="69" HEIGHT="69" WC="0.96" CONTENT="by"/><SP WIDTH="11" VPOS="2085" HPOS="1831"/>
						<String ID="string_272" HPOS="1842" VPOS="2087" WIDTH="80" HEIGHT="53" WC="0.96" CONTENT="his"/>
					</TextLine>
				</TextBlock>
				<TextBlock ID="block_7" HPOS="598" VPOS="2148" WIDTH="1341" HEIGHT="334">
					<TextLine ID="line_34" HPOS="599" VPOS="2148" WIDTH="1329" HEIGHT="77">
						<String ID="string_273" HPOS="599" VPOS="2159" WIDTH="156" HEIGHT="56" WC="0.82" CONTENT="blood"/><SP WIDTH="15" VPOS="2159" HPOS="755"/>
						<String ID="string_274" HPOS="770" VPOS="2160" WIDTH="160" HEIGHT="65" WC="0.81" CONTENT="Eph.t."/><SP WIDTH="12" VPOS="2160" HPOS="930"/>
						<String ID="string_275" HPOS="942" VPOS="2179" WIDTH="48" HEIGHT="45" WC="0.90" CONTENT="4."/><SP WIDTH="34" VPOS="2179" HPOS="990"/>
						<String ID="string_276" HPOS="1024" VPOS="2153" WIDTH="504" HEIGHT="70" WC="0.28" CONTENT="arecommandedto"/><SP WIDTH="15" VPOS="2153" HPOS="1528"/>
						<String ID="string_277" HPOS="1543" VPOS="2148" WIDTH="117" HEIGHT="56" WC="0.28" CONTENT="take"/><SP WIDTH="42" VPOS="2148" HPOS="1660"/>
						<String ID="string_278" HPOS="1702" VPOS="2153" WIDTH="128" HEIGHT="54" WC="0.93" CONTENT="heed"/><SP WIDTH="43" VPOS="2153" HPOS="1830"/>
						<String ID="string_279" HPOS="1873" VPOS="2171" WIDTH="55" HEIGHT="38" WC="0.95" CONTENT="to"/>
					</TextLine>
					<TextLine ID="line_35" HPOS="598" VPOS="2219" WIDTH="1332" HEIGHT="77">
						<String ID="string_280" HPOS="598" VPOS="2229" WIDTH="322" HEIGHT="67" WC="0.92" CONTENT="themfelves,"/><SP WIDTH="33" VPOS="2229" HPOS="920"/>
						<String ID="string_281" HPOS="953" VPOS="2225" WIDTH="96" HEIGHT="54" WC="0.75" CONTENT="and"/><SP WIDTH="17" VPOS="2225" HPOS="1049"/>
						<String ID="string_282" HPOS="1066" VPOS="2240" WIDTH="56" HEIGHT="37" WC="0.75" CONTENT="to"/><SP WIDTH="16" VPOS="2240" HPOS="1122"/>
						<String ID="string_283" HPOS="1138" VPOS="2224" WIDTH="86" HEIGHT="51" WC="0.95" CONTENT="the"/><SP WIDTH="23" VPOS="2224" HPOS="1224"/>
						<String ID="string_284" HPOS="1247" VPOS="2222" WIDTH="157" HEIGHT="53" WC="0.81" CONTENT="Flock"/><SP WIDTH="14" VPOS="2222" HPOS="1404"/>
						<String ID="string_285" HPOS="1418" VPOS="2243" WIDTH="20" HEIGHT="29" WC="0.58" CONTENT="-"/><SP WIDTH="41" VPOS="2243" HPOS="1438"/>
						<String ID="string_286" HPOS="1479" VPOS="2219" WIDTH="120" HEIGHT="69" WC="0.96" CONTENT="why"/><SP WIDTH="18" VPOS="2219" HPOS="1599"/>
						<String ID="string_287" HPOS="1617" VPOS="2220" WIDTH="134" HEIGHT="54" WC="0.96" CONTENT="what"/><SP WIDTH="26" VPOS="2220" HPOS="1751"/>
						<String ID="string_288" HPOS="1777" VPOS="2223" WIDTH="43" HEIGHT="50" WC="0.96" CONTENT="is"/><SP WIDTH="22" VPOS="2223" HPOS="1820"/>
						<String ID="string_289" HPOS="1842" VPOS="2225" WIDTH="88" HEIGHT="51" WC="0.96" CONTENT="the"/>
					</TextLine>
					<TextLine ID="line_36" HPOS="601" VPOS="2287" WIDTH="1329" HEIGHT="77">
						<String ID="string_290" HPOS="601" VPOS="2310" WIDTH="177" HEIGHT="42" WC="0.95" CONTENT="matter"/><SP WIDTH="34" VPOS="2310" HPOS="778"/>
						<String ID="string_291" HPOS="812" VPOS="2300" WIDTH="26" HEIGHT="60" WC="0.94" CONTENT="&gt;"/><SP WIDTH="34" VPOS="2300" HPOS="838"/>
						<String ID="string_292" HPOS="872" VPOS="2296" WIDTH="118" HEIGHT="68" WC="0.95" CONTENT="why"/><SP WIDTH="14" VPOS="2296" HPOS="990"/>
						<String ID="string_293" HPOS="1004" VPOS="2294" WIDTH="126" HEIGHT="52" WC="0.90" CONTENT="after"/><SP WIDTH="23" VPOS="2294" HPOS="1130"/>
						<String ID="string_294" HPOS="1153" VPOS="2291" WIDTH="133" HEIGHT="53" WC="0.42" CONTENT="Pawls"/><SP WIDTH="26" VPOS="2291" HPOS="1286"/>
						<String ID="string_295" HPOS="1312" VPOS="2289" WIDTH="269" HEIGHT="69" WC="0.93" CONTENT="departure"/><SP WIDTH="15" VPOS="2289" HPOS="1581"/>
						<String ID="string_296" HPOS="1596" VPOS="2287" WIDTH="118" HEIGHT="60" WC="0.91" CONTENT="fhall"/><SP WIDTH="28" VPOS="2287" HPOS="1714"/>
						<String ID="string_297" HPOS="1742" VPOS="2288" WIDTH="188" HEIGHT="69" WC="0.92" CONTENT="grievi-"/>
					</TextLine>
					<TextLine ID="line_37" HPOS="600" VPOS="2358" WIDTH="1326" HEIGHT="120">
						<String ID="string_298" HPOS="600" VPOS="2384" WIDTH="94" HEIGHT="35" WC="0.96" CONTENT="ous"/><SP WIDTH="20" VPOS="2384" HPOS="694"/>
						<String ID="string_299" HPOS="714" VPOS="2364" WIDTH="183" HEIGHT="59" WC="0.95" CONTENT="wolves"/><SP WIDTH="11" VPOS="2364" HPOS="897"/>
						<String ID="string_300" HPOS="908" VPOS="2378" WIDTH="141" HEIGHT="39" WC="0.95" CONTENT="enter"/><SP WIDTH="16" VPOS="2378" HPOS="1049"/>
						<String ID="string_301" HPOS="1065" VPOS="2360" WIDTH="56" HEIGHT="55" WC="0.96" CONTENT="in"/><SP WIDTH="19" VPOS="2360" HPOS="1121"/>
						<String ID="string_302" HPOS="1140" VPOS="2372" WIDTH="93" HEIGHT="41" WC="0.96" CONTENT="not"/><SP WIDTH="30" VPOS="2372" HPOS="1233"/>
						<String ID="string_303" HPOS="1263" VPOS="2359" WIDTH="194" HEIGHT="69" WC="0.90" CONTENT="{paring"/><SP WIDTH="19" VPOS="2359" HPOS="1457"/>
						<String ID="string_304" HPOS="1476" VPOS="2359" WIDTH="89" HEIGHT="51" WC="0.96" CONTENT="the"/><SP WIDTH="21" VPOS="2359" HPOS="1565"/>
						<String ID="string_305" HPOS="1586" VPOS="2358" WIDTH="190" HEIGHT="63" WC="0.89" CONTENT="Flock,"/><SP WIDTH="48" VPOS="2358" HPOS="1776"/>
						<String ID="string_306" HPOS="1824" VPOS="2361" WIDTH="102" HEIGHT="117" WC="0.87" CONTENT="and"/>
					</TextLine>
					<TextLine ID="line_38" HPOS="1582" VPOS="2445" WIDTH="357" HEIGHT="37">
						<String ID="string_307" HPOS="1582" VPOS="2461" WIDTH="6" HEIGHT="6" WC="0.44" CONTENT="."/><SP WIDTH="293" VPOS="2461" HPOS="1588"/>
						<String ID="string_308" HPOS="1881" VPOS="2445" WIDTH="11" HEIGHT="34" WC="0.36" CONTENT="oO"/><SP WIDTH="40" VPOS="2445" HPOS="1892"/>
						<String ID="string_309" HPOS="1932" VPOS="2477" WIDTH="7" HEIGHT="5" WC="0.0" CONTENT=";"/>
					</TextLine>
				</TextBlock>
			</PrintSpace>
		</Page>
	</Layout>
</alto>
