2061 2773
692 4 3 1 r
740 3 18 3 We
933 0 13 19 ve
997 1 19 8 ste
1033 5 4 4 at
1161 0 148 9 eS

288 2 86 24 ed
535 0 66 24 ne
771 0 16 24 oe
798 10 3 2 ae
1114 18 143 3 hapueetahginenaneminanaat

463 122 263 123 Falling
734 159 402 82 fromgrace,
1594 157 89 81 19

148 250 134 56 thers
292 245 127 72 will,
448 261 100 36 not
557 264 92 52 my
663 246 131 72 will,
815 250 89 56 but
918 254 93 69 thy
1024 256 138 53 wills
1204 271 122 37 now
1341 252 133 73 ifwe

149 314 458 65 fhouldconclude,
641 317 194 52 thathis
858 338 183 49 prayer
1070 310 103 82 was
1176 310 261 82 -poffitive
1454 360 20 23 ,
2044 357 4 40 |

147 386 108 52 that
271 383 55 50 fo
341 382 41 51 it
394 380 129 52 muft
536 381 76 56 be,
640 384 120 51 then
779 385 61 49 he
854 398 101 39 was
973 401 96 37 not
1090 388 175 61 heard;
1295 388 181 51 forthe
2038 398 10 43 |

147 457 114 60 Cup
277 447 92 54 did
384 449 98 51 not
495 444 135 69 pafie
647 453 125 56 trom
786 449 135 54 him:
934 453 96 55 but
1041 453 65 52 he
1118 454 212 69 praying
1343 453 131 55 with

147 517 185 69 refpect
343 517 98 52 and
453 513 292 56 fubmiflion
762 530 61 38 to
835 517 80 53 his
938 521 182 53 fathers
1137 522 130 67 will,
1289 522 68 51 he
1372 540 104 37 was

151 584 170 68 heatd,
332 581 260 56 inafmuch'
613 601 52 32 as
678 585 99 51 the
794 585 125 55 Will
950 587 60 53 of
1018 589 122 56 God
1165 591 308 69 concerning

143 651 220 53 him-was
382 650 374 65 accomplifhed,
1135 689 3 3 ,
1441 671 3 2 }

207 719 186 65 Again,
415 714 168 78 Chrift
597 723 181 63 prayed
804 722 82 52 for
905 723 88 50 the
1010 724 184 68 world,
1221 722 112 52 that
1342 724 125 69 they

143 781 160 72 might
316 786 158 49 know
497 783 110 51 him
638 800 16 34 :
691 788 153 69 Now,
873 788 42 53 if
938 789 193 54 Chrifts
1153 807 179 54 prayer
1361 789 105 55 had
1484 785 80 84 Jom
1604 798 58 36 17.
1697 794 43 29 2

143 852 120 52 been
278 849 260 60 abfolute,
558 849 216 58 without
803 855 187 71 refpeé&
1015 870 61 38 to
1097 861 107 50 this
1240 875 63 36 or
1336 858 132 60 that,
1515 844 21 38 *

141 919 125 50 then
277 917 128 70 they
430 915 129 53 muft
593 915 294 78 knowhim,
923 925 103 51 and
1046 924 194 55 believe
1265 927 52 50 in
1342 925 130 67 him,

144 982 177 55 which
336 1000 59 35 to
419 983 100 52 doe
553 983 43 53 is
631 985 92 64 life
749 992 228 52 eternall.
1009 993 130 53 verf.
1181 1009 48 50 3.
1300 994 171 54 Chrift

142 1048 319 54 thereforein
472 1049 79 54 his
564 1067 180 54 prayer
753 1057 97 51 had
866 1059 257 67 refpedtto
1153 1061 312 62 themeanes,

143 1116 68 70 by
224 1115 167 55 which
404 1113 121 72 they
554 1118 175 59 fhould
755 1140 212 39 cometo
984 1124 164 57 know
1162 1127 121 62 him,
1297 1128 167 52 which
1749 1172 2 2 ,
2039 1168 3 34 |

137 1184 140 57 itthe
302 1201 167 35 means
485 1191 135 63 were
628 1187 202 73 ufedby
844 1193 156 69 them,
1012 1196 196 53 theend
1221 1193 164 69 might
1401 1194 65 52 be
2039 1201 18 70 iH

141 1252 206 55 effetted
357 1251 52 53 in
424 1253 164 66 them;
617 1254 84 54 for
717 1258 85 52 the
822 1272 202 42 meanes
1040 1279 105 39 was
1171 1263 67 53 of
1244 1263 99 54 this
1356 1273 109 43 ten-
2036 1259 12 227 |

141 1323 177 62 dance,
339 1319 101 52 and
458 1336 160 52 every
653 1341 111 51 way
790 1330 412 64 correfpondent,
1227 1348 54 33 as
1307 1333 158 52 tothe

137 1385 236 70 bringing
382 1385 137 77 them
532 1405 126 40 even
671 1392 64 50 all
750 1395 82 49 the
848 1399 160 50 world
1022 1400 153 50 tothe
1189 1397 277 68 knowledg

135 1455 65 50 of
217 1454 166 55 Chrift
400 1467 26 34 =
457 1468 54 41 in
537 1456 164 52 which
719 1460 167 64 Chrift
908 1472 104 44 was
1042 1463 151 54 heard
1210 1486 20 31 :
1245 1465 80 51 for
1346 1467 118 63 fach

141 1536 196 37 mearies
350 1520 121 53 God
486 1521 117 53 hath
616 1522 229 59 afforded
868 1530 88 51 the
969 1532 181 66 world,
1172 1536 107 51 that
1293 1535 172 56 would

141 1581 284 128 accomplith
475 1588 87 51 the
587 1592 116 65 end,
745 1592 88 54 did
857 1595 121 73 they
1019 1611 94 41 not
1145 1616 95 52 put
1260 1599 44 55 it
1329 1602 132 53 from
2039 1644 3 5 /

137 1667 159 38 them.
2056 1685 5 41 :

101 1734 56 20 -
206 1718 244 70 Thirdly,
486 1723 168 56 Chrift
687 1730 187 66 prayed
898 1732 112 60 that
1049 1733 90 53 the
1150 1736 153 72 Jewes
1324 1742 136 61 who

143 1784 234 56 crucified
390 1789 106 51 him
510 1791 509 75 fhouldbeforgiven.
1061 1827 31 8 .
1126 1802 77 29 *~-)
1263 1806 38 28 ©
1342 1808 116 29 ~~
1482 1807 93 39 Luke
1591 1818 59 36 23.
1672 1817 58 37 24.

204 1855 157 52 Now,
379 1857 45 48 It
443 1857 167 55 Chrift
620 1861 117 53 here
750 1864 113 53 had
873 1866 135 51 been
1020 1866 447 78 abfolute
1250 1851 90 97 and
1347 1866 120 78 po-

137 1920 160 69 fitive,
318 1927 112 47 viz.
473 1924 43 53 it
540 1928 131 51 muft
694 1928 63 52 be
780 1930 53 52 fo
858 1933 414 76 withoutiefpe&
1289 1957 56 36 to
1360 1943 102 55 this

137 2007 58 33 or
225 1988 140 75 that,
378 1990 117 53 then
521 1992 42 53 it
587 1996 170 58 fhould
769 1999 137 53 have
921 2000 134 54 been
1077 2000 81 69 fo;
1180 2015 119 48 wiz;
1326 2006 137 76 ‘they

138 2056 172 53 fhould
308 2051 69 91 be
397 2055 253 78 forgiven;
660 2063 96 54 and
759 2067 111 51 then
899 2068 127 70 they
1038 2075 150 52 could
1214 2075 103 56 aot
1319 2079 146 56 Have

136 2123 126 52 been
285 2131 84 45 cut
396 2124 95 71 off,
527 2131 81 50 for
627 2139 100 44 not
754 2131 259 73 receiving
1040 2140 186 69 Chrift,
1253 2136 212 67 betanfe

139 2186 130 89 their
279 2186 138 89 finne
434 2211 103 47 was
545 2195 227 71 forgiven
801 2219 17 34 :
854 2203 170 57 Chrift
1035 2206 313 60 thereforein
1357 2212 106 59 this

139 2274 183 66 prayer
331 2260 207 82 muft
463 2256 72 96 be
553 2266 371 56 underftoodto
954 2272 130 56 have
1100 2278 179 64 refpe@
1292 2296 59 40 to
1371 2282 91 55 the

138 2342 142 54 way,
294 2329 253 59 in-which
570 2333 310 73 forgivenefs
917 2356 104 38 was
1042 2343 254 72 promifed
1322 2350 142 66 unto

466 2450 4 3 .
773 2406 56 51 D
866 2422 28 36 2
1144 2452 5 7 ;
1303 2419 157 63 them,
