1936 2773
271 138 90 100 48
836 130 75 75 A
930 126 278 99 Treatife
1224 119 290 107 touching

208 240 114 61 Exo.
333 256 146 43 32.32.
495 244 89 57 life
597 267 113 49 may
725 248 127 52 have
866 239 504 60 theirnameblotted
1385 253 111 55 out,
1541 234 101 55 and
1687 234 132 54 their

220 303 60 102 ha
338 309 138 40 :0.26.
497 334 108 49 part
625 317 150 51 taken
788 331 93 35 out
895 314 62 50 of
967 315 84 50 the
1070 312 120 66 holy
1201 309 154 66 City,
1393 308 107 48 that
1512 306 76 50 do
1606 309 68 48 fin
1707 306 111 49 wil-

264 375 151 46 3-5
494 387 153 64 fully,
686 384 92 50 but
794 381 263 53 thofechat
1070 390 298 50 overcome,
1399 373 164 54 Chrift
1592 373 106 51 will
1726 385 92 38 not

496 453 109 52 blot
626 450 305 54 theirname:
948 463 92 37 out
1049 445 67 52 of
1123 447 86 50 the
1222 440 139 53 book
1352 433 57 86 of
1415 438 150 69 life,
1599 437 101 52 but
1716 439 107 66 will

499 517 212 54 confeffe
729 520 139 50 them
883 514 255 54 beforehis
1162 512 190 65 father,
1398 509 103 52 and
1534 506 172 60 before
1733 505 90 53 his

497 588 217 64 Angels,
748 585 249 53 therefore
1009 582 242 53 believers
1269 596 117 47 may
1401 576 84 53 fall
1497 593 155 48 away-

570 658 22 47 I
611 655 139 52 leave
763 653 130 52 thefe
906 635 194 85 Reafons
1140 662 60 39 to
1214 647 88 49 the
1319 646 186 49 ferious
1520 644 97 49 and
1645 639 178 53 unbia-

496 720 83 53 fed
596 720 195 53 Reader
808 737 58 35 to
882 719 162 68 weigh
1062 719 52 50 in
1129 721 84 46 the
1224 710 386 58 ballanceofthe
1636 709 186 52 fanctu-

494 807 105 44 ary.
643 790 21 47 1
679 788 91 69 thal
788 804 121 35 now
924 798 219 39 come.to
1157 783 127 52 fhew
1300 779 82 51 the
1393 777 195 52 ufeand
1614 773 206 70 profita-

494 853 216 59 bienefle
722 855 67 51 of
803 856 100 50 this
918 851 229 54 doctrine
1160 850 64 50 of
1227 845 353 72 perfeverance
1598 883 17 26 ,
1662 861 58 32 or
1734 844 87 50 the

492 920 281 72 poflibility
785 923 113 51 that
917 921 165 52 Saints
1100 919 142 49 ftand
1255 916 52 52 in
1319 928 57 35 to
1389 912 63 51 be
1465 911 241 53 deceived
1722 911 100 50 and

497 992 53 50 fo
587 989 83 53 fall
695 990 50 58 if
761 988 120 69 they
913 990 71 67 do
1004 999 96 39 not
1116 985 114 53 take
1245 981 157 62 heed,
1436 980 177 52 ufethe
1626 997 165 34 means,
1804 1001 54 46 -

496 1059 147 52 ftrive
674 1058 99 51 and
790 1058 179 52 labour
980 1055 126 51 after
1120 1053 92 50 the
1225 1048 269 69 obtaining
1513 1050 87 49 the
1614 1052 204 62 Crown,

500 1123 165 57 which
682 1123 122 68 they
819 1136 185 41 cannot
1019 1109 115 86 have
1133 1109 71 86 if
1222 1118 120 69 they
1370 1113 70 53 do
1457 1129 93 37 not
1581 1116 125 67 fight
1736 1115 87 50 the

496 1193 142 70 good
652 1192 129 72 fight
791 1191 88 55 and
897 1177 141 91 finifh
1069 1188 131 52 their
1212 1185 202 65 courfe,
1447 1183 127 69 keep
1588 1186 88 49 the
1690 1181 128 54 faith

494 1261 280 69 totheend,
809 1278 53 34 as
879 1255 388 69 faiththefpirir,
1303 1252 201 52 bethou
1514 1246 192 70 faithful
1724 1270 95 32 un-

219 1331 98 68 Revs
333 1347 39 30 2.
406 1345 69 35 10,
491 1343 59 37 to
567 1329 188 66 death,
788 1328 98 51 and
875 1314 30 89 I
939 1325 102 52 will
1063 1324 245 68 givethee
1319 1321 85 51 the
1421 1324 188 49 Crown
1635 1319 63 51 of
1711 1318 110 68 life,

224 1409 23 29 2
264 1394 153 55 Tim.4.
433 1395 39 48 8.
491 1394 167 54 which
670 1394 122 56 God
803 1394 104 53 will
918 1394 114 68 give
1044 1406 129 39 unto
1187 1391 65 52 all
1267 1389 272 61 them,that
1562 1385 51 53 fo
1627 1386 189 70 do,and

489 1464 117 56 love
617 1462 80 54 his
708 1462 292 71 appearing.

1670 2086 45 75 T
1738 2085 76 77 be
