1962 2773
382 148 51 75 6

849 148 76 76 A
971 140 290 99 Treatiſe
1279 137 303 105 touching

563 277 87 55 16.
674 275 78 55 16.
776 274 157 70 being
960 268 234 72 juſtityed
1220 268 69 60 by
1314 265 129 53 faith
1469 268 99 51 &c-
1592 274 137 44 Rom.
1763 280 44 52 S5.
1853 288 40 36 i.

564 346 218 52 without
799 343 127 54 faitnᷣ
942 343 42 52 it
998 342 40 52 is
1056 335 289 72 ĩiipoſſible
1356 350 54 38 to
1426 332 164 69 pleaſe
1604 333 152 72 God,
1782 345 108 46 Heb.

560 424 65 42 n.
642 416 49 50 6.
704 413 49 53 if
760 413 64 67 by
840 411 130 53 faith
986 411 123 66 they
1121 423 88 35 ãre
1219 404 239 73 juſtityed
1471 405 117 50 then
1624 418 90 37 not
1736 403 154 54 mith-

565 500 88 36 out
668 483 74 69 it,
777 482 61 50 He
849 481 113 52 that
979 477 252 52 believethi
1248 488 89 40 not
1354 476 43 49 ĩs
1425 470 321 56 condemned
1771 472 121 72 Jobu

637 554 157 63 18.19.

710 619 136 51 ſome
855 633 114 51 may
982 614 80 69 ſay
1075 632 75 36 we
1163 629 85 37 are
1265 607 217 73 juſtified
1494 608 176 52 belore
1683 608 51 53 in
1750 609 143 53 Gods

556 680 229 80 account.

644 752 361 69 lanſerthen
1021 768 76 35 ve
1111 765 129 36 vere
1257 748 78 53 his
1347 747 183 68 people
1540 743 50 55 in
1602 742 77 55 his
1688 759 207 39 account

563 822 136 68 alſo,
731 823 219 51 without
965 835 60 35 or
1038 819 177 52 before
1226 815 274 69 believing,
1537 813 254 65 vhichto
1806 818 83 64 ſay

566 908 132 36 werc
711 904 55 36 to
780 886 276 54 contradict
1072 887 86 50 the
1170 887 247 68 Scripture
1444 902 20 33 ĩ
1487 893 90 44 pet.
1599 901 44 32 2.
1661 875 154 84 vhich
1836 880 55 51 in

562 961 127 48 time
704 957 106 66 paſt
823 969 130 39 were
966 969 95 39 not
1077 973 23 32 a
1115 954 201 67 peoplẽ,
1332 965 84 53 yet
1429 967 83 35 are
1524 964 123 36 now
1658 948 91 49 the
1767 964 123 49 peo-

561 1029 86 66 ple
662 1025 66 52 ot
734 1024 136 68 God,
884 1022 169 54 vhich
1070 1037 129 36 vere
1213 1034 84 37 not
1313 1019 158 51 under
1491 1010 159 89 mercy
1669 1014 93 68 but
1772 1033 120 34 nov

563 1097 131 51 have
710 1092 240 54 obtained
961 1092 172 68 merey
1144 1097 130 43 Rom.
1293 1106 45 50 9.
1352 1099 80 50 25,
1447 1090 82 50 26.
1555 1086 147 71 Hoſea
1734 1100 48 36 2.
1810 1102 79 50 23.

561 1165 87 49 the
673 1161 209 68 Apoſtle
905 1162 111 49 Paul
1040 1157 124 55 ſaſth
1187 1158 113 51 that
1326 1158 291 58 Andronicus
1631 1153 99 52 and
1742 1151 143 71 Junia

562 1246 137 36 were
707 1232 51 49 in
772 1226 174 53 Chriſt
957 1227 173 51 before
1142 1224 109 53 him
1266 1234 132 43 Rom.
1419 1226 68 58 t6.
1502 1238 52 47 7.
1575 1221 87 53 the
1677 1221 212 67 Apoſtle

558 1295 121 74 John
696 1296 126 54 ſaith
833 1296 48 51 if
885 1312 77 36 we
980 1294 85 69 ſay
1079 1310 81 35 we
1177 1293 129 51 have
1319 1286 280 71 fellowelhip
1614 1289 122 52 with
1759 1287 130 70 kic,

564 1366 101 53 ànd
684 1367 131 51 walk
826 1363 53 54 in
893 1360 261 55 darkũeſſe
1171 1376 78 36 ve
1263 1361 52 67 ly
1329 1361 98 51 and
1442 1360 71 51 do
1528 1374 92 35 not
1636 1359 89 50 the
1742 1359 147 64 trut
1843 1353 41 79 h

598 1434 155 69 Johm
769 1448 44 37 1.
829 1433 48 50 6.
910 1431 98 52 and
1033 1427 168 69 again,
1213 1431 78 48 He
1306 1430 107 51 that
1431 1426 124 54 ſaith
1568 1423 64 52 he
1644 1425 242 51 Enometh

555 1501 144 68 him,
732 1499 102 53 and
850 1497 223 69 keepeth
1082 1511 90 37 not
1190 1492 552 66 hiscommandments,
1775 1490 44 54 is
1854 1510 28 34 à

554 1571 112 69 lyar
688 1567 97 55 and
818 1568 92 52 the
939 1566 139 52 truth
1108 1563 43 53 is
1188 1578 92 37 not
1311 1562 55 54 in
1391 1563 106 53 him
1516 1562 126 51 ch.
1658 1582 48 47 4.
1721 1561 68 67 by
1808 1559 69 52 all

558 1634 170 56 vhich
742 1652 209 51 appears
962 1634 114 51 that
1091 1649 78 35 we
1185 1648 84 34 are
1282 1646 89 36 not
1385 1633 88 49 the
1490 1628 240 71 juſtifyed
1745 1644 141 49 ones,

554 1703 203 54 neither
774 1708 130 49 ñave
918 1719 79 37 we
1011 1700 157 54 union
1183 1701 123 50 with
1323 1699 209 61 Chriſt,
1563 1697 221 53 without
1797 1694 88 50 be-

553 1772 193 70 lieving
768 1771 100 53 and
892 1769 164 71 doing
1077 1768 77 51 his
1193 1768 488 67 commandements,
1711 1781 21 35 1
1765 1762 121 72 Jobn

549 1886 17 10 E

622 1908 288 69 Secondly,
943 1921 79 36 ve
1056 1919 85 34 are
1164 1901 281 53 continued
1495 1888 52 63 in
1579 1899 153 52 union
1758 1893 127 68 vith

499 1944 303 88 Cuues
814 1971 269 65 coũdition
1095 1968 65 53 of
1166 1969 258 68 believing
1436 1967 103 54 and
1568 1965 374 71 perſevering

551 2045 54 53 in
635 2043 87 55 the
749 2044 159 67 doing
938 2041 89 66 the
1046 2037 105 52 will
1179 2038 64 51 of
1266 2038 121 56 God
1401 2035 97 53 and
1512 2052 92 35 not
1625 2034 257 53 without:

551 2112 101 52 this
665 2113 86 51 the
766 2111 142 54 word
920 2108 55 53 ot
989 2106 121 56 God
1132 2106 135 55 doth
1284 2104 140 53 teach
1438 2121 57 36 us
1511 2101 55 54 in
1593 2117 156 51 many
1778 2100 106 66 pla-

550 2169 92 88 ces.

619 2253 103 49 For
733 2265 79 35 we
824 2266 84 34 are
918 2244 147 55 made
1076 2241 254 69 partakers
1343 2233 59 59 ot
1411 2238 187 58 Chriſt:
1619 2233 200 74 mar]
1848 2230 49 54 if

530 2290 107 78 ve
647 2317 126 51 nolã
784 2316 93 53 fit
891 2314 154 54 mee
1051 2309 217 72 ginning
1277 2309 61 53 ol
1346 2325 95 37 our
1453 2306 296 60 confidence
1757 2303 130 51 ſted·

552 2383 90 53 faſt
654 2399 56 37 to
723 2384 89 52 the
822 2386 101 51 end
935 2386 112 50 Heb.
1070 2398 44 50 3.
1125 2393 75 54 44.
1218 2381 110 53 Fiul
1343 2375 132 57 ſaith
1498 2390 78 46 to.
1584 2376 88 52 the
1701 2368 185 74 Coloſſi-

1800 2456 87 33 id.

1623 2552 31 8 —
