1948 2773
343 142 99 59 32
868 112 395 104 ATreatife
1281 112 296 109 touching

547 237 102 54 the
662 234 231 63 bufinefs,
915 237 171 50 where
1104 235 89 53 the
1215 232 208 71 Apoftle
1448 229 180 72 makes
1646 231 102 55 this
1760 230 125 72 holy

537 304 286 71 challenge,
852 304 110 51 Who
974 305 124 64 fhall
1110 307 71 67 lay
1207 320 90 48 any
1326 301 135 65 thing
1486 299 138 55 tothe
1650 302 162 65 charge
1837 305 57 65 of

535 375 136 52 Gods
685 370 396 58 Ele#?Gc.Now
1094 385 60 39 to
1166 373 160 50 know
1338 370 116 50 who
1471 384 81 37 are
1564 369 91 52 the
1674 370 139 51 Elect
1822 367 62 53 of

534 442 130 57 God
689 440 102 52 wiil
807 439 157 53 bethe
979 438 216 69 folution
1207 437 56 52 of
1280 437 310 62 thismatter‘
1599 435 81 53 for
1690 436 161 54 which
1864 440 22 49 I

538 511 130 52 refer
672 516 108 61 you
798 522 60 38 to
870 519 87 58 my
969 506 191 54 anfwer
1174 505 154 54 tothe
1338 502 102 54 firft
1452 519 258 54 argument
1738 498 147 84 dthofe

538 579 111 53 that
668 576 256 54 arecalled
946 576 269 67 according
1227 584 56 41 to
1297 572 145 56 Geds
1453 568 233 73 purpofe,
1695 575 188 52 ver.28,

541 646 120 53 who
681 644 117 69 they
810 659 84 37 are
923 642 76 53 fee
1023 662 89 51 my
1137 641 191 56 anfwer
1343 653 69 39 to
1442 642 88 51 the
1555 639 142 51 third
1723 645 160 63 Argu-

540 716 180 51 ment?
754 715 124 63 they
892 711 110 54 that
1016 711 148 54 make
1181 709 133 52 their
1325 708 202 69 Calling
1538 706 106 53 and.
1658 703 222 58 Ele@ion

541 782 128 60 fure,
694 780 69 69 by
790 776 193 70 adding
1020 793 59 38 to
1110 777 134 54 their
1268 774 144 70 faith,
1435 773 185 68 virtue,
1651 776 98 52 &c.
1783 777 98 51 mho

541 850 109 72 (hall
674 849 72 67 lay
779 867 86 51 any
904 845 138 68 thing
1067 859 47 40 to
1154 837 124 89 their
1293 843 198 68 tharge,
1506 851 59 42 it
1588 841 53 53 is
1654 841 106 54 God
1779 844 101 50 that

531 916 234 69 justifies,
788 917 97 53 Re.
1578 928 2 2 |
1772 926 60 24 Bo

614 983 184 68 Again,
820 982 145 55 Who
978 981 116 53 fhall
1111 979 220 70 feperate
1342 976 142 55 them
1505 974 114 55 that
1630 970 128 85 fodo
1776 978 102 53 ?no

545 1049 167 70 thing,
728 1065 412 38 nornomancan
1173 1047 99 66 (4)
1308 1058 186 50 nonor
1515 1054 147 41 none
1672 1043 66 52 of
1748 1042 135 55 thefe

546 1119 171 72 things,
757 1126 102 45 viz.
893 1115 307 54 tribulation
1210 1129 62 38 or
1288 1111 214 71 diftrefs,
1529 1129 63 34 or
1612 1110 268 70 perfecuti-

544 1189 89 61 on,
646 1196 60 42 or
737 1187 181 65 famine,
928 1202 63 35 or
1014 1182 298 63 nakednefs,
1333 1198 61 36 or
1409 1181 165 72 perill,
1606 1181 65 51 or
1699 1180 181 69 {word,

544 1274 122 51 nay>
686 1252 54 72 in
757 1255 66 53 all
834 1251 140 56 thefe
990 1253 185 67 things,
1189 1252 122 65 they
1324 1263 97 42 are
1436 1263 146 40 more
1607 1248 117 54 then
1743 1253 136 51 Con-

542 1336 265 58 querours,
823 1322 225 68 through
1055 1320 116 56 him
1185 1320 110 55 that
1305 1317 152 56 loved
1469 1318 135 52 them
1623 1336 19 44 5
1673 1316 93 55 but
1779 1314 101 57 this

543 1391 127 55 doth
688 1404 93 39 not
796 1401 177 59 prove.
989 1391 98 52 but
1103 1389 113 52 that
1225 1386 197 73 perfons
1436 1385 54 53 in
1506 1385 165 55 Chrift
1685 1402 117 49 may
1811 1385 69 51 fal

543 1462 100 54 and
656 1457 64 53 be
736 1456 248 70 feperated
994 1458 134 51 from
1154 1454 183 63 Chrift,
1364 1454 70 68 by
1446 1452 226 69 denying
1697 1451 184 67 Chrilt,

542 1526 250 69 although
808 1525 136 58 none
955 1524 206 54 ofthefe
1178 1542 114 51 can,
1322 1521 48 57 if
1382 1524 121 65 they
1533 1518 66 54 be
1621 1530 92 43 not
1736 1535 143 37 over-

548 1604 145 43 come
703 1593 70 67 by
784 1594 159 65 them,
954 1606 63 45 to
1030 1591 305 59 forfakeand
1343 1580 132 84 deny
1500 1584 128 71 him,
1646 1596 82 45 &c.

612 1663 139 51 Now
762 1661 89 52 the
861 1660 224 67 queftion
1099 1659 62 66 is,
1190 1659 226 53 whether
1432 1651 200 72 péetfons
1643 1652 55 54 in
1708 1651 169 58 Chrift

540 1738 124 60 may
675 1739 94 55 not
779 1727 64 53 be
855 1730 272 55 overcoine
1140 1727 71 71 by
1231 1723 174 58 thefe?
1452 1758 3 2 -

611 1801 25 49 I
648 1795 225 73 Anfwer,
886 1797 89 53 the
997 1794 260 71 Scripture
1272 1792 126 57 faith
1426 1794 118 67 they
1565 1791 139 68 may,
1722 1790 90 52 for
1835 1790 51 55 if

273 1878 225 44 2Pet,tz,a0-
542 1864 129 57 after
713 1865 122 67 they
860 1868 133 50 have
1026 1862 207 70 efcaped
1273 1863 91 52 the
1390 1858 275 70 pollutions
1699 1856 66 53 of
1785 1859 87 52 the

544 1930 184 61 world,
748 1931 224 70 through
987 1933 89 51 the
1099 1928 312 70 knowledge
1428 1928 71 51 of
1505 1925 246 53 theLord
1770 1927 102 52 and
1932 1951 12 20 -

538 2000 218 54 Saviour
779 1998 137 73 Jefus
940 1998 185 69 Chrift,
1172 1999 122 70 they
1326 1992 255 73 are-again
1615 1992 257 70 intangled
1918 2023 6 12 -

270 2109 129 49 dyGal
416 2119 71 38 5.1
542 2067 212 69 therein,
764 2069 99 59 and
873 2085 289 52 overcome,
1192 2067 76 62 the
1290 2069 140 63 latter
1453 2063 89 53 end
1549 2069 52 43 is
1610 2057 139 84 worfe
1756 2061 91 51 the

317 2154 3 4 :
543 2138 78 53 the
643 2137 246 66 beginning
908 2136 89 66 (d)
1037 2131 283 56 Therefore
1353 2135 111 48 Pax!
1488 2128 271 53 exhorteth
1786 2129 86 51 the

271 2243 36 47 2)
320 2248 205 47 Rev.ay.26,
540 2203 296 79 (lathians,
850 2217 58 38 to
901 2191 143 85 ftand
1057 2191 102 85 faft
1174 2201 55 53 in
1255 2201 86 71 the
1366 2196 182 68 liberty
1576 2195 291 54 wherewith

213 2306 7 6 -
268 2293 88 47 chap
371 2272 159 70 3-532,
542 2272 170 64 Chrift
722 2272 122 65 hath
855 2269 154 68 made
1021 2258 120 88 them
1147 2270 148 66 free,
1314 2258 83 88 and
1411 2258 96 88 not
1536 2277 56 38 to
1602 2262 266 67 beintang-

20 2364 12 13 ,
266 2335 57 80 ats
536 2339 89 55 led
636 2338 146 71 again
796 2338 57 55 in
865 2338 88 54 the
964 2334 141 58 Yoak
1115 2338 73 53 of
1193 2336 233 69 bondage
1443 2330 271 73 (¢)Ghritt
1724 2325 116 130 faith

270 1024 40 47 5)
322 1021 81 52 Joh.
411 1022 118 41 10.28.

0 2634 14 17 RAE
0 2608 14 8 aa
0 2577 14 27 entatacaee
0 2563 14 14 ee
0 2531 14 32 arti:
4 2527 2 2 +
3 2518 2 2 ~
0 2501 14 17 $n
0 2491 14 11 a
0 2442 14 21 eer
0 2425 14 11 ne
0 2413 14 5 ne
0 2384 6 11 ee
