1945 2773
298 139 91 73 40
838 103 76 78 A
934 101 277 103 Treatife
1232 97 290 109 touching
1567 134 19 24 —

522 224 65 53 be
601 223 341 67 overcome
850 211 79 85 by
957 219 269 73 fuffering,
1258 217 48 54 if
1319 219 122 70 they
1470 215 92 54 did
1597 230 91 39 not
1722 216 121 54 take

523 295 126 49 heed
696 306 129 39 unto
856 290 326 67 themfelves:
1221 305 59 34 or
1308 288 96 50 elle
1442 281 245 66 needlefle
1720 302 135 35 were

524 359 376 69 thefefayings;
928 359 80 51 for
1024 359 45 54 if
1090 360 123 67 they
1228 357 262 65 couldnot
1521 353 63 49 be
1612 352 251 65 deceived

524 429 99 52 and
644 428 49 52 fo
708 429 100 62 fall,
822 429 115 67 chey
956 428 104 52 had
1065 445 64 35 no
1150 426 121 53 need
1290 440 53 36 to
1360 424 118 51 take
1500 423 127 52 heed
1639 426 30 47 ¢
1690 422 166 57 where

523 500 141 48 there
680 497 39 53 is
735 497 74 52 no
821 498 187 68 danger
1024 498 141 51 there
1179 493 148 53 needs
1349 509 69 38 no
1434 490 244 54 caution:
1716 490 137 52 thefe

525 565 277 69 Scriptures
815 564 124 64 with
954 573 156 63 many.
1124 565 173 50 others
1310 559 62 53 of
1381 558 102 55 like
1498 558 211 69 import,
1740 577 115 51 may

523 634 63 50 be
603 634 187 68 croffed
808 651 91 36 out
914 633 67 51 of
996 639 94 49 our
1103 630 165 58 Bibles
1292 627 50 54 if
1359 631 139 56 there
1508 628 144 51 beno
1666 626 189 67 danger

523 701 241 69 eftalling
779 700 129 54 from
926 702 255 58 thefaith;
1208 696 368 57 Chrifttelshis
1599 693 257 65 Difciples

244 774 109 45 Mat,
379 786 115 44 5.13.
527 770 105 51 that
646 771 119 67 they
776 770 285 52 aretheSal¢
1072 769 50 64 of
1121 766 85 67 the
1216 768 144 55 earth,
1377 765 80 50 but
1479 768 44 61 if
1537 763 87 49 the
1630 756 94 86 falt
1738 761 114 55 have

243 833 260 60 Luk.14.339
523 836 93 52 lost
629 847 66 42 its
695 843 193 62 favour,
899 822 254 87 wherewith
1167 822 102 87 ball
1268 822 57 87 it
1327 833 63 50 be
1385 830 158 68 falted
1547 837 56 59 jt
1616 836 43 43 is
1674 826 176 67 thenee-

251 897 177 56 349%35-
514 907 137 67 forth
659 908 117 65 good
803 903 292 72 fornothing
1106 904 81 50 but
1205 913 49 39 to
1267 899 154 64 becaft
1444 910 78 38 out
1538 896 98 51 and
1663 896 189 51 trodden

525 974 145 49 uncer
710 989 72 34 foot
802 975 61 64 of
862 982 116 43 mex.
1046 972 140 50 Now
1212 972 135 47 were
1370 966 45 51 it
1432 979 103 37 not
1549 982 63 33 an
1623 962 231 55 abfolute

527 1039 367 70 contradicting
908 1040 54 62 of
977 1036 230 64 Chriftto
1222 1033 108 72 fay,
1340 1030 385 69 wecannctlofe
1751 1049 101 47 our

506 1108 216 70 ‘favour,
734 1106 363 69 itsimpoffible
1108 1122 88 37 we
1219 1103 211 68 fhould,
1463 1100 106 60 and
1583 1098 270 70 a-making

506 1178 78 66 ‘of
595 1177 79 69 his
689 1177 168 72 words
873 1172 430 73 impertinent,
1207 1161 100 92 his
1316 1168 231 63 cautions
1556 1165 224 78 ufelefie?

517 1247 54 10 '”
592 1242 510 72 Again,
782 1233 107 85 thé
888 1242 214 72 Apoftle
1120 1240 150 71 gives
1296 1239 86 52 the
1412 1237 110 65 like
1540 1237 310 60 cautions
1773 1233 79 85 to

241 1319 102 49 Heb,
356 1333 35 40 22
428 1335 69 41 12,
519 1315 90 53 the
622 1313 266 68 Churches,
900 1323 229 41 Take.heed
1134 1298 213 87 brethren
1346 1298 138 87 ,leafé
1503 1304 120 52 there
1635 1302 56 69 be
1699 1311 52 62 ig
1764 1314 84 57 any

245 1382 241 59 23.Act20.
518 1387 58 64 of
582 1401 84 55 you
682 1404 61 31 an
760 1386 95 49 cvil
868 1382 128 51 heart
1009 1384 61 65 of
1078 1379 205 66 unbelief
1306 1385 50 43 in
1383 1376 242 66 departing
1628 1372 122 66 from
1774 1378 75 46 the

516 1456 154 63 Living
683 1453 121 66 Gods
826 1452 83 51 but
924 1450 247 61 exhorting
1184 1465 80 40 one
1279 1443 188 65 another
1476 1442 123 65 daily
1624 1439 143 72 while
1780 1448 68 41 its

500 1515 315 73 ‘called
649 1500 70 92 to
718 1515 128 73 day’;
858 1515 117 55 leak?
989 1514 88 73 any
1086 1521 73 59 of
1164 1517 91 64 you
1276 1512 59 49 be
1346 1509 208 55 hardued
1575 1506 189 67 through
1775 1504 73 52 the

496 1568 164 93 deceit
659 1568 179 93 fulneffé
854 1588 61 66 of
918 1586 81 59 fin.
1079 1581 144 70 They
1242 1578 132 54 muft
1388 1578 116 71 take
1520 1577 144 66 heed,
1676 1593 59 32 or
1748 1572 95 54 elfe

516 1655 142 54 there
673 1637 108 92 may
799 1654 71 53 be
877 1652 203 55 inthem
1092 1657 64 45 an
1169 1650 100 52 evil
1286 1649 144 50 heart
1461 1644 64 53 of
1529 1641 248 55 unbelief
1794 1642 51 53 in

479 1739 11 4 -
519 1721 266 72 departing
810 1721 132 65 from
966 1722 85 61 the
1064 1716 172 69 living
1258 1714 163 62 Gods
1463 1714 99 52 and
1594 1711 252 52 therefore

498 1789 143 70 ‘they
648 1775 132 88 muft
794 1775 177 88 exhort
978 1775 103 88 one
1096 1782 347 69 another,Jeaft
1472 1781 127 66 they
1622 1784 63 48 be
1701 1779 144 51 hard-

519 1857 237 56 ned
704 1842 42 84 ec:
776 1842 180 84 ‘looking
970 1842 361 84 diligently'leaft
1344 1864 87 53 any
1457 1867 109 31 man
1589 1848 96 69 fail
1698 1848 59 66 of
1773 1846 75 50 the

498 1928 151 62 “grace
660 1929 60 67 of
724 1929 122 60 Gods,
869 1924 106 67 leaft
992 1941 86 48 any
1090 1933 100 37 root
1204 1925 58 65 of
1267 1914 246 68 bitterneffe
1516 1915 155 70 pring
1684 1930 55 48 up
1740 1914 110 50 and

225 2035 2 2 |
437 2049 3 2 -
522 1995 172 65 trouble
703 2009 103 51 yon,
822 1994 104 53 and
953 1989 183 65 thereby
1157 2006 131 49 many
1312 1987 49 49 be
1383 1984 160 68 defiled
1555 2022 13 16 ,
1597 1980 105 70 leaft
1730 1981 120 50 there

206 2110 7 4 _
244 2052 261 63 Heb.12.155
514 2062 160 67 frould
684 2061 53 51 be
753 2081 88 50 any
844 2061 283 68 fornicators
1157 2074 53 33 or
1219 2052 224 68 prophane
1460 2048 178 68 perfons
1654 2069 46 32 as
1717 2050 131 65 Efan,
1888 2090 8 10 ,

247 2117 67 56 16,
522 2128 100 53 ‘who
634 2130 82 65 for
732 2148 83 37 one
825 2127 162 68 morfel
997 2127 52 63 of
1049 2127 138 63 meat
1201 2122 101 63 (old
1331 2118 80 51 bis
1437 2117 294 71 birth-right.
1758 2140 6 21 :
1803 2116 45 48 Yt

519 2193 153 55 feems
682 2179 162 86 Saints
851 2179 86 86 may
984 2193 87 52 fall
1084 2191 129 52 froin
1230 2195 144 64 grace
1387 2184 98 53 and
1511 2183 209 52 become
1732 2200 115 53 pro-

489 2269 8 22 :
520 2265 168 68 plane
680 2247 233 90 perfons,
920 2247 90 90 fell
1032 2258 131 55 their
1182 2253 350 69 birth-rights,
1548 2251 106 56 Gc.
1681 2254 164 51 there-

514 2335 118 67 fore
645 2333 306 66 believersin
968 2328 166 73 Chrift
1153 2345 119 51 may
1284 2325 84 53 fall
1382 2339 160 59 away.
1733 2310 63 133 Th

514 2411 2 2 :
757 2411 52 23 te
841 2405 94 26 eo,
1027 2401 341 31 et
1401 2420 19 10 ee
1531 2402 49 29 a
1815 2402 33 35 Le
