1937 2773
296 159 114 94 Sh
810 142 76 78 A
930 133 288 108 Treatife
1235 132 301 119 touching

237 254 245 81 Jam4-6
529 264 71 58 fer
618 263 202 60 himfelf
832 269 190 71 againft
1032 272 88 51 the
1134 271 169 70 proud
1326 288 117 38 man
1469 268 305 57 whofoever
1786 271 68 55 he

241 313 132 54 HOV.
395 326 118 55 3-34
530 340 79 57 be,
631 335 152 72 furely
796 336 54 53 he
847 339 219 69 fcarneth
1082 339 75 53 the
1161 339 188 70 feorner
1365 359 22 33 s
1402 342 80 58 but
1493 337 56 57 he
1556 340 158 66 giveth
1723 360 133 49 grace

526 419 49 39 to
593 405 238 67 thelomly,
866 424 80 35 we
957 406 130 54 mutt
1099 421 95 38 not
1209 407 51 50 be
1276 407 107 67 high
1390 411 191 50 mindea
1592 450 24 26 ,
1649 410 79 51 but
1732 413 123 67 fear,

527 480 77 46 for
623 472 266 62 thiscaufe,
925 473 158 54 forhe
1096 474 173 70 {pared
1278 492 95 36 nor
1386 477 88 49 the
1488 478 195 51 natural
1709 477 145 53 bran

243 526 268 45 Rom.tT.20
526 544 131 65 ches,
674 539 396 69 thereforetake
1080 522 143 96 heed,
1223 522 95 96 left
1346 544 67 52 he
1434 543 141 67 {pare
1601 559 93 41 not
1722 542 134 59 théei

249 588 85 103 oa
397 599 113 93 79"
528 628 73 35 we
615 607 132 55 mutt
760 612 145 53 learn
922 608 63 53 of
990 608 235 58 Chriftto
1239 609 64 52 be
1319 609 97 53 ofa
1433 612 147 78 meek
1607 616 97 52 and
1728 615 130 55 low-

271 657 112 112 Per
383 661 66 104 5,
443 672 69 97 5.
527 681 51 68 ly
597 676 164 70 {pirit,
796 695 92 52 put
900 695 66 34 on
983 676 583 74 humbleneffe,ofmind,
1580 684 279 66 mecknefs,

250 747 3 3 |
526 751 122 64 long
661 741 316 74 {uffering
909 737 44 86 &
995 748 51 50 be
1061 745 183 52 clothed
1254 746 115 54 with
1380 746 211 73 humility
1614 768 57 31 as
1696 753 118 63 with
1831 770 28 32 «

524 823 241 57 garment,
798 814 251 64 therefore
1059 816 129 64 Pal,
1206 807 115 77 that
1332 807 216 77 faithful
1574 817 198 56 fervant
1798 820 58 51 of

529 883 83 50 the
623 879 133 54 Lord
770 875 245 84 humbled
1028 875 204 84 himfelf
1250 900 17 33 :
1303 882 157 54 Tfaith
1477 883 97 68 he,
1603 887 259 68 £eepunder

260 965 21 35 1
296 949 216 67 Cor.9.27
529 960 71 55 my
615 948 231 70 body,and
859 949 132 70 bring
1003 956 41 46 it
1081 962 101 41 into
1198 951 363 70 fubjeBion.le&
1577 954 110 51 that
1700 955 54 67 by
1773 973 86 48 any

529 1035 155 34 means
693 1012 139 84 when
851 1028 31 41 I
888 1018 113 53 have
1010 1012 222 84 preached
1234 1012 233 84 toothers,
1491 1032 109 54 Tnsy
1602 1021 108 71 felf
1699 1022 166 67 fhould

528 1087 52 50 be
595 1083 144 51 acaSt
748 1097 139 54 away.
958 1086 330 54 Thisfervant
1297 1087 146 54 ofthe
1454 1091 134 51 Lord
1603 1092 152 52 knew
1765 1090 93 52 full

528 1153 117 50 well
658 1151 47 49 if
714 1153 65 50 he
792 1151 95 55 did
897 1169 93 37 not
1004 1154 134 66 keep
1155 1153 204 55 himfelf
1376 1158 109 51 low
1507 1159 104 50 and
1630 1159 227 59 humble,

527 1217 90 54 but
631 1220 116 68 give
759 1238 115 51 way
887 1237 56 36 to
960 1223 86 51 the
1061 1223 117 52 flefh
1200 1264 18 26 ,
1256 1224 100 52 and
1384 1226 85 51 the
1501 1225 117 64 jufts
1639 1224 221 69 thereof,

520 1285 66 52 he
612 1284 167 69 might
802 1287 255 70 mifcarry,
1100 1290 111 53 bea
1241 1292 100 52 caft
1362 1304 180 58 away:
1590 1291 272 55 wherefore

526 1355 97 61 he,,
650 1356 176 50 ftrred
844 1367 69 58 upthe
924 1356 398 55 fervantsof
1363 1363 88 51 the
1468 1362 142 53 Lord
1637 1376 54 37 to
1704 1363 152 51 cloth

528 1419 317 54 themfelves’'
866 1427 125 51 with
1016 1423 104 53 this
1128 1428 174 65 comly
1314 1438 264 44 ornament
1590 1429 167 54 which
1773 1430 84 50 be-

529 1504 167 36 comes
710 1489 257 71 believing
982 1510 132 40 men,
1151 1496 61 48 let
1228 1485 193 82 nothing
1431 1498 69 51 be
1520 1505 115 45 done
1665 1496 191 65 through

514 1556 162 72 firife,
711 1577 52 30 or
776 1566 115 43 vai
902 1563 145 66 glory,
1082 1560 80 50 but
1189 1566 53 45 in
1264 1562 235 70 lowlineffe
1522 1568 64 67 of
1595 1566 135 51 mind
1740 1607 16 25 ,
1790 1569 64 45 let

529 1625 106 54 each
651 1623 150 70 cfteews
830 1628 149 51 others
1005 1631 145 49 better
1177 1629 105 51 then
1302 1629 260 72 themfelves
1578 1654 21 29 :
1635 1636 98 49 and
1755 1632 102 53 this

530 1695 64 51 he
612 1693 409 55 ftrivestofaften
1036 1699 288 64 uponthem
1344 1699 130 52 from
1497 1704 85 49 the
1604 1700 249 67 graciouf-

532 1760 239 54 nefleand
788 1780 154 36 never
971 1779 57 36 to
1057 1764 62 51 ke
1143 1764 258 70 forgotten
1430 1771 228 66 example
1686 1772 64 49 of
1763 1784 94 37 our

529 1829 121 51 dear
662 1831 154 67 Lord,
850 1833 99 52 who
965 1829 163 67 thowgh
1143 1833 51 50 he
1209 1852 91 32 was
1311 1835 147 69 equall
1482 1843 113 46 with
1620 1840 131 64 God,
1774 1846 82 58 yet

530 1896 54 51 he
599 1898 84 64 left
702 1899 105 50 that
814 1906 128 60 glory
953 1902 96 49 and
1066 1899 211 52 humbled
1287 1903 200 71 himfilf,
1516 1910 85 63 for
1626 1922 80 33 our
1705 1906 153 68 fakes,

531 1972 93 41 and
637 1966 177 51 became
828 1967 206 51 obedient
1049 1981 48 36 to
1108 1965 153 62 death,
1298 1969 102 54 that
1412 1989 66 35 we
1493 1972 147 67 might
1648 1972 212 53 liverand

256 2027 252 63 Ifa.57.15.
526 2031 254 51 therefore
792 2050 82 33 we
886 2036 130 50 muft
1028 2032 61 54 be
1106 2033 237 71 humble,
1377 2038 95 53 elfe
1487 2040 125 54 God
1634 2039 105 52 will
1767 2053 92 38 not

525 2098 135 51 exalt
685 2115 86 50 us,
802 2101 118 49 God
937 2101 105 53 will
1055 2114 91 40 not
1158 2104 132 52 dwel
1302 2105 165 54 witha
1481 2108 167 68 proud
1662 2108 198 68 perfon,

524 2167 82 51 but
621 2163 53 52 he
682 2159 106 75 will
795 2159 273 75 deell-with
1099 2167 96 54 bine
1226 2172 101 51 that
1351 2181 44 44 is
1419 2179 62 65 of
1495 2195 29 31 4
1550 2170 196 78 contrite
1759 2174 98 64 and

249 2273 116 44 Mich.
406 2279 84 43 6.8
520 2232 161 53 Lumbl
692 2255 22 30 e
718 2233 165 73 fpivit
868 2228 29 83 ;
908 2237 178 53 he'hath
1111 2242 165 65 fhewed
1299 2242 97 53 thee
1423 2244 56 51 ob
1498 2258 140 49 man,
1664 2244 133 59 what
1820 2251 42 45 is

250 2306 154 85 veuleqs
495 2301 164 66 "good,
692 2302 231 53 andwhut
937 2306 74 51 the
1029 2309 123 48 Lord
1167 2313 265 69 requires
1358 2297 68 89 of
1433 2312 115 65 thee,
1583 2315 81 48 but
1723 2323 50 41 to
1803 2313 61 50 do

509 2361 123 133 infty
659 2371 292 61 sandtotove
964 2382 180 64 mercy,
1197 2376 95 54 and
1319 2380 199 63 towalk,
1533 2380 180 68 humbly
1744 2382 119 50 with

522 2443 121 44 God.
1816 2448 47 49 It

251 1594 103 62 Eph.
380 1609 39 30 2.
454 1608 38 46 3.
