2068 2773
438 98 702 204 Falling
708 98 874 201 from
889 103 1121 189 Grace.

146 892 291 947 much
306 893 384 945 for
394 894 495 946 this
856 913 980 948 now
994 911 1052 949 to
1069 912 1126 948 to
1139 898 1222 948 the
1232 914 1369 950 next.
521 899 801 961 Argument
810 913 837 945 :

138 226 188 277 he
221 219 320 272 that
349 216 627 270 overcometh
656 219 753 268 and
770 221 896 287 keeps
920 244 991 287 my
1016 225 1166 275 words
1190 236 1237 279 to
1269 226 1344 280 the
1359 232 1471 297 end,

138 307 182 344 to
195 294 288 341 him
302 289 396 339 will
414 297 441 336 I
460 292 563 350 give
576 302 719 351 power
745 307 851 339 over
860 288 933 341 the
957 300 1152 343 Nations
1175 291 1267 364 (f)
1293 298 1344 349 he
1366 297 1469 348 that

137 353 411 413 overcometh
433 355 507 404 the
528 354 657 422 ame
675 353 792 418 hall
828 356 879 407 be
897 358 1109 414 cloathed
1141 368 1198 413 in
1224 364 1358 416 white
1373 383 1474 433 ray

136 436 254 484 ment
262 441 282 474 :
309 433 355 471 to
373 424 468 474 him
501 427 603 473 that
620 441 867 476 overcomes
882 427 981 475 will
997 438 1028 477 I
1032 441 1170 492 grant
1190 443 1237 483 to
1260 433 1322 499 it
1354 432 1472 484 with

138 513 203 547 me
214 500 264 542 in
283 508 351 554 my
366 490 523 541 throne
541 492 627 557 (g)
658 490 709 538 he
734 498 831 541 that
855 498 1138 553 overcometh
1153 500 1273 564 hall
1299 501 1470 551 inherit

140 559 392 622 allthings;
408 569 436 606 I
444 558 543 608 will
552 560 602 607 be
614 557 689 607 his
704 557 818 623 God,
831 561 927 607 and
937 560 988 609 he
1001 564 1120 622 hall
1135 565 1190 617 be
1208 585 1283 631 my
1307 578 1475 621 Sonne.

141 624 253 679 God
279 625 383 676 will
409 638 499 678 not
518 624 711 678 diown
738 642 789 677 us
816 627 1023 682 becaue
1047 630 1112 679 of
1137 631 1470 700 perecution,

141 699 233 748 &c.
269 693 361 744 but
377 691 484 744 will
510 697 701 743 reward
726 711 777 743 us
801 692 883 743 for
905 712 999 746 our
1029 694 1305 767 uerings,
1323 699 1373 754 if
1389 717 1469 751 we

143 779 219 815 are
266 775 360 811 not
403 775 675 810 overcome
724 761 787 824 by
813 760 969 824 them,
1009 766 1060 817 he
1101 767 1211 819 thou
1245 766 1471 832 faithfull

142 840 247 880 unto
258 827 333 877 the
348 826 500 884 death,
514 828 611 877 and
622 837 648 876 I
892 828 986 881 thee
995 850 1024 881 a
1037 840 1195 884 Crown
1391 854 1410 896 ;
1421 832 1474 883 o
665 830 760 879 will
768 838 878 892 give
1211 836 1271 900 of
1273 837 1375 900 Life

510 971 753 1023 Argument
770 964 900 1026 from
911 962 1015 1031 Job.
1045 982 1118 1016 10.
1140 969 1222 1019 28
1255 985 1329 1033 my
1338 966 1465 1033 heep
292 960 491 1031 eventh
210 961 297 1012 The

435 1162 614 1230 totally
627 1179 721 1214 nor
746 1162 916 1236 nally
334 1163 421 1215 fall
148 1178 325 1217 cannot

146 1028 268 1081 heare
283 1048 351 1092 my
369 1046 518 1094 voyce,
532 1029 625 1077 &c.
638 1044 772 1078 none
776 1046 863 1080 are
873 1032 984 1081 able
999 1046 1052 1082 to
1068 1033 1218 1099 pluck
1231 1034 1314 1086 the
1327 1034 1473 1102 heep

144 1100 199 1150 of
208 1094 375 1149 Chri
384 1108 476 1145 out
486 1093 550 1147 of
558 1095 641 1146 the
653 1094 804 1148 hands
1096 1100 1342 1154 therefore
1351 1102 1466 1171 they
822 1096 887 1149 of
883 1098 1075 1153 Chi:

214 1229 342 1285 This
359 1236 638 1299 Argument
650 1230 794 1300 being
805 1233 893 1284 the
903 1233 1051 1303 ame,
1077 1253 1135 1287 or
1162 1237 1222 1287 of
1249 1236 1339 1287 the
1365 1235 1472 1289 like

151 1435 286 1485 them
303 1450 394 1486 cut
406 1432 466 1485 of
474 1434 554 1484 his
562 1434 739 1486 hands.

150 1301 339 1368 import
350 1299 476 1352 with
491 1299 577 1351 the
587 1296 732 1368 xth,
766 1303 787 1352 I
805 1303 917 1353 hall
931 1301 1009 1369 ay
1035 1303 1168 1359 little
1188 1318 1243 1355 to
1258 1307 1314 1373 it,
1339 1305 1418 1355 for
1433 1302 1474 1356 if

149 1367 366 1434 nothing
377 1384 466 1420 can
480 1365 698 1434 eperate
719 1369 871 1433 them,
899 1372 1018 1421 then
1039 1388 1174 1425 none
1196 1391 1291 1426 can
1320 1371 1476 1441 pluck

216 1504 358 1570 Only
394 1502 513 1567 this,
541 1512 619 1568 My
632 1503 759 1569 heep
788 1506 815 1569 (
833 1501 959 1556 faith
991 1503 1156 1559 Chri
1184 1506 1210 1569 )
1249 1506 1376 1558 heare
1404 1525 1478 1573 my

153 1590 303 1637 voyce,
320 1569 417 1621 and
434 1580 460 1619 I
477 1573 609 1630 know
637 1570 770 1629 them,
792 1572 886 1621 and
914 1574 1012 1641 they
1024 1575 1190 1641 follow
1224 1593 1294 1623 me
1312 1595 1334 1633 ;
1361 1573 1481 1626 uch

156 2314 271 2371 hall
305 2314 425 2382 they
456 2313 586 2379 heap
614 2328 670 2365 to
704 2312 998 2373 themelves
1027 2319 1276 2374 Teachers
1303 2316 1487 2383 having

392 1648 581 1686 cannot
601 1635 662 1685 be
684 1637 900 1702 plucked
923 1654 1021 1690 out
1047 1640 1106 1693 of
1131 1641 1214 1691 the
1238 1640 1399 1693 hands
1424 1639 1491 1691 of
154 1650 383 1702 wegrant

155 1704 334 1771 Chri,
350 1705 457 1755 that
482 1704 598 1754 hear
622 1703 699 1755 his
724 1721 893 1771 voyce,
906 1705 1004 1758 and
1030 1706 1207 1758 follow
1224 1707 1353 1775 him,
1378 1707 1478 1760 and

379 1771 517 1823 them
536 1773 750 1823 eternall
770 1772 874 1824 lite,
906 1773 1002 1827 and
1027 1775 1151 1842 they
1181 1775 1302 1826 hall
1326 1791 1481 1826 never
224 1771 366 1841 gives
153 1772 211 1825 he

154 1840 308 1908 perih
323 1838 362 1894 it
373 1840 495 1907 they
515 1839 579 1890 be
605 1840 793 1910 [ever]
822 1839 1072 1895 followers
1097 1841 1162 1894 of
1179 1845 1285 1898 that
1308 1839 1477 1895 which

153 1910 193 1961 is
210 1909 350 1977 good
363 1906 449 1972 (h)
737 1915 807 1960 the
823 1910 964 1961 Lamb
980 1909 1272 1978 whereoever
1290 1911 1342 1964 he
1364 1929 1485 1977 goes,
465 1908 563 1955 and
564 1909 726 1974 follow

152 1978 224 2035 (i)
238 1995 306 2028 no
318 1990 438 2026 man
447 1992 495 2024 as
511 1974 603 2026 the
613 1978 749 2027 Text
763 1971 910 2043 aith,
936 1996 1029 2029 can
1053 1979 1206 2045 pluck
1233 1981 1376 2031 them
1389 1993 1484 2032 out

153 2042 213 2096 of
228 2041 421 2100 Chris
457 2040 641 2094 hands:
684 2043 768 2095 but
793 2045 884 2095 the
920 2045 1152 2112 queion
1180 2045 1248 2113 is,
1260 2047 1485 2102 whether

154 2113 341 2166 Chris
355 2109 497 2176 heep
509 2128 625 2178 may
641 2125 730 2161 not
742 2112 892 2162 refue
903 2126 958 2161 to
969 2113 1086 2164 hear
1104 2114 1292 2167 Chris
1304 2117 1490 2180 voyce?

153 2181 242 2230 the
254 2179 378 2231 time
395 2177 490 2231 hal
510 2194 673 2244 come,
691 2179 816 2230 aith
830 2180 954 2241 Paul,
981 2181 1129 2233 when
1145 2182 1260 2247 they
1273 2181 1375 2232 will
1390 2195 1485 2235 not

155 2245 335 2298 indure
349 2246 503 2295 found
519 2246 759 2300 dorine,
777 2247 867 2298 but
880 2246 1002 2299 after
1024 2249 1152 2302 their
1181 2266 1329 2302 owne
1351 2250 1486 2315 lus,

1287 2383 1486 2451 itching

1485 273 1596 318 Chap.
1625 281 1683 308 21.
1710 282 1743 317 7.

1489 322 1595 367 Chap.
1611 329 1643 354 2.
1666 329 1718 356 10.

1489 1008 1539 1058 7.
1562 1005 1673 1062 Arg.

1526 1245 1682 1315 Anw.

1499 1925 1566 1969 h)
1597 1934 1612 1961 1
1641 1922 1754 1962 The.

1504 1984 1520 2017 5
1555 1983 1609 2018 15.

1501 2026 1585 2062 Rev.
1602 2031 1700 2070 14.4.

1559 134 1649 216 23
