2041 2773
1348 69 75 15 Niet
1482 73 48 9 ons

109 220 1319 147 esengeseeenee.s

316 426 86 80 A
432 425 198 82 word
661 450 74 55 to
770 425 123 78 the
918 418 291 136 Reader.

175 608 309 60 FRIEND,
838 660 3 2 .

127 696 156 54 EOF
301 692 113 56 aym
434 679 218 70 Hofoever
687 676 105 52 thou
821 689 74 39 art
933 678 65 48 let
1022 696 72 32 wz
1132 679 78 52 tell
1234 678 95 52 thee
1352 696 78 34 one

126 774 11 8 :
316 770 104 48 Gyo
463 748 143 63 thing
616 745 216 65 touching
844 744 92 52 this
954 740 142 82 {mail
1106 740 252 82 ‘Treatife,
1386 753 59 41 it-

398 851 15 31 1
452 830 124 51 may
590 810 282 59 bethouwilt
876 806 152 80 fcarce
1054 811 101 51 read
1169 819 66 54 it,
1258 814 196 65 becatsfe-

249 857 25 97 AQ
335 880 89 65 LVS
475 881 60 64 of
538 878 76 51 the
614 872 172 79 fubject
803 886 53 58 it
871 877 193 62 treateth
1077 897 79 40 on,
1204 888 42 40 it
1251 877 180 70 found-

415 992 4 3 Ga
482 946 404 69 ingunpleafantly
901 944 57 66 in
984 943 77 69 thy
1090 964 132 34 ears:
1264 946 81 51 but
1369 946 63 49 let

117 1025 128 46 mein
257 1029 120 43 treat
395 1020 95 51 this
501 1032 80 34 oue
596 1011 135 69 thing
739 1016 55 64 of
797 1010 114 68 thee,
925 1011 207 61 however
1142 1020 96 53 itis
1252 1025 50 49 to
1317 1011 124 68 read

117 1096 37 42 it
172 1128 17 25 ,
207 1086 159 68 feeing
395 1087 107 52 thou
526 1076 157 61 ueaieft
706 1094 81 55 try
809 1079 68 50 all
921 1077 165 71 things
1107 1119 18 25 ,
1159 1079 80 51 but
1265 1076 182 68 be:fure

117 1157 228 50 cleaveto
361 1153 111 54 that
489 1146 167 58 which
670 1145 186 73 isgood
872 1164 21 30 -
927 1148 142 66 weigh
1082 1156 43 42 it
1138 1147 119 63 well,
1267 1150 109 63 take
1392 1153 52 56 st

118 1232 75 44 not
205 1235 117 49 upon
336 1220 141 61 trust,
509 1234 127 50 carry
655 1222 40 43 it
714 1213 130 52 tothe
866 1213 298 65 Touchftone,
1195 1215 104 50 that
1336 1213 101 49 will

120 1290 76 50 tell
206 1287 95 53 thee
311 1288 193 51 whether
521 1289 40 44 it
574 1283 51 50 be
633 1282 105 64 gold
752 1299 52 34 or
814 1298 61 33 no
888 1301 22 42 3,
943 1283 56 62 if
1010 1281 107 51 thou
1127 1284 162 62 findit
1299 1278 145 69 {peak

122 1351 237 66 according
369 1364 47 40 to
433 1352 73 52 the
521 1359 112 42 Law
647 1350 94 49 and
748 1345 268 68 Teftament,
1028 1347 109 51 then
1164 1345 108 53 thou
1282 1343 156 64 maieft

121 1433 76 39 not
206 1422 86 66 for
305 1420 77 66 thy
398 1421 83 66 life
505 1413 138 66 rejed
663 1420 41 44 it
720 1434 18 42 ,
763 1417 84 63 for
863 1414 58 65 if
930 1411 111 52 thou
1062 1410 123 70 doeft
1208 1413 107 52 thou
1332 1410 103 49 wilt

98 1511 3 4 -
122 1489 47 50 be
174 1486 148 65 found
332 1497 47 40 to
396 1487 50 50 be
457 1504 26 30 a
498 1480 181 72 difpifer
690 1480 59 66 of
752 1480 76 51 the
836 1478 146 66 word,
1006 1480 109 50 and
1127 1478 122 54 who
1261 1477 52 52 fo
1337 1472 100 57 dif-

121 1553 158 69 pifeth
289 1553 89 57 the
395 1549 142 54 word
527 1538 142 88 fhall
678 1545 60 61 be
749 1543 285 69 deftroyed,
1058 1556 144 48 Prov.
1231 1564 78 49 13.
1344 1557 112 47 122°

119 1672 4 3 _
188 1631 33 41 I
248 1616 334 66 hopethouwilt
581 1614 112 65 find
703 1614 158 71 beneftt
872 1620 51 45 in
937 1620 58 58 it,
1004 1611 152 54 which
1177 1614 58 65 if
1236 1615 108 52 thou
1354 1611 80 65 do,

123 1689 147 51 Ihave
293 1705 71 48 my
381 1687 108 65 end,
523 1683 76 68 thy
622 1679 300 70 profit
761 1675 42 82 is
809 1679 113 70 that
947 1689 31 41 I
982 1679 132 68 feek,
1148 1685 55 62 if
1203 1681 107 51 thou
1320 1679 115 68 find

121 1764 53 49 it,
188 1764 103 55 give
304 1755 103 50 God
428 1755 72 49 the
526 1752 122 65 glory
664 1757 51 42 iz
734 1751 177 63 obeying
962 1754 42 44 his
1022 1755 127 43 voice
1162 1789 16 25 ,
1202 1749 136 63 doing
1361 1746 71 51 his

122 1823 110 64 will,
248 1824 95 49 and
368 1822 157 61 loving
548 1817 70 50 his
644 1814 223 67 righteows
894 1815 88 47 law
1007 1815 96 48 and
1126 1812 274 64 teftimonies
1390 1808 29 83 ,

39 1937 3 2 |
121 1888 142 51 which
276 1889 52 50 he
341 1887 111 52 hath
467 1885 184 67 ratified
660 1882 110 50 with
792 1882 74 52 the
878 1880 136 53 blond
1035 1882 58 66 of
1106 1881 77 68 his
1197 1882 102 51 deer
1311 1892 89 39 Son
1395 1876 27 80 ,

36 1955 7 61 |
121 1954 214 54 whodied
345 1951 208 71 forthee.

581 2149 167 56 Thine
780 2151 180 68 JoHN
1034 2155 405 52 GRIFFITH:
