2046 2773
320 130 309 104 falling
638 135 164 94 ſrom
822 126 236 81 Grace.

113 252 57 55 ol
199 248 128 54 their
348 266 122 38 omn
532 248 155 53 ſelves
724 268 112 36 men
888 253 121 52 ſhall
1030 250 123 54 ariſe
1181 242 239 74 ſpeabins

105 319 217 74 perverſe
356 319 171 70 things
564 336 62 36 to
660 319 137 54 dram
826 338 145 52 away
1004 314 246 75 Diſciples
1291 311 132 56 after

104 395 156 61 them,
295 388 249 52 thercfore
566 390 122 68 they
713 388 126 54 muſt
865 391 187 67 watch,
1073 396 48 46 v.
1137 405 81 48 29,
1240 402 83 51 30,
1339 398 81 49 3.

104 478 54 35 or
172 458 95 50 elie
290 457 122 69 they
440 475 118 52 may
584 456 324 54 bedeceived
929 460 60 52 or
1024 460 180 51 dravn
1239 467 180 53 away⸗

106 525 243 57 therefore
365 524 165 58 Chriſt
546 525 144 71 ſaĩth.
704 516 151 86 bemare
868 529 62 67 of
957 530 118 68 falſe
1086 524 210 70 Prophet.
1310 520 109 57 &c.

108 606 122 42 Mat.
250 611 31 47 7
313 611 71 49 15.
430 614 90 46 yea
534 596 102 52 and
646 600 115 47 peter
774 594 52 52 in
853 596 79 52 his
957 596 180 53 lecond
1162 590 187 71 Epiſtle
1371 604 50 50 à.

112 685 71 37 17.
206 664 264 50 exhorterh
484 662 136 51 them
645 652 108 85 that
765 652 130 85 have
922 665 104 51 like
1036 662 229 71 precious
1280 656 148 67 faith,

108 738 120 60 chap.
243 749 93 35 r.1.
373 746 58 37 to
448 731 194 51 beware
657 727 185 72 ſaying,
855 733 106 71 leaſt
971 754 54 50 ye
1039 733 90 65 àlſo
1140 733 134 61 being
1285 725 76 52 led
1372 745 55 31 a-

109 825 89 45 va
210 800 114 54 with
339 802 74 51 the
423 818 189 34 errour
582 791 63 83 of
656 798 269 65 themſcled.
963 805 85 62 fall
1047 795 120 75 ſiom
1182 814 118 52 vour
1325 811 105 35 omn

101 857 192 87 ſtedfaſt
300 883 129 32 neſſe:
468 864 228 72 juſtified
713 873 191 60 perions
919 888 114 50 may
1025 857 124 87 fall,
1162 865 93 53 and
1269 863 62 52 be
1343 861 100 58 de-

108 942 168 50 ceived
295 937 65 67 by
372 934 116 54 falſe
513 935 285 69 Prophets,
834 934 95 54 elſe
954 938 121 53 hõm
1088 932 195 57 uſeleſſe
1298 947 134 36 were

57 1006 186 55 theſe
258 1002 260 72 ſayingsof
535 1002 168 55 Chriſt
714 1007 93 65 and
822 1004 73 52 his
906 1005 218 53 ſervants
1142 1017 123 39 unto
1276 992 82 86 us.
1374 996 55 53 in

109 1075 126 53 theſe
247 1073 101 52 and
364 1090 149 50 many
544 1088 146 34 more
721 1074 156 66 places
901 1073 64 54 of
1001 1072 296 68 dcripture?
1328 1064 103 53 this

108 1141 253 73 premiſed.
433 1141 139 50 No
588 1140 151 51 tothẽ
749 1145 318 64 Argument;
1097 1141 99 50 and
1226 1136 104 52 firſt
1359 1134 72 51 let

111 1233 77 33 me
202 1208 199 72 inquire
416 1207 226 54 vhether
655 1207 67 69 by
739 1210 88 51 the
843 1208 202 55 Elect
991 1197 66 87 is
1064 1203 239 58 intended
1317 1201 118 54 ſuch

105 1303 48 34 as
168 1285 126 61 Paul,
312 1279 118 50 vho
445 1277 100 51 had
555 1277 181 68 fouglt
748 1299 28 31 a
787 1276 139 70 good
937 1277 146 68 fight,
1116 1278 117 49 uho
1259 1271 98 55 had
1372 1271 61 50 fi-

108 1350 165 53 niſhed
288 1346 76 53 his
379 1341 193 57 courſe,
591 1347 125 49 who
726 1345 124 69 kept
862 1347 85 51 the
963 1345 163 53 faith?
1162 1344 43 52 it
1217 1341 210 64 ſuch:I

110 1432 136 55 grant
266 1436 63 33 an
346 1410 353 72 impoſſibility
726 1418 53 47 ot
807 1415 152 70 being
986 1412 211 55 ſeduced
1221 1411 66 70 by
1313 1406 122 54 falſe

111 1487 263 65 Prophets.
447 1486 93 48 Eut
557 1482 49 52 it
610 1480 69 69 by
697 1481 133 53 Elect
842 1483 64 50 be
929 1497 170 37 meant
1113 1481 116 51 ſuch
1240 1497 53 34 as
1320 1480 110 49 Paul

108 1554 51 53 in
175 1550 295 57 hiswarfare.
539 1550 117 53 The
665 1552 169 50 Minor
846 1549 311 70 propoſition
1169 1551 42 51 is
1225 1543 210 71 denied,

110 1634 103 41 vis.
250 1622 108 51 that
370 1619 120 63 they
504 1631 191 36 cannot
738 1616 85 50 fall
837 1637 142 49 aay
996 1635 91 34 nor
1101 1617 61 50 be
1184 1612 241 55 ſeduced?

111 1690 78 53 for
202 1691 111 50 paul
322 1685 187 67 having
527 1686 126 65 Rept
671 1683 83 64 the
768 1685 143 64 faith,
949 1684 153 55 could
1121 1684 105 69 ſay,
1277 1682 159 52 bence-

105 1758 183 70 forihi
306 1754 102 54 laid
415 1768 57 51 up
479 1755 85 65 zor
576 1773 68 32 ue
657 1773 27 31 a
700 1755 156 50 Cromn
869 1757 57 59 of
947 1754 233 68 righteouſa
1168 1753 127 67 ſſe,
1341 1751 99 51 &c.

117 1845 24 33 2
161 1826 139 55 Tim.
337 1844 49 45 4.
403 1823 51 51 8.
525 1825 97 48 But
632 1819 53 53 in
700 1819 75 57 his
800 1822 207 52 warfarẽ
1019 1824 66 49 he
1108 1819 127 53 ſaitii
1257 1816 174 53 other-

119 1895 133 65 wiſe,
301 1892 254 65 Itherefore
568 1890 50 70 ſo
634 1908 87 34 run
732 1901 81 40 not
823 1909 51 45 a
888 1891 303 66 uncertainly:
1229 1887 59 69 ſo
1311 1888 129 66 fght

119 1973 40 49 I,
174 1973 82 41 not
270 1978 50 33 as
336 1978 81 32 one
430 1957 104 50 that
545 1956 173 51 beateth
729 1958 69 50 the
816 1965 101 43 air:
955 1960 123 63 bhut
1084 1957 101 66 Iep
1199 1954 144 54 under
1366 1973 73 50 my

85 2031 176 61 body,
299 2028 97 50 aud
411 2027 136 63 briug
562 2032 42 41 it
613 2030 101 45 into
713 2023 287 69 ſubjeion,
1024 2025 114 52 leam
1148 2024 101 50 ibat
1272 2022 54 66 i
1351 2040 89 45 am

120 2116 152 33 nedns
288 2102 128 43 ihen
432 2102 29 41 I
473 2092 116 52 have
599 2090 210 68 preached
824 2102 48 40 to
889 2092 171 68 others,
1076 2101 108 60 Im
1185 2088 263 71 ſelfſbould

120 2169 48 49 he
183 2188 25 29 a
233 2164 237 65 caſtamay,
517 2177 22 35 1
561 2164 121 51 Cor.
710 2160 77 65 26,
810 2177 94 49 27.
937 2162 118 52 thus
1082 2160 151 52 much
1261 2173 58 39 to
1354 2158 91 51 the

122 2241 310 62 Argument?
476 2247 120 34 nov
608 2244 57 35 to
675 2229 196 51 thetext
883 2231 130 50 from
1030 2229 208 53 whence
1262 2230 91 50 the
1363 2241 83 36 ar-

126 2313 208 58 gument
348 2300 39 50 is
401 2298 232 65 dravn,
607 2293 42 82 l
653 2297 198 64 anſer,

196 2367 145 70 Firſt,
377 2366 119 53 ſuch
509 2364 186 74 asleep
709 2369 80 50 the
803 2364 131 54 faith
946 2381 82 38 are
1039 2364 85 56 the
1135 2363 169 70 Elect,
1339 2361 106 53 that

248 2457 3 2 —
769 2439 41 51 B
846 2451 29 37 2
1349 2429 102 52 ſnal
