2046 2773
320 201 8 7 _
394 130 235 104 falling
638 135 164 94 from
822 126 236 81 Grace.

113 252 57 55 of
199 248 128 54 their
348 266 122 38 own
532 248 155 53 fclves
724 268 112 36 men
888 253 121 52 fhali
1030 250 123 54 arife
1181 242 239 74 {peaking

105 319 217 74 perverfe
356 319 171 70 things
564 336 62 36 to
660 319 137 54 draw
826 338 145 52 away
1004 314 246 75 Difciples
1291 311 132 56 after

104 395 156 61 them,
295 388 249 52 therefore
566 390 122 68 they
713 388 126 54 muft
865 391 187 67 watch,
1073 396 48 46 v.
1137 405 81 48 29,
1240 398 180 55 30,34.

104 458 163 55 orelfe
290 457 122 69 they
440 475 118 52 may
584 456 66 52 be
674 457 234 53 deceived
929 460 60 52 or
1024 460 180 51 drawn
1239 467 143 53 away
1373 452 28 80 -

106 525 243 57 therefore
365 524 165 58 Chrift
524 516 166 86 faith,
692 516 163 86 beware
868 529 62 67 of
957 530 118 68 falfe
1086 524 210 70 Prophets
1310 520 109 57 rc.

108 606 173 52 Mat.7
313 611 71 49 15.
430 596 206 64 yeaand
646 600 115 47 Peter
774 594 52 52 in
853 596 79 52 his
957 596 180 53 fecond
1162 590 187 71 Epiftle
1371 604 50 50 3.

112 685 71 37 17.
206 664 264 50 exhorteth
484 662 136 51 them
610 652 143 85 that
765 652 123 85 have
922 665 104 51 like
1036 662 229 71 precious
1280 656 148 67 faith,

108 738 228 60 chap.3.1.
373 746 58 37 to
448 731 194 51 beware
657 727 185 72 faying,
855 733 106 71 leaft
971 754 54 50 ye
1039 733 90 65 alfo
1140 733 134 61 being
1285 725 76 52 led
1372 745 55 31 a~

109 825 89 45 way
210 800 114 54 with
339 802 74 51 the
423 818 189 34 errour
568 791 77 83 of
656 798 269 65 thewicked,
963 805 85 62 fall
1047 795 120 75 fiow
1182 814 118 52 your
1325 811 105 35 owa

101 869 328 71 fiedfa@ineffe:
468 864 228 72 Juftified
713 873 191 60 perfons
919 888 114 50 may
1046 865 209 69 fall,and
1269 863 62 52 be
1343 861 100 58 de-.

108 942 168 50 ceived
295 937 65 67 by
372 934 116 54 falfe
513 935 239 68 Prophets
780 977 18 27 ,
834 934 95 54 elfe
954 938 121 53 how
1088 932 195 57 ufelefle
1298 947 134 36 were

57 1043 2 5 _
93 1006 150 55 .thefe
258 1002 260 72 fayingsof
535 1002 168 55 Chrift
714 1007 93 65 and
822 1004 73 52 his
906 1005 218 53 fervants
1141 992 124 86 unto
1276 1013 66 39 us
1374 996 55 53 in

109 1073 239 55 thefeand
364 1090 149 50 many
544 1088 146 34 more
721 1074 156 66 places
901 1073 64 54 of
1001 1072 296 68 Scripture?
1328 1064 103 53 this

108 1141 253 73 premifed.
433 1141 139 50 Now
588 1140 151 51 tothe
749 1145 279 64 Argument
1047 1162 20 41 ;
1097 1141 99 50 and
1226 1136 104 52 firft
1359 1134 72 51 let

111 1233 77 33 me
202 1208 199 72 inquire
416 1207 226 54 whether
655 1207 67 69 by
739 1210 88 51 the
843 1208 202 55 Eleét.is
1064 1203 239 58 intended
1317 1201 118 54 fuch

105 1303 48 34 as
168 1285 126 61 Paul,
312 1279 118 50 who
445 1277 100 51 had
555 1277 181 68 fought
748 1299 28 31 a
787 1276 139 70 good
937 1277 146 68 fight,
1116 1278 117 49 who
1259 1271 98 55 had
1372 1271 61 50 fie

108 1350 165 53 nifhed
288 1346 76 53 his
379 1341 193 57 courfe,
591 1345 356 69 whokeptthe
963 1345 163 53 faith?
1162 1341 188 64 itfuch,
1404 1344 23 49 I

110 1432 136 55 grant
266 1436 63 33 an
346 1410 353 72 impoffibility
726 1418 53 47 ot
807 1415 152 70 being
986 1412 211 55 feduced
1221 1411 66 70 by
1313 1406 122 54 falfe

111 1487 263 65 Prophets.
447 1486 93 48 Put
557 1480 122 69 ifby
697 1481 209 53 Electbe
929 1497 170 37 meant
1113 1481 116 51 fuch
1240 1497 53 34 as
1320 1480 110 49 Paul

108 1554 51 53 in
175 1550 295 57 hiswarfare.
539 1550 295 53 TheMinor
846 1549 311 70 propofition
1169 1551 42 51 is
1225 1543 210 71 denied,

110 1634 103 41 viz,
250 1619 240 63 thatthey
504 1631 191 36 cannot
738 1616 85 50 fall
837 1637 142 49 away
996 1635 91 34 nor
1101 1617 61 50 be
1184 1612 241 55 feduced:

111 1690 78 53 for
202 1691 111 50 Paul
322 1685 187 67 having
527 1686 126 65 kept
671 1683 83 64 the
768 1685 143 64 faith,
949 1684 153 55 could
1121 1684 105 69 fay,
1277 1682 159 52 ences.

105 1758 132 70 forth
249 1768 39 40 is
306 1754 102 54 laid
415 1768 57 51 up
479 1755 85 65 for
576 1773 68 32 me
657 1773 27 31 a
700 1755 156 50 Crown
869 1757 57 59 of
947 1753 348 69 righteonfafe,
1341 1751 99 51 &c.

117 1845 24 33 2
161 1826 139 55 Tim.
337 1823 117 66 4.8.
525 1819 160 54 Butin
700 1819 75 57 his
800 1822 207 52 warfare
1019 1824 66 49 he
1108 1819 127 53 faith
1257 1816 174 53 other-

119 1895 133 65 wile,
301 1892 254 65 Itherefore
568 1890 50 70 (0
634 1908 87 34 run
732 1901 81 40 not
823 1909 51 45 as
888 1891 303 66 uncertainly:
1229 1887 59 69 fo
1311 1888 129 66 fight

119 1973 40 49 1,
174 1973 82 41 not
270 1978 50 33 as
336 1978 81 32 one
430 1957 104 50 that
545 1956 253 52 beateththe
816 1965 101 43 air:
955 1960 123 63 but
1084 1957 101 66 Tkeep
1199 1954 144 54 under
1366 1973 73 50 my
1466 1999 3 2 |

85 2031 9 16 ‘
119 2031 142 61 body,
299 2028 97 50 and
411 2027 136 63 bring
562 2030 152 45 itinto
713 2023 258 69 fubjettion
983 2067 17 25 ,
1024 2025 114 52 leash
1148 2024 101 50 that
1272 2022 54 66 by
1351 2040 89 45 any

120 2116 152 33 means
288 2102 128 43 when
432 2102 29 41 I
473 2092 116 52 have
599 2090 210 68 preached
824 2102 48 40 to
889 2092 171 68 others,
1076 2101 29 42 I
1113 2110 71 51 my
1185 2091 98 68 felf
1280 2088 168 69 foould

120 2169 88 49 bea
233 2164 237 65 caftaway,
517 2177 22 35 1
561 2164 121 51 Cor.
710 2160 77 65 26,
810 2177 94 49 27.
937 2162 118 52 thus
1082 2160 151 52 much
1261 2173 58 39 to
1354 2158 91 51 the

122 2241 310 62 Argument:
476 2229 395 52 nowtothetext
883 2231 130 50 from
1030 2229 208 53 whence
1262 2230 184 50 thear-

126 2313 208 58 gument
348 2300 39 50 is
401 2298 232 65 drawn,
593 2293 28 82 I
653 2297 198 64 anfwer,

196 2367 145 70 Firft,
377 2366 119 53 fuch
509 2364 186 74 askeep
709 2369 80 50 the
803 2364 131 54 faith
946 2364 178 56 arethe
1135 2363 139 54 Ele@
1287 2406 17 27 ,
1339 2361 106 53 that

769 2439 172 51 B2-
1349 2429 102 52 fhal
