2057 2773
437 97 652 199 falling
662 93 827 197 from
846 90 1079 175 Grace.

1570 116 1653 198 15

122 246 158 297 is
173 235 253 287 the
264 223 571 290 knowledge
584 222 642 272 of
652 222 766 277 God
784 237 839 270 to
852 221 913 270 be
940 217 1265 283 underood,
1285 216 1331 269 if
1345 233 1441 270 not

331 295 390 346 of
403 289 635 350 necety
654 291 715 341 be
1096 288 1359 338 foreknow
1378 287 1444 336 all
188 298 318 355 mu
122 315 180 364 he
726 289 1017 350 concluded,
1023 304 1081 340 to

402 365 487 414 the
900 358 1001 409 this
1028 356 1449 422 foreknowledge
246 382 373 420 even
124 390 234 432 men
749 358 869 408 with
516 359 739 426 wicked,

125 434 408 497 mentioned
426 431 476 481 in
494 426 592 479 this
608 442 728 489 text,
738 429 832 478 and
850 429 969 478 then
984 426 1024 479 it
1039 422 1328 491 necearily
1344 422 1444 472 fol

126 503 436 570 loweth,that
450 500 513 550 all
530 513 644 548 men
660 513 743 546 are
755 489 1318 561 predeinated(which
1336 490 1446 542 will

128 593 214 633 not
229 575 290 625 be
307 566 518 638 granted
536 572 562 630 )
586 564 672 616 for
684 562 821 614 thoe
848 563 909 614 he
935 563 1066 614 doth
1078 559 1365 626 foreknow,
1394 557 1451 608 in

127 649 209 698 the
227 639 359 695 ene
372 637 436 689 of
441 635 540 688 this
555 648 807 694 text,even
820 633 886 684 all
1122 630 1185 681 he
1213 625 1453 696 predei
898 631 961 684 of
966 632 1106 684 them

128 712 288 768 nated.

196 777 360 848 Again
378 771 544 829 Chri
557 785 608 825 at
624 770 712 822 the
723 768 804 821 la
821 768 918 837 day
936 767 979 820 is
992 765 1095 820 aid
1110 778 1199 818 not
1214 777 1269 815 to
1287 763 1446 814 know

135 852 268 905 ome
280 857 538 910 Mat.7.25.
574 841 672 890 and
684 837 783 888 then
802 841 893 893 will
1138 848 1249 884 unto
1277 832 1397 881 them
1429 839 1455 881 1
941 835 1124 905 profee
907 850 937 891 I

147 1601 304 1669 quity.

134 937 265 974 never
552 909 713 973 depart
715 912 840 972 from
993 905 1189 967 workers
1203 903 1264 968 of
1275 906 1455 966 iniqui
277 917 404 974 knew
407 930 515 982 you,
920 925 979 972 ye
851 926 919 960 me

243 980 385 1037 what
402 979 491 1031 did
506 989 600 1029 not
625 973 786 1028 Chri
812 973 969 1026 know
996 971 1170 1025 them?
1216 969 1354 1020 what
1392 968 1457 1017 he
137 1004 178 1057 ty
193 1020 210 1053 ,

137 1059 243 1109 that
256 1049 406 1103 made
414 1050 662 1114 them,not
679 1043 834 1096 know
844 1041 1017 1096 them?
1051 1039 1274 1109 John1.7.
1287 1039 1337 1088 O
1355 1053 1422 1086 no
1441 1033 1453 1082 !

139 1129 198 1179 he
214 1122 366 1172 knew
378 1118 516 1168 them
534 1127 644 1179 not,
662 1113 780 1179 they
796 1129 929 1166 were
943 1110 1167 1162 workers
1192 1106 1257 1158 of
1267 1102 1455 1171 iniqui

141 1211 193 1265 ty
211 1231 226 1258 ,
266 1188 330 1240 he
352 1185 442 1239 did
471 1198 564 1236 not
591 1182 746 1232 know
773 1181 911 1232 them
928 1219 947 1246 ,
1000 1176 1034 1228 i.
1078 1195 1121 1229 e.
1164 1175 1227 1224 he
1261 1173 1351 1224 did
1364 1185 1459 1223 not

139 1255 433 1331 approveof
856 1246 1018 1301 works
1035 1284 1051 1303 ,
1091 1243 1313 1296 therore
1326 1239 1456 1292 faith
717 1249 843 1302 their
452 1254 708 1319 them,nor

142 1335 219 1390 he,
571 1336 666 1378 me,
705 1318 768 1384 by
785 1316 885 1368 this
1114 1313 1192 1363 ee
1210 1313 1323 1360 who
1342 1307 1462 1363 God
420 1322 551 1373 from
233 1327 411 1392 depart
985 1331 1098 1379 may
900 1332 976 1367 we

145 1391 516 1456 foreknoweth,
530 1389 648 1454 they
1018 1382 1238 1431 workers
750 1385 1011 1449 believers,
659 1404 742 1437 are
1254 1377 1314 1428 of
1322 1376 1463 1443 righ

144 1459 412 1522 teounee
424 1459 511 1526 Ia.
532 1459 611 1523 64.
637 1469 679 1518 5.
696 1454 791 1506 and
1012 1446 1105 1500 did
1133 1464 1284 1499 never
1305 1445 1463 1497 know
936 1451 997 1502 he
805 1453 924 1505 who

145 1532 221 1596 (o
234 1548 286 1585 as
296 1544 351 1581 to
366 1541 588 1596 approve
866 1537 990 1573 even
1022 1516 1242 1570 workers
1272 1513 1334 1563 of
1360 1510 1465 1562 Ini
603 1521 667 1574 of
669 1522 837 1589 them)

215 1665 462 1722 Believers
476 1665 596 1715 then
613 1678 697 1713 are
719 1658 799 1711 the
826 1653 1129 1705 foreknown
1150 1652 1209 1704 of
1245 1648 1382 1709 God,
1414 1648 1469 1698 in

148 1738 231 1788 the
243 1735 382 1787 ence
573 1746 705 1795 text,
718 1725 811 1780 and
828 1741 897 1774 no
911 1723 1099 1784 others,
1136 1740 1187 1773 as
1203 1720 1281 1771 for
1300 1719 1474 1770 others
461 1731 558 1785 this
394 1732 459 1784 of

149 1807 209 1857 he
217 1803 464 1857 knoweth
483 1814 577 1853 not
594 1837 608 1858 ,
644 1807 764 1850 Mat.
791 1813 837 1857 7.
855 1807 938 1855 25.
957 1808 1077 1844 now
1092 1791 1262 1843 whom
1284 1791 1348 1839 he
1375 1784 1470 1837 did

148 1874 428 1933 foreknow,
443 1871 508 1921 he
519 1867 624 1923 alo
639 1865 728 1918 did
743 1859 1083 1933 predeinate,
1120 1866 1225 1910 viz.
1284 1852 1472 1907 believ

148 1960 220 1995 ers
805 1931 889 1982 the
905 1928 1068 1995 image
1082 1925 1144 1978 of
1160 1923 1326 1980 Chri
1354 1922 1470 1988 Ephs
300 1939 364 1990 be
235 1957 290 1992 to
733 1947 787 1985 to
379 1934 726 1989 conformable

321 2026 340 2058 1
359 2006 478 2077 John
639 2015 898 2052 moreover
907 1996 1082 2048 whom
1101 1995 1165 2047 he
1180 1993 1271 2046 did
1294 1989 1471 2058 prede
154 2028 200 2062 2.
219 2029 297 2064 10.
558 2007 601 2055 6.
496 2022 543 2058 2.

154 2078 345 2136 inate,
362 2076 497 2129 them
521 2075 587 2128 he
597 2069 698 2122 alo
717 2066 868 2121 called
881 2079 938 2116 to
955 2063 1057 2115 this
1082 2057 1390 2125 conformity
1418 2072 1479 2107 to

158 2356 405 2419 veration,
447 2364 479 2405 I
485 2351 700 2417 therefore
713 2348 785 2400 the
795 2345 999 2415 prioner
1012 2345 1067 2411 of
1072 2337 1145 2392 the
1172 2335 1296 2392 Lord
1318 2329 1489 2402 beeech

154 2145 340 2201 Chris
354 2142 520 2211 image
535 2186 552 2211 ,
582 2137 824 2192 therefore
837 2133 965 2187 aith
978 2140 1107 2184 Peter
1120 2132 1175 2183 in
1185 2130 1261 2181 his
1281 2128 1381 2180 r
1395 2129 1462 2178 E

339 2213 442 2268 r
460 2214 539 2265 ch.
559 2208 656 2265 and
673 2204 898 2262 fteenth
909 2201 1100 2254 ver.but
1109 2219 1159 2254 as
1172 2199 1225 2252 he
1236 2198 1337 2250 that
1351 2194 1468 2248 hath
154 2216 297 2286 pile
306 2258 323 2284 ,

401 2293 440 2336 is
455 2281 555 2349 holy
573 2325 590 2349 ,
611 2280 668 2348 o
679 2280 729 2329 be
732 2296 816 2345 you
823 2274 925 2340 holy
937 2279 991 2322 in
1008 2270 1071 2321 all
1077 2287 1268 2321 manner
156 2287 301 2339 called
299 2304 390 2355 you
1287 2268 1347 2334 of
1354 2284 1475 2316 con

1398 2416 1489 2472 you
