1940 2773
278 611 364 650 Phil.
378 619 419 656 4.
441 617 481 652 4.

281 814 381 848 Rom.
404 819 460 848 11.
478 822 536 853 20,

284 868 341 895 21.
360 872 375 897 1
394 861 526 897 Kin.20

290 916 343 944 11.
375 919 395 944 2
411 909 485 943 Pet.
508 918 537 942 1.

289 963 344 991 10.
378 965 391 990 1
413 957 490 991 Pet.
506 964 535 990 1.

290 1011 346 1038 10.
377 1013 390 1038 1
407 1006 481 1041 Pet.
511 1012 537 1038 1.

288 1053 322 1089 8.
340 1060 379 1093 9.

286 1346 387 1385 Rom.
412 1352 443 1388 3.
464 1348 517 1378 11.

290 1430 393 1465 Rom.
411 1437 447 1464 2.
465 1436 502 1471 7.

291 2058 373 2094 10.
398 2044 548 2108 Argu.

288 2242 480 2304 Anwer.

368 139 476 215 26

890 123 975 200 A
992 122 1269 221 Treatie
1287 114 1580 223 touching

554 257 648 323 joy
660 250 778 302 that
800 246 957 299 Saints
992 242 1124 295 have
1143 237 1197 291 in
1225 235 1478 304 believing
1517 275 1534 297 ,
1574 230 1736 287 which
1768 233 1885 304 they

547 458 627 508 for
658 455 745 506 the
775 448 981 517 preent.
1400 441 1493 490 &c.
1053 440 1331 496 Therefore
1346 483 1365 505 ,

551 319 699 374 could
716 332 866 366 never
880 309 1082 375 have,if
1090 308 1209 372 they
1223 321 1353 355 were
1369 318 1464 355 not
1480 301 1675 354 aured
1697 316 1751 351 to
1777 320 1885 368 per

549 391 713 442 evere
724 384 803 434 for
814 384 901 433 the
913 382 1110 441 future,
1147 390 1197 426 as
1215 373 1326 424 well
1342 390 1393 424 as
1410 371 1472 420 of
1494 370 1622 421 their
1656 370 1883 440 anding

1042 526 1150 578 part
1343 518 1602 574 argument
742 514 1026 570 armitive
618 523 733 576 The
1164 505 1228 557 of
1231 506 1327 557 this
1621 503 1659 554 is
1670 502 1881 575 denyed,

550 600 653 644 viz.
691 589 805 652 they
827 583 975 635 could
990 582 1113 631 have
1128 594 1197 628 no
1214 576 1331 643 joy,
1351 572 1383 625 if
1403 575 1524 642 they
1557 588 1688 623 were
1713 586 1803 622 not
1834 591 1885 622 a

560 1956 612 1995 as
623 1952 683 1989 to
700 1938 811 1989 that
823 1954 846 1986 :
894 1950 1014 1985 now
1024 1946 1083 1982 to
1090 1928 1175 1980 the
1186 1939 1325 1979 next.

552 659 695 711 ured
707 671 763 705 to
779 650 1031 721 perevere
1045 647 1132 697 for
1148 647 1236 694 the
1246 643 1414 693 future
1433 660 1485 691 as
1505 640 1601 688 wel
1612 657 1672 689 as
1682 642 1734 689 of
1750 646 1880 690 their

555 725 781 789 anding
791 722 869 772 for
884 720 974 768 the
994 714 1183 781 preent
1206 737 1224 770 ;
1253 712 1332 760 for
1349 710 1516 762 Saints
1542 708 1700 774 ought
1725 722 1782 757 to
1809 724 1879 756 re

559 796 686 867 joice
700 792 748 844 in
762 791 850 842 the
866 786 1022 843 Lord,
1058 798 1140 853 yet
1155 781 1193 830 it
1209 779 1246 828 is
1262 800 1289 830 a
1306 780 1431 842 duty
1452 791 1509 827 to
1525 775 1642 842 ear,
1675 774 1774 825 and
1788 788 1879 825 not

557 882 613 915 to
626 859 763 911 boa
775 876 829 907 as
841 859 905 905 he
915 854 1028 904 that
1057 847 1257 915 putteth
1281 845 1369 896 o
1387 846 1463 895 his
1761 842 1877 909 they
1489 859 1691 896 armour
1710 883 1727 907 ,

556 1066 673 1129 they
708 1061 837 1110 have
1171 1047 1270 1100 and
1304 1061 1379 1096 no
1404 1048 1548 1095 other
1828 1042 1877 1093 in
1581 1059 1743 1110 wayes
1760 1079 1776 1101 ,
861 1051 1106 1106 aurance
1123 1092 1137 1116 ,

556 995 706 1048 make
718 991 844 1042 their
858 982 1037 1051 calling
1049 982 1150 1035 and
1163 979 1375 1032 eleion
1564 975 1615 1027 in
1651 979 1709 1026 o
1732 975 1884 1043 doing
1390 979 1500 1028 ure
1512 1016 1528 1043 ,

558 1128 727 1184 which
756 1126 873 1192 they
906 1139 1020 1185 may
1300 1112 1556 1178 receiving
1581 1114 1667 1162 the
1695 1111 1795 1161 end
1824 1111 1885 1162 of
1048 1116 1232 1188 rejoice
1248 1157 1265 1182 ,

558 1197 690 1251 their
704 1192 851 1259 faith,
886 1191 973 1241 the
985 1188 1222 1240 alvation
1449 1179 1574 1230 ouls
1593 1196 1607 1228 :
1648 1179 1787 1231 what
1806 1196 1880 1230 no
1297 1181 1426 1233 their
1230 1184 1297 1235 of

560 1272 652 1337 joy
663 1264 742 1313 for
766 1263 852 1313 the
878 1255 1075 1327 preent
1105 1258 1133 1304 ?
1171 1270 1241 1303 no
1259 1243 1566 1302 conolation
1593 1246 1645 1297 in
1674 1246 1838 1301 Chrit
1854 1248 1876 1296 ?

559 1352 630 1385 no
645 1329 861 1383 comfort
870 1326 946 1376 of
960 1326 1041 1374 the
1284 1320 1423 1369 what
1441 1313 1647 1366 becaue
1657 1331 1738 1365 we
1751 1313 1876 1365 mu
1055 1320 1208 1390 Spirit
1220 1324 1250 1369 ?

561 1399 691 1452 hold
877 1394 964 1443 the
1130 1404 1190 1440 or
1199 1385 1291 1437 ele
1304 1385 1406 1434 loe
1416 1400 1510 1434 our
1539 1398 1710 1432 crown
1725 1383 1749 1431 ?
1784 1382 1881 1432 Yea
802 1409 863 1445 to
705 1411 796 1447 out
979 1389 1075 1440 end
1092 1432 1108 1456 ,

558 1465 707 1521 much
721 1467 811 1532 joy
821 1461 872 1513 in
890 1459 991 1511 this
1006 1495 1021 1517 ,
1066 1458 1167 1507 that
1184 1452 1232 1504 if
1247 1461 1298 1501 in
1313 1460 1485 1517 patient
1510 1456 1807 1499 continuance
1832 1454 1882 1495 in

1249 1518 1434 1570 honour,
1455 1516 1551 1565 and
1572 1516 1877 1579 immortality
556 1535 656 1588 well
663 1537 887 1596 doing,we
887 1527 1000 1596 eek
1001 1523 1077 1595 for
1089 1525 1233 1588 glory,

558 1619 638 1655 we
651 1601 748 1651 hal
758 1600 889 1649 have
902 1590 1091 1646 eternall
1100 1586 1411 1657 life:perons
1423 1600 1535 1647 may
1552 1583 1681 1634 have
1692 1583 1784 1651 joy
1803 1582 1883 1631 for

558 1669 649 1720 the
661 1660 973 1735 preent,and
987 1673 1071 1728 yet
1085 1657 1199 1709 that
1216 1668 1307 1707 not
1642 1652 1755 1702 that
1768 1648 1882 1716 they
1326 1650 1616 1716 hinder,but

558 1752 675 1805 may
692 1735 817 1787 have
837 1748 907 1783 no
937 1729 1188 1782 aurance
1212 1738 1269 1774 to
1299 1721 1436 1772 and
1458 1719 1539 1770 for
1571 1718 1661 1768 the
1691 1716 1857 1769 future
1868 1755 1886 1783 ,

558 1805 654 1856 but
669 1802 739 1871 by
751 1799 928 1864 taking
940 1795 1070 1848 heed
1082 1794 1188 1848 &c.
1224 1790 1472 1842 therefore
1497 1784 1598 1837 this
1621 1799 1888 1853 argument

560 1869 605 1923 is
621 1883 715 1922 too
730 1868 861 1938 light
874 1879 931 1916 to
952 1877 1110 1933 prove
1135 1860 1227 1910 the
1252 1852 1573 1910 armation.
1644 1857 1710 1904 So
1737 1852 1883 1906 much

555 947 635 982 are
647 925 837 978 aured
851 937 906 972 to
937 917 1078 968 and
1114 958 1129 982 ,
1163 913 1210 965 if
1249 913 1367 979 they
1390 910 1511 977 give
1535 909 1801 975 dilligence
1828 922 1879 958 to

631 2008 824 2074 Preent
851 2002 1042 2066 keeping
1044 2002 1167 2066 from
1193 1997 1365 2064 falling
1392 1990 1512 2042 with
1528 1989 1836 2056 preentment
1842 1994 1899 2058 of

562 2070 912 2142 unpottednee
919 2083 971 2120 at
1271 2066 1336 2133 of
1347 2060 1477 2133 Jeus
1498 2057 1656 2128 Chri
1671 2056 1803 2124 goeth
1812 2068 1886 2112 to
986 2068 1060 2119 the
1068 2070 1257 2131 coming

560 2143 732 2212 gether.
800 2140 1050 2205 Therefore,
1085 2135 1181 2186 &c.

633 2207 759 2264 Fir
768 2207 841 2259 let
850 2223 909 2259 us
920 2201 1149 2257 examine
1160 2200 1254 2253 the
1261 2210 1392 2266 text,
1411 2192 1661 2263 Secondly
1683 2191 1773 2245 the
1791 2196 1887 2247 Ar

562 2290 790 2351 gument.

630 2344 776 2404 Saith
788 2344 874 2404 the
886 2353 1014 2412 text,
1514 2340 1558 2389 is
1579 2329 1681 2389 able
1705 2341 1756 2384 to
1788 2328 1890 2397 keep
1043 2346 1152 2398 Now
1160 2348 1275 2396 unto
1397 2332 1502 2393 that
1287 2336 1393 2393 him

1802 2416 1894 2469 you
