2054 2773
458 100 221 104 falling
688 97 173 110 ſrom
875 100 235 102 Grace.

135 254 83 38 ans
228 233 111 53 that
359 228 171 57 Chriſt
544 228 118 52 hath
681 227 285 54 reconciled
978 230 137 51 them
1136 227 51 51 in
1213 228 85 52 the
1328 230 151 67 body

137 303 60 55 of
201 302 75 55 his
291 298 123 54 fleſh
428 298 229 68 through
675 297 148 50 death
843 312 55 35 to
914 297 195 69 preſent
1138 296 140 53 them
1321 299 150 68 holy,

135 374 95 54 and
242 366 360 67 unblameably
621 365 100 52 and
738 366 361 70 unreprovable
1114 363 53 54 in
1185 365 78 52 his
1279 366 145 71 ſight,
1432 366 55 52 it

136 459 59 54 ye
207 435 240 58 continue
461 434 52 52 in
528 435 82 70 the
623 433 156 53 faith·
823 434 272 67 grounded
1123 435 110 52 and
1261 434 212 62 ſettled,

138 510 93 53 and
246 509 64 51 be
324 517 90 39 not
432 507 170 47 mov'd
616 519 141 52 avay
770 502 133 51 from
920 504 86 50 the
1018 503 138 67 hope
1166 502 159 52 ofthe
1339 502 131 54 Goſ-

136 580 76 66 pel
240 573 167 57 which
436 588 65 51 ye
523 572 138 67 have
682 571 151 52 heard
858 574 98 50 Col.
973 588 36 36 i.
1047 589 63 34 21.
1129 589 77 34 22.
1224 588 75 48 23.
1311 572 160 65 mark,

136 648 118 64 they
266 643 121 52 then
402 637 192 54 ſhallbe
617 636 258 70 preſented
899 641 137 65 holy,
1065 637 405 69 unreprovable,

138 707 364 65 unblameable?
522 723 141 50 upon
680 708 129 50 vrhat
827 709 179 52 terms?
1021 708 122 67 why
1155 706 48 50 if
1206 707 121 68 they
1341 724 123 33 con-

139 781 143 52 tinue
291 778 103 53 &c.
411 774 96 54 and
525 772 55 52 ſo
589 772 126 55 ſaith
730 776 79 51 the
823 773 159 68 Spirit
996 788 132 38 unto
1145 775 82 51 the
1252 774 218 69 Angells

141 849 59 51 of
209 848 87 52 the
306 843 204 57 Church
525 841 53 53 in
595 854 218 57 Smyrua,
854 844 63 51 be
931 845 130 50 thou
1089 841 222 53 faithfull
1338 857 128 35 unto

140 915 168 65 death,
309 912 98 53 and
422 910 144 51 Iwill
579 908 212 69 givethe
805 914 190 50 Crovn
1010 908 153 53 oflite
1173 919 116 42 Res.
1319 924 43 34 2.
1396 924 68 35 10.

143 984 94 50 and
248 981 56 50 ſõ
316 993 127 39 unto
455 981 83 47 the
551 977 208 51 Church
774 975 53 52 in
841 978 232 68 Thatira,
1107 976 183 51 hethat
1315 993 149 33 over-

147 1049 196 53 cometh
362 1045 99 54 and
474 1044 214 67 keepeth
702 1061 82 52 my
803 1046 169 52 worls
984 1058 131 39 unto
1127 1045 87 50 the
1237 1042 131 60 end,
1407 1055 58 38 to

143 1121 104 53 him
261 1117 107 54 will
381 1111 157 70 Igive
550 1129 169 52 power
732 1116 119 48 over
864 1114 86 52 the
961 1115 224 64 nations,
1211 1108 140 55 verſe
1383 1115 84 64 2,

147 1196 72 42 26.
237 1203 75 48 27.
338 1187 64 51 he
415 1183 111 51 that
540 1183 327 50 overcometh
880 1184 91 49 the
983 1181 128 52 ſame
1124 1181 120 51 ſhill
1273 1179 64 50 be
1360 1180 105 49 clo.

147 1253 182 61 thedin
345 1249 156 57 white
516 1241 220 77 raiment,
740 1250 94 51 and
847 1252 24 46 ĩ
887 1250 104 51 will
1003 1246 95 51 nõt
1112 1249 109 50 blot
1232 1246 76 50 his
1320 1263 149 34 name

145 1336 92 37 out
250 1317 55 55 of
317 1321 85 51 the
411 1317 145 52 book
566 1314 60 53 ot
629 1317 191 66 life,but
838 1319 23 47 l
882 1316 103 58 wijl
998 1314 217 54 confeſſe
1229 1316 75 48 his
1317 1331 150 34 name

145 1388 170 54 before
328 1403 86 48 my
401 1377 195 78 father,
609 1383 89 51 and
712 1384 165 53 defore
887 1384 75 53 his
979 1383 118 62 holy
1119 1384 204 62 Angels,
1349 1381 143 59 cha.

146 1475 26 33 2
217 1474 41 43 5.
272 1458 94 47 our
378 1453 134 51 Lord
529 1450 165 54 Chriſt
712 1451 120 52 ſaith
845 1452 52 49 in
913 1453 84 50 the
1014 1448 237 53 fifteenth
1271 1447 61 50 of
1340 1447 122 70 John

146 1526 85 49 the
241 1522 200 65 ſecond,
477 1538 145 50 every
641 1520 180 52 branch
835 1518 52 51 in
903 1537 82 33 me
1002 1519 109 51 that
1137 1515 202 52 heareth
1371 1529 96 36 not

145 1594 117 52 truit
296 1592 62 50 he
378 1588 175 51 taketh
581 1606 143 47 anV
792 1588 138 50 ſome
955 1586 240 52 branches
1226 1582 52 52 in
1304 1579 175 58 Chriſt

148 1679 113 48 may
278 1658 211 52 become
502 1654 345 53 fruirleſſeand
864 1654 54 51 ſo
939 1653 149 53 taken
1117 1669 141 50 away
1283 1650 68 67 by.
1383 1650 96 49 the

146 1731 206 57 Father;
367 1724 49 50 ſo
429 1726 91 49 the
534 1726 196 50 Author
746 1740 58 34 to
819 1723 86 49 the
917 1722 104 51 Heb.
1035 1715 145 67 ſaith,
1188 1718 105 52 that
1309 1716 164 53 vhich

148 1795 201 52 beareth
365 1793 201 51 thornes
579 1791 97 51 and
693 1790 160 69 bryers
864 1789 41 53 ĩs
919 1788 209 70 rejccted
1147 1788 102 52 and
1279 1786 42 53 is
1348 1785 123 68 nigh

148 1879 122 36 unto
286 1880 76 33 cun
371 1860 104 66 ſing
485 1860 105 48 Heb.
607 1872 43 39 6.
657 1856 36 74 8.

161 1938 127 61 By
301 1931 97 48 this
410 1926 167 53 vhich
596 1927 122 49 hath
731 1924 121 51 been
865 1923 104 53 ſaĩd
985 1922 42 53 it
1041 1920 208 70 appears
1264 1918 110 51 that
1389 1936 78 32 we

103 2001 171 51 havẽ
286 2016 67 35 no
364 1994 159 55 union
540 1992 126 52 with
680 1991 161 55 Chriſt
854 1992 92 51 hut
970 1992 67 66 by
1068 1988 262 64 believing
1364 1987 103 52 and

147 2065 254 70 doingthe
417 2062 106 53 will
542 2061 53 50 ot
612 2050 137 89 God,
757 2061 91 51 and
871 2061 108 50 that
992 2056 155 54 union
1163 2055 128 54 with
1306 2054 179 62 Chriſt

149 2137 41 51 is
201 2147 118 40 cont
327 2131 152 54 inued
496 2130 70 68 by
596 2126 316 69 perſcvering
943 2126 55 52 in
1026 2123 162 69 doing
1213 2123 89 51 the
1361 2122 118 54 villi

150 2205 56 53 of
216 2202 126 56 God
356 2201 98 52 and
468 2212 92 41 not
573 2194 296 54 otherviſe:
907 2193 120 54 God
1041 2191 192 71 having
1252 2187 217 71 promiſ-

149 2275 61 50 ed
224 2269 192 55 eternal
428 2254 109 84 life
537 2264 125 70 upon
677 2265 225 51 noother
914 2279 166 37 terms.
1097 2263 119 52 Nox
1237 2258 99 55 this
1349 2275 126 48 con-

151 2339 186 55 ſidered
353 2353 80 38 ve
445 2353 117 51 may
579 2333 187 70 plainly
780 2331 77 55 ſee
865 2333 106 54 that
989 2328 244 70 although
1261 2323 249 77 perſons

1297 2391 182 58 vhich
