1926 2773
314 200 89 83 34
846 161 79 83 A
947 159 287 101 Treatife
1264 158 291 110 touching

536 297 89 54 the
642 295 175 54 fincere
832 289 135 55 milk
984 285 54 53 of
1051 289 85 51 the
1150 287 166 64 word,
1336 286 108 52 that
1460 284 125 70 they
1595 298 116 52 may
1723 298 139 53 grow

539 365 249 65 thereby,
830 376 121 35 now
971 355 295 55 ifbelievers
1279 368 181 39 cannot
1472 349 85 52 fall
1583 349 133 53 what
1737 352 128 51 need

540 436 44 52 is
598 435 144 50 there
754 446 60 37 or
829 425 137 55 what
982 424 81 52 ufe
1077 442 91 34 can
1182 440 78 35 we
1273 420 149 54 make
1434 419 64 53 of
1503 416 59 70 it,
1577 411 121 85 what
1713 415 153 58 ferves

540 499 175 58 itfor?
754 489 302 61 eftablithus
1073 492 268 58 itcannot,
1377 488 79 50 for
1469 499 272 40 wecannot
1766 485 104 69 fall,

542 589 80 49 we
650 584 84 36 are
757 560 293 60 eftablifhed
1085 560 137 52 from
1248 560 87 51 the
1357 552 280 74 beginning
1650 596 18 25 ,
1697 555 71 69 dy
1796 572 76 36 we

544 649 219 55 cannot,
798 631 134 54 what
945 628 320 56 uleoffood?
1313 639 277 41 overcome
1603 637 78 37 we
1692 638 179 38 cannot

514 688 110 85 be,
631 688 139 85 what
788 697 162 56 ufeof
958 695 388 73 ftrengthning?
1380 692 250 54 thusthen
1652 709 120 50 may
1795 709 73 33 we

544 775 85 69 fay
648 774 52 53 in
716 771 118 56 vain
850 769 129 52 have
996 786 78 34 we
1088 764 172 55 lerved
1279 762 121 57 God
1420 779 21 31 -
1477 759 98 55 and
1590 757 138 55 what
1750 776 117 50 pro-

260 835 155 59 Mal.3.
454 849 72 44 14.
545 841 57 52 fir
619 842 41 52 is
677 840 42 52 it
734 842 110 48 that
860 853 80 35 we
954 834 130 54 have
1099 833 124 67 kept
1236 831 76 52 his
1326 825 425 68 ordinances,and
1760 827 109 51 that

546 928 78 34 we
636 911 130 50 have
779 902 199 57 walked
994 898 318 67 mournfully
1325 897 172 52 before
1526 894 89 52 the
1652 892 138 54 Lord
1818 893 59 54 of

550 977 149 56 Hofts
742 971 51 56 if
825 968 431 55 believerscannot
1269 965 87 53 fall
1369 964 184 67 away
1502 960 56 82 ?
1728 962 2 2 |

263 1076 268 64 Abfurd.3.:
624 1044 53 53 If
681 1043 239 54 believers
939 1051 187 66 cannot
1139 1032 279 71 fallaway,
1460 1033 126 51 then
1614 1027 40 55 is
1677 1047 31 33 a
1737 1042 132 54 great

551 1127 110 57 part
694 1111 62 55 of
773 1110 89 53 the
893 1112 253 63 Scripture
1170 1095 204 61 ufeleffe
1401 1113 130 54 unto
1540 1097 208 68 them,as
1761 1096 111 53 take

534 1180 182 69 ‘heed,
754 1176 262 57 ftandfaft,
1053 1175 225 63 beware,
1316 1166 229 58 andfuch
1556 1166 104 51 like
1674 1165 170 69 faying
1855 1206 17 24 ,

552 1251 172 51 which
739 1264 85 34 are
837 1263 124 50 very
972 1240 231 72 plentiful
1221 1238 53 52 in
1290 1239 85 52 the
1391 1238 271 67 Scriptures
1678 1248 15 34 :
1713 1233 99 52 and
1824 1229 50 54 fo

272 1324 59 44 fe
344 1324 189 59 Mat.24,
555 1314 230 56 likewife
808 1313 87 52 the
917 1327 152 52 many
1090 1305 352 55 exhortations
1471 1302 116 56 ufed
1621 1299 69 68 by
1713 1299 163 54 Chrift

271 1387 266 57 4,5-A.20,
552 1385 97 51 and
663 1384 77 52 his
755 1378 227 72 Apoftles
1002 1391 58 37 to
1088 1370 410 62 watchfulnefle,
1546 1383 57 37 to
1631 1366 248 67 fobriety,

276 1446 186 48 28.Heb.
491 1460 123 44 3.to
626 1465 213 57 prayer.
858 1441 330 71 toftability,
1226 1439 167 69 which
1405 1456 84 36 are
1504 1453 122 50 very
1654 1434 226 67 plentiful

272 1516 49 98 a.
372 1506 97 46 Col.
500 1521 36 31 2.
557 1518 152 56 inthe
722 1515 285 70 Scripture,
1044 1511 140 52 what
1196 1507 179 54 ufeare
1388 1504 137 56 thefe
1539 1504 101 52 and
1654 1501 115 55 fuch
1782 1502 102 52 like
1909 1537 17 5 -

271 1599 47 31 8.
367 1581 70 47 17.
456 1569 81 44 8c.
557 1592 166 67 places
768 1583 154 62 tous?
938 1582 133 51 what
1084 1576 176 56 fhould
1290 1589 80 39 we
1393 1575 118 52 take
1533 1570 154 69 heed,
1724 1570 160 53 watch

477 1659 7 5 ~
557 1660 242 56 beware,.
824 1647 122 57 take
958 1661 181 40 careto
1151 1639 305 61 ftandfaftin
1486 1640 86 53 the
1598 1637 164 55 faith?
1809 1637 77 52 for

562 1744 22 36 3
617 1735 101 41 Cor.
753 1726 160 55 ¥€.13.
939 1735 90 48 14+
1053 1713 48 53 1
1129 1725 281 54 wecannot
1423 1710 95 52 fall
1532 1707 134 52 what
1680 1707 72 50 do
1769 1705 117 66 they

558 1789 256 55 fervefor?
852 1787 87 53 why
979 1782 78 53 do
1072 1779 401 57 wereadthein?
1511 1774 137 52 what
1670 1774 69 52 do
1760 1775 130 64 they

558 1859 148 53 teach
719 1872 78 52 us,
830 1871 106 34 muft
970 1867 78 37 we
1041 1842 137 86 take
1185 1842 136 86 heed
1334 1844 102 53 and
1448 1842 218 59 beware,
1702 1840 104 53 and
1827 1856 65 36 no

556 1927 186 67 danger
790 1939 118 35 neer
939 1939 61 31 us
1028 1922 28 45 ?
1084 1921 104 45 nor
1213 1933 87 33 can
1315 1926 287 38 cometous
1614 1909 30 49 ?
1680 1909 127 51 mult
1822 1925 72 35 we

556 1993 164 54 watch
743 1990 102 52 and
870 2004 73 36 no
966 1990 198 61 Enemy
1191 1996 56 37 to
1269 1978 252 71 approach
1537 1978 87 50 us?
1659 1976 134 52 muft
1820 1993 75 35 we

553 2076 136 38 arme
700 2063 93 51 out
806 2055 180 67 felves,
1022 2052 150 52 when
1233 2065 136 46 none
1400 2063 94 37 can
1532 2060 269 36 overcome
1817 2042 82 51 us?

559 2128 47 54 if
615 2126 40 54 it
668 2127 65 51 be
747 2122 354 69 impoflibleto
1120 2115 74 54 fal
1207 2117 139 52 there
1357 2116 43 51 is
1412 2112 210 53 noneed
1635 2110 131 54 ofall
1775 2109 122 61 this,

563 2192 140 56 thefe
717 2193 163 51 duties
896 2206 89 36 are
997 2199 92 40 out
1103 2183 64 54 of
1171 2183 137 66 date,
1340 2183 40 50 it
1392 2177 256 70 isenough
1664 2176 82 54 for
1760 2179 138 50 them

566 2276 63 39 to
648 2258 225 56 dothefe
886 2257 173 68 things
1073 2239 111 90 that
1199 2239 106 90 may
1334 2248 122 62 fall,
1504 2243 397 60 butasforthem

566 2333 111 52 that
676 2311 162 86 cannot
873 2324 123 69 they
1009 2338 85 37 are
1107 2315 195 57 ufelefic
1317 2330 128 40 unto
1457 2317 157 66 them.

278 2399 239 68 ‘Abjurd.4:
639 2395 303 56 Vbelievers
959 2401 190 45 cannot
1163 2385 278 71 fallaway,
1476 2383 127 54 then
1643 2380 44 55 is
1713 2381 87 54 the
1820 2397 82 99 cx

1781 2462 127 55 prefs
