1940 2773
368 139 109 77 2S
890 123 86 78 A
992 122 278 100 Treatife
1287 113 303 111 touching

367 256 2 2 |
554 257 95 67 joy
660 250 123 53 that:
800 246 158 54 Saints
992 242 133 54 have
1143 237 55 55 in
1225 235 254 70 believing
1517 275 18 23 ,
1574 232 163 56 which
1768 233 126 72 they

551 319 149 56 could
716 332 151 35 never
880 314 148 62 have,
1038 309 45 51 if
1090 308 125 65 they.
1223 321 131 35 were
1369 318 97 38 not
1480 301 196 68 affuied
1697 316 55 36 to
1777 320 110 49 per.

549 391 165 52 fevere
724 384 178 51 forthe
913 382 198 60 future,
1147 373 247 54 as.wellas
1410 371 63 50 of
1494 370 129 52 their
1656 370 238 71 flancing,

547 458 81 51 for
658 455 88 52 the
775 448 207 70 prefent.
1053 440 311 64 Therefore,
1400 441 96 50 &e:

618 514 409 63 Theaffirmitive
1042 505 187 74 part.of
1231 506 97 52 this
1343 518 260 57 argument
1621 503 273 73 isCenyed,,

278 611 87 40 phil
378 619 37 38 4g.
441 617 41 36 4.
550 600 104 45 vig.
691 589 115 64 they
827 583 149 53 could
990 582 124 50 have
1128 594 70 35 no
1214 576 118 68 jay,
1351 572 33 54 if
1403 575 122 68 they
1557 588 132 36 were
1713 586 91 37 nct
1834 591 52 32 a.

552 659 144 53 fured
707 671 57 35 to
779 650 253 72 perfevere
1045 647 88 51 for.
1148 647 89 48 the
1248 642 167 52 future
1421 660 65 40 as
1502 633 98 71 wel
1612 657 58 33 as
1670 642 65 48 of
1750 642 140 49 their

536 704 233 90 ftanding
768 704 98 90 for
884 720 91 49 the
994 714 190 68 prefent
1206 737 19 34 ,
1253 712 80 49 for
1349 710 168 53 Saints
1542 708 159 67 ought
1725 722 58 36 to
1809 724 80 33 re~

281 813 101 36 Rom.
404 819 133 48 11.20,
555 796 132 72 joice
700 792 49 53 in
762 791 89 52 the
866 786 157 58 Lord,
1058 798 83 56 yet
1155 779 92 52 itis
1255 775 17 97 a
1306 780 126 63 duty
1452 791 58 37 to
1525 775 118 68 fear,
1675 774 100 52 and
1788 788 102 38 not

284 868 92 76 ae
394 857 133 91 Byn.20
557 882 57 34 to
626 854 403 58 boaftashethat
1057 847 201 73 putteth
1281 845 89 52 off
1380 846 84 52 his
1489 859 203 38 armour
1710 883 18 25 ,
1761 842 126 68 they

289 936 63 56 ir.
345 905 47 91 (2
398 917 140 75 Fett
555 925 283 58 sreaffuredto
851 917 228 56 fland
1114 958 16 25 ,
1163 913 41 53 if
1249 913 119 67 they
1428 910 84 52 give
1535 909 267 67 dilligence
1828 922 52 37 to

290 1011 57 28 10.
377 1013 14 26 1
399 1006 83 36 Pet.
511 1012 27 27 1.
556 971 141 85 gnake
696 971 123 85 their
838 982 200 70 calling
1049 982 95 54 and
1163 979 191 68 election
1412 992 117 52 fure,
1564 975 52 53 in
1651 979 59 48 fo
1732 975 163 69 doing:

288 1053 35 37 8
340 1060 40 34 9
556 1066 118 64 they
708 1061 130 50 have
861 1051 277 66 affurance,
1171 1047 100 54 and
1304 1055 85 51 no,
1404 1048 145 48 other
1581 1059 196 52 wayes,
1828 1042 50 52 in

558 1128 170 57 which
756 1126 118 67 they
906 1139 115 47 may
1048 1116 218 73 rejoice,
1300 1107 257 90 recciving
1572 1114 96 49 the
1695 1111 101 51 end
1824 1111 66 52 of

558 1197 133 55 theif
704 1192 148 68 faith,
886 1191 88 51 the
976 1175 239 89 falvation
1230 1175 192 89 oftheir
1449 1179 126 66 fouls
1593 1196 29 33 :.
1648 1179 140 53 what
1806 1196 87 35 no:

558 1272 95 66 joy
663 1263 190 51 for:the
878 1255 198 73 prefent
1105 1258 29 47 ¢
1171 1270 71 34 no
1259 1246 308 57 confolation
1593 1246 53 52 in
1674 1246 203 56 Chrift
1835 1241 40 80 >

286 1346 102 40 Rom,
412 1348 106 41 3.1%
559 1352 72 34 no
645 1326 302 58 comfort.of
960 1326 82 49 the
1055 1320 196 71 Spirit?
1284 1320 140 50 what
1441 1313 207 54 becaufe
1657 1331 82 35 we
1751 1313 126 53 mult

561 1399 131 54 hold
705 1394 260 54 outtothe
979 1389 130 68 end,
1118 1385 393 60 orelfelofeour
1539 1383 217 50 crown?
1784 1382 98 51 Yea

558 1465 150 57 much
721 1461 152 72 joy:in
890 1459 132 59 this,
1066 1458 102 50 that
1184 1452 49 53 if
1247 1461 17 41 i
1266 1460 228 58 patient.
1510 1456 298 44 continnance
1832 1454 63 42 in

556 1535 101 54 well
663 1537 225 60 doing,we
878 1512 105 89 feck
1001 1525 233 64 for.glory,
1249 1518 186 56 honour,
1455 1516 97 50 and
1572 1516 315 64 immortality

558 1619 81 37 we
651 1600 239 52 fhalhave
902 1590 190 57 eternal
1100 1586 312 72 life:perfons
1423 1600 113 48 may
1552 1583 130 52 have
1692 1583 93 69 joy
1803 1582 96 50 for:

558 1669 92 52 the
661 1660 313 76 prefent,and
987 1673 85 56 yet
1085 1657 115 53 that
1216 1668 92 40 not
1326 1650 291 67 hinder,but
1642 1652 114 51 that
1768 1648 129 69 they.

558 1752 118 54 may
692 1735 126 53 have
837 1748 71 36 no
937 1729 252 54 aflurance
1212 1738 58 37 to
1299 1721 138 52 ftand
1458 1719 82 52 for
1571 1718 91 51 the
1691 1716 167 54 future,

558 1805 97 52 but
669 1802 71 70 by
751 1799 178 66 taking
940 1795 131 54 lieed
1082 1794 107 55 dc.
1224 1790 249 53 therefore
1497 1784 102 54 this
1621 1799 268 55 argument.

560 1869 46 55 is
621 1883 95 40 too
730 1868 132 71 light
874 1879 58 38 to
952 1877 159 57 prove
1135 1860 96 51 the
1252 1852 322 61 affirmation,
1644 1857 67 48 So
1737 1852 164 55 much:

542 1936 71 79 a8
623 1952 61 38 to
700 1924 147 144 thats
888 1943 222 121 nome
1186 1939 140 41 next.
1384 1944 4 3 —
1478 1988 32 54 b
1598 1987 47 70 pref

398 2044 147 26 gee,
631 2008 186 67 Prefent
881 2006 165 61 keeping
1046 2002 122 65 from
1193 1997 173 68 falling
1392 1996 87 61 wits
1513 1998 355 59 prefentment
1822 1992 67 88 of

290 2058 84 47 Bon
400 2044 149 65 Ange.
562 2070 410 73 unfpottedweffe
914 2052 64 95 at
986 2068 75 52 the
1068 2070 190 67 consing:
1271 2066 66 68 of
1347 2060 131 74 Jefus
1498 2057 159 72 Chrift
1671 2056 133 69 gocth
1812 1994 88 119 fl

560 2139 168 86 gether.
800 2136 250 80 Therefore,
1166 2156 16 29 °

288 2208 192 102 Anfwers
545 2203 217 153 eument
768 2207 74 53 }ét
850 2223 60 37 us
916 2216 234 44 examine
1160 2187 87 89 the
1252 2187 141 89 text,
1411 2191 263 73 Secondly:
1683 2191 83 55 the
1779 2187 113 89 Are.

630 2344 147 61 Saith
788 2344 87 61 the
886 2353 129 60 text,
1029 2324 341 93 Now-ssto-him
1377 2324 117 93 thas
1514 2340 49 50 is
1575 2329 107 61 able
1705 2341 62 44 to:
1788 2328 103 70 keep

1213 2450 3 3 :
1802 2415 106 55 yew

290 1430 104 36 ROMs
403 1437 45 28 .2.
465 1436 44 37 Fe
