2076 2773
436 129 668 237 falling
681 137 840 230 from
849 129 1091 206 Grace.

1561 155 1643 231 51

129 252 256 314 then
269 249 377 308 wilt
393 254 519 305 thou
530 255 593 305 be
609 253 660 306 in
677 253 763 303 the
775 260 889 320 way
904 252 962 302 of
976 248 1220 320 proting
1249 248 1343 316 thy
1366 242 1467 296 elf

163 2281 272 2331 that
282 2279 482 2332 bridleth
493 2290 575 2328 not
587 2279 661 2328 his
675 2289 831 2343 tongue
845 2276 913 2328 his
927 2278 1133 2342 Religion
1147 2283 1184 2327 is
1195 2274 1341 2324 vain?
1353 2269 1487 2323 ther

128 326 195 395 by
215 325 304 392 thy
321 323 573 383 trade,and
590 321 735 373 make
747 321 830 370 the
839 320 942 369 be
953 321 1017 369 of
1019 322 1081 386 it,
1147 321 1346 384 though
1388 315 1457 380 by

164 2349 272 2401 fore
301 2348 464 2402 David
497 2344 685 2399 dered
717 2345 802 2396 the
827 2344 965 2396 Lord
978 2359 1034 2395 to
1045 2345 1122 2412 et
1139 2363 1166 2393 a
1172 2340 1330 2394 watch
1341 2336 1489 2404 before

149 391 291 461 lying
310 392 409 443 and
422 388 746 454 diembling
760 408 784 440 a
796 387 952 454 little,
980 388 1158 455 aying
1170 404 1225 436 to
1334 383 1438 436 Sell
1236 387 1326 436 the

128 464 204 516 ter
216 464 254 510 it
272 464 314 512 is
328 460 640 527 nought,but
652 457 795 506 when
814 457 875 506 he
885 454 928 507 is
940 472 1071 524 gone
1090 456 1220 508 thou
1243 451 1462 519 praieth

135 532 176 584 it
189 569 207 596 ,
242 527 340 578 and
359 524 427 594 by
447 525 542 577 this
558 541 727 575 means
740 525 925 592 maye
938 526 1066 574 thou
1084 523 1298 574 become
1323 520 1428 572 rich
1454 561 1470 584 ,

135 596 235 650 and
466 610 616 659 many
630 591 833 642 friends,
877 592 977 641 and
991 591 1056 640 be
1066 587 1120 641 in
1145 602 1333 656 repute
1355 588 1460 640 and
252 593 306 645 o
322 596 455 646 have

136 665 198 718 in
442 661 506 710 of
864 660 972 709 and
986 674 1133 707 come
1136 671 1198 707 to
1201 657 1379 726 places
1407 651 1472 705 of
207 663 291 713 the
310 677 419 731 way
505 661 813 728 preferment
827 699 844 722 ,

419 730 507 780 the
526 727 709 793 world,
720 725 814 776 and
819 725 890 776 be
901 725 1061 778 called
1283 724 1465 787 Rabby;
338 729 401 781 in
136 736 330 787 honour
1065 723 1142 774 of
1143 731 1266 774 men

137 802 267 852 thou
280 813 358 850 art
380 816 409 848 a
416 799 527 847 fool
546 811 599 846 to
611 796 737 844 dote
749 810 883 860 upon
899 794 997 845 this
1023 792 1242 858 dipied
1276 807 1381 856 way
1402 790 1470 845 of

144 865 390 935 Religion
405 865 518 914 thus
530 880 584 912 as
598 862 725 911 thou
938 861 1042 910 and
1052 859 1114 908 be
1124 857 1278 907 made
1287 876 1312 907 a
1326 856 1467 907 corn
737 859 872 910 doe
886 898 900 915 ,

133 934 241 990 and
252 954 278 985 a
295 931 506 984 derion
947 929 1078 977 thou
1083 923 1263 978 maie
1271 922 1470 993 delight
521 929 585 980 of
675 926 746 979 do
583 929 672 980 all:
867 925 939 990 o,
762 939 850 977 not

142 1005 233 1069 thy
256 1000 345 1052 elf
369 999 420 1051 in
465 996 727 1064 pleaures,
756 996 848 1047 and
881 995 1056 1061 ehly
1086 995 1202 1046 lus
1220 1007 1343 1055 too,
1369 992 1473 1043 and

138 1069 297 1137 pend
323 1068 417 1135 thy
438 1067 566 1116 time
596 1063 770 1130 merily
797 1061 952 1113 while
982 1059 1113 1113 thou
1141 1077 1215 1112 art
1371 1058 1474 1113 &c.
1236 1060 1366 1109 here

145 1137 292 1192 With
304 1134 442 1186 thee
450 1133 549 1185 and
565 1128 679 1183 uch
694 1131 794 1182 like
808 1127 1162 1198 temptations,
1174 1127 1300 1182 doth
1320 1129 1472 1178 Satan

145 1204 319 1259 aault
333 1200 523 1257 Chris
540 1198 824 1263 ervants,as
840 1199 902 1247 he
919 1200 1020 1249 did
1031 1197 1134 1249 him
1150 1216 1170 1250 :
1197 1195 1337 1253 what
1347 1195 1472 1246 need

144 1277 267 1324 then
286 1273 412 1323 have
423 1274 545 1336 they
561 1284 615 1318 to
632 1269 767 1320 and
778 1284 918 1333 upon
929 1264 1059 1317 their
1074 1267 1259 1321 watch,
1291 1262 1388 1312 and
1403 1269 1471 1314 to

148 1342 215 1391 et
221 1337 522 1390 themelves
539 1353 678 1401 upon
695 1332 819 1387 their
838 1333 1002 1384 watch
1012 1346 1172 1382 tower
1202 1329 1318 1381 lea
1350 1330 1469 1397 they

148 1408 212 1460 be
226 1404 436 1458 catched
448 1405 508 1466 by
528 1402 663 1452 thee
674 1401 816 1462 baits,
855 1402 955 1454 and
976 1399 1030 1446 o
1045 1399 1104 1450 be
1118 1412 1388 1452 overcome
1397 1397 1472 1462 by

153 1560 334 1591 armour
529 1540 629 1587 that
636 1558 688 1602 ye
700 1555 794 1602 may
815 1538 864 1584 be
880 1536 975 1584 able
1195 1530 1368 1599 again
1402 1533 1474 1580 the
412 1540 512 1590 God
351 1542 412 1608 of
1032 1535 1184 1601 and
990 1550 1036 1585 to

149 1476 287 1527 him?
333 1467 725 1542 therefore,aith
738 1469 820 1519 the
835 1468 1136 1532 Apole,put
1154 1487 1210 1516 on
1243 1465 1317 1516 the
1337 1465 1474 1515 whole

156 1612 279 1658 wiles
299 1612 359 1674 of
365 1607 439 1658 the
991 1606 1134 1652 above
1399 1599 1477 1648 the
777 1601 956 1668 again,
667 1603 767 1654 and
1212 1601 1375 1663 taking
1146 1604 1205 1651 all
454 1607 582 1656 devil
602 1647 619 1671 ,

142 1676 289 1740 hield
314 1676 373 1739 of
384 1673 513 1740 faith
533 1710 547 1729 ,
870 1689 925 1734 ye
935 1670 1055 1733 hall
1071 1670 1123 1718 be
1134 1668 1235 1718 able
1239 1679 1291 1715 to
1299 1665 1480 1733 quench
596 1670 848 1722 wherewith

156 1741 219 1793 all
431 1740 561 1788 darts
744 1736 930 1794 wicked.
1003 1736 1160 1788 What
1190 1734 1317 1785 need
1346 1733 1475 1782 have
228 1742 299 1792 the
300 1745 415 1808 ery
574 1740 641 1805 of
645 1740 717 1787 the

157 1810 277 1873 they
293 1811 412 1859 then
430 1822 484 1857 to
505 1822 625 1872 pray
645 1803 843 1856 alwaies
857 1846 873 1868 ,
928 1802 1183 1868 watching
1210 1802 1476 1853 thereunto

161 1875 286 1928 with
316 1877 381 1927 all
418 1873 786 1941 pereverance;
821 1870 986 1938 eeing
1012 1871 1130 1938 they
1158 1872 1277 1920 have
1294 1883 1348 1918 to
1363 1866 1474 1919 deal

158 1944 288 1998 with
322 1943 378 1994 o
403 1954 583 2010 potent
606 1960 675 1993 an
704 1939 991 2008 adverary,
1020 1938 1188 1990 which
1213 1932 1481 1987 otherwie

160 2032 276 2080 may
291 2027 557 2065 overcome
571 2009 737 2061 them?
751 2010 881 2059 what
892 2008 1016 2057 need
1035 2010 1162 2059 have
1170 2006 1251 2056 the
1265 2004 1476 2055 ervants

160 2078 222 2129 of
230 2079 398 2133 Chri
411 2094 469 2128 to
479 2077 645 2128 watch
659 2094 777 2128 over
790 2075 914 2126 their
933 2075 1099 2125 words
1129 2073 1228 2125 and
1255 2068 1479 2121 conder

161 2150 296 2198 what
315 2149 437 2215 they
449 2143 615 2211 peak,
652 2143 811 2210 eeing
835 2143 949 2191 evill
982 2147 1367 2191 communication
1381 2154 1475 2186 cor

161 2227 292 2280 rupts
313 2216 433 2279 good
464 2228 675 2263 manners
692 2247 707 2267 ,
756 2210 849 2260 and
873 2207 1043 2276 eeing
1069 2204 1293 2258 likewie
1305 2206 1421 2256 that
1431 2202 1483 2255 he

814 2415 865 2466 H
902 2430 928 2464 2

1412 2402 1492 2456 his

1564 409 1742 470 15.19.
1479 410 1560 471 Joh

1497 1462 1599 1507 Heb.
1621 1475 1658 1506 2.
1682 1472 1721 1509 1.

1502 1579 1647 1636 Eph.6.
1678 1592 1747 1626 11.

1500 1644 1649 1685 16.18.

1506 2147 1526 2178 1
1543 2133 1641 2177 Cor.
1663 2150 1730 2190 15.

1513 2210 1583 2249 33.

1506 2254 1617 2315 Jam.
1635 2265 1674 2296 2.
1692 2256 1761 2299 26.

1512 2349 1605 2396 Pa.
1615 2362 1760 2408 144.3.

1478 532 1727 587 Pro.14.20.
