2082 2773
1064 0 48 24 een
1112 0 151 2 prSE
1304 0 10 1 =

1107 19 105 7 a

469 148 219 106 falling
693 149 168 106 from
877 151 230 84 Grace.
1596 198 89 80 20

151 271 128 53 from
296 267 132 57 their
445 272 94 52 old
552 272 110 71 fins,
670 279 99 52 and
780 276 54 55 fo
844 277 212 57 become
1068 282 390 71 unfruitfullmen
1485 311 162 50 2Pet,1.
1692 331 30 43 9

152 340 109 51 that
308 355 82 36 are
442 339 144 52 blind
632 345 99 50 and
781 364 183 36 cannot
1008 349 76 55 fee
1118 372 20 43 3
1208 352 92 52 but
1340 374 117 34 men
1482 347 196 76 Pgl+.2,
1670 344 70 93 3.

150 408 107 50 that
270 407 125 52 have
405 407 129 53 their
548 409 197 70 delight
764 412 47 54 in
827 416 87 50 the
913 403 103 94 law
1042 419 150 52 ofthe
1208 422 136 52 Lord
1356 423 102 62 and
1479 431 188 62 Jol,r.8.

152 473 54 54 in
219 474 38 52 it
268 476 69 50 do
348 475 240 54 meditate
599 477 97 69 day
708 484 96 49 and
817 483 164 71 night,
996 487 106 52 will
1117 486 63 53 be
1202 488 215 54 truitfull
1431 495 160 45 Pfal.
1640 509 105 43 119,

154 541 128 56 This
297 542 140 54 book
453 544 54 50 of
518 545 83 51 the
618 550 119 49 Law
752 548 112 54 thali
877 568 93 48 not
985 557 174 65 depart
1172 560 167 49 outof
1359 563 95 62 thy
1484 569 266 52 1-2-3-2.17,

153 614 197 59 mouth,
368 610 89 52 but
472 615 128 49 thou
624 614 115 52 hall
762 618 237 55 meditate
1024 623 191 53 therein
1230 626 102 66 day
1356 625 101 53 and
1478 616 207 62 Jet.17-8.

151 682 168 67 night,
351 681 114 48 that
479 680 123 53 thou
615 685 181 65 mayeft
819 686 354 56 obfervetodo
1197 693 63 51 all
1284 692 111 54 that
1423 693 40 51 is

151 748 204 55 written
366 746 228 68 therein,
629 748 83 67 for
722 754 148 62 then,
907 752 239 58 ifthoufo
1159 757 161 71 doeft,
1330 763 132 50 thou

153 816 124 54 fhale
288 812 254 69 makethy
560 833 110 50 way
701 820 322 72 profperous,
1068 825 100 51 and
1193 827 117 51 then
1339 830 127 50 thou

154 885 119 52 fhalt
290 880 126 53 have
426 881 138 69 good
581 883 221 74 fucceffe,
835 890 101 52 but
950 889 42 53 if
1001 890 265 56 otherwife
1278 893 75 54 fee
1377 897 89 68 1/4.

155 966 199 50 1.19520.

224 966 120 124 Rhus
380 1015 150 56 isthis
553 1023 268 65 Argument
834 1026 229 68 weighed
1076 1024 53 55 in
1145 1029 85 51 the
1241 1029 98 53 ball
1347 1049 120 34 ance

159 1082 401 70 alfo,andfound
579 1087 290 71 toolight.
964 1112 2 2 =

226 1150 401 59 Thethirteenth
641 1160 272 65 Argument
927 1160 41 53 is
981 1159 151 54 ftated
1155 1180 142 51 upon
1321 1162 139 54 thefe
1555 1176 193 59 -4rg.13,

157 1220 191 69 words,
377 1219 87 55 The
480 1230 132 62 gifts
644 1229 97 48 and
763 1227 159 69 calling
942 1235 56 55 of
1015 1231 105 49 God
1129 1233 128 64 being
1268 1232 194 51 without

164 1300 260 57 repentance
434 1296 130 56 Rom,
578 1294 347 69 11.29.therfore
934 1296 98 68 they
1042 1313 168 41 cannot
1223 1299 148 64 totally
1383 1317 86 33 nor

146 1356 162 68 finally
313 1357 222 70 fallJohn
556 1378 155 52 5.24.1
729 1361 116 73 John
865 1382 126 46 2.19.
1017 1383 25 33 2
1061 1365 120 71 John
1203 1385 43 36 2.
1262 1386 54 30 v-

232 1425 115 54 The
360 1424 310 69 propofition
685 1432 26 48 I
726 1436 161 64 grant,
899 1431 104 52 viz.
1017 1436 89 49 the
1123 1435 344 68 giftsandcal-
1557 1421 146 57 4”/”.

157 1492 125 69 lings
294 1493 63 51 of
361 1493 128 52 God
503 1511 84 33 are
601 1498 210 51 without
834 1516 343 51 repentance:
1193 1504 108 50 but
1329 1508 138 48 what

157 1561 128 50 doth
298 1561 98 50 this
413 1575 160 51 prove
585 1564 111 50 that
708 1564 237 54 believers
957 1583 187 36 cannot
1175 1568 88 51 fall
1287 1573 178 64 totally

157 1642 91 36 nor
262 1626 206 69 finally?
504 1643 89 52 no,
604 1631 85 50 the
703 1631 203 66 Apoftle
920 1632 167 67 brings
1104 1633 41 52 it
1160 1633 81 52 for
1266 1638 208 52 another

158 1693 129 68 end,
320 1703 109 42 viz.
467 1705 55 37 to
540 1698 271 62 provethat
825 1699 120 53 God
973 1701 84 52 wil
1074 1698 221 70 perform
1321 1722 148 35 cove-

158 1777 119 36 nant
292 1761 122 52 with
425 1761 23 48 I
458 1758 139 64 frael.
946 1775 3 1 |
1489 1815 39 45 Rom

226 1834 96 49 But
340 1829 85 51 left
449 1827 101 52 this
563 1830 177 55 fhould
752 1847 85 37 not
848 1835 71 51 do
933 1832 60 69 it,
1019 1848 102 53 you
1148 1840 159 68 allege
1333 1840 136 53 three
1475 1823 158 89 “0!
1647 1823 81 89 1-75

508 1895 24 25 .
1495 1882 74 48 265
1585 1893 68 46 27,
1673 1884 79 47 285,

155 1898 164 67 places
339 1897 59 52 of
419 1900 249 65 Scripture
692 1915 56 38 to
772 1919 154 50 prove
949 1919 127 52 your
1088 1906 307 55 conclufion:
1444 1912 23 49 I
1509 1905 41 96 9.

157 1965 119 52 fhall
292 1964 220 53 therfore
520 1967 231 53 examine
762 1971 129 50 them
904 1968 52 53 in
972 1971 148 58 order
1132 1976 98 51 and
1244 1975 78 52 fee
1333 1976 132 52 whe-

135 2037 131 47 ‘ther
295 2034 122 66 they
445 2049 83 36 are
552 2033 67 68 of
631 2035 109 52 that
766 2036 184 69 weight
975 2048 55 41 to
1052 2041 97 58 this
1177 2044 286 67 thingasto

158 2117 230 51 proveit.
401 2095 101 85 The
519 2099 100 53 firft
631 2104 190 65 placeis
831 2105 101 69 Job.
955 2121 44 47 5.
1024 2123 78 53 24.
1117 2111 84 51 the
1219 2113 250 49 wordsare

160 2165 155 70 thefe,
328 2171 161 61 Verily
507 2211 16 25 ,
556 2173 181 68 Verily,
751 2184 28 39 1
779 2172 87 71 fay
881 2184 111 39 unto
999 2194 88 48 you
1101 2177 50 51 he
1168 2176 107 53 that
1286 2177 188 60 heareth

159 2255 70 46 my
242 2236 129 50 word
379 2248 112 53 ana
497 2238 222 51 believeth
734 2259 53 31 on
802 2241 96 53 hine
910 2240 101 51 that
1011 2242 112 66 fent
1139 2265 68 30 we
1221 2246 110 61 bath
1344 2263 126 32 cver-

159 2301 163 68 lafting
333 2300 98 70 life,
452 2305 96 51 and
545 2305 120 65 fhall
671 2320 81 38 not
772 2329 115 33 cose
897 2315 100 44 into
1010 2313 308 61 coudeneation
1334 2313 78 49 but
1425 2320 43 43 is

155 2370 150 67 paffed
306 2366 129 81 frou
453 2366 151 81 death
625 2389 48 38 to
695 2374 116 69 life:
864 2377 133 51 what
1028 2378 131 59 doth
1185 2378 100 51 this
1311 2376 152 124 prove

1360 2460 113 37 that
