2092 2773
316 115 351 109 ‘falling
679 109 175 114 from
863 105 250 92 Grace.

140 243 117 54 hear
271 238 287 71 conftantly
570 280 16 25 ,
620 256 94 54 yea
733 231 121 60 foto
865 240 115 53 hear
993 258 51 36 as
1062 236 144 56 todo
1227 234 136 56 what
1376 235 89 52 the

140 314 84 53 the
236 308 108 55 will
357 306 61 78 of
427 307 207 54 Godis:
669 307 81 52 for
770 309 262 52 otherwies
1061 325 79 36 we
1156 307 203 51 deceive
1371 320 93 35 our

138 378 150 52 felves
306 398 19 43 3
358 390 42 38 it
414 390 145 39 isnot
571 376 89 51 the
674 376 171 52 hearer
863 378 64 49 of
934 379 85 50 the
1031 378 96 50 law
1144 373 162 54 which
1322 387 42 36 Is
1381 373 86 66 ju-

1487 271 110 72 Jam.
1616 288 41 33 I.
1685 287 68 34 22,

105 445 235 70 ftifyed,
375 443 348 66 butthedoer,
760 445 246 59 therefore
1023 443 124 52 faith
1170 440 173 57 Chrift
1363 482 16 25 ,
1405 441 65 48 he
1492 453 123 42 Rom.
1632 463 125 32 2.12.

137 515 104 51 that
255 514 207 51 heareth
478 509 336 70 thefefayings
829 505 67 57 of
901 512 135 52 mine
1051 512 100 50 and
1168 509 122 53 doth
1311 508 162 56 them,

138 586 23 48 T
179 580 104 54 will
300 578 134 54 liken
448 581 108 50 him
577 593 102 37 toa
695 580 228 51 witeman
942 583 97 55 &c.
1059 581 91 49 but
1165 579 39 51 it
1226 596 81 35 we
1322 571 154 54 refufe
1497 580 235 59 Mat.7.24.

82 702 4 3 _
140 650 216 55 tohear,
394 648 119 53 God
525 645 277 53 willfenda
830 647 216 66 famine,
1093 662 96 36 not
1216 665 28 32 a
1285 640 193 54 faminc

140 715 60 53 of
208 715 153 58 bread
375 733 94 33 nor
482 715 58 50 of
551 712 178 63 thirft,
770 712 84 52 but
867 715 62 49 of
935 714 211 69 hearing
1160 715 87 62 the
1262 710 137 53 word
1425 727 33 33 o

142 786 88 51 the
246 784 157 52 Lord:
418 783 119 52 how
546 781 132 52 doth
696 782 38 51 it
747 784 119 50 then
879 781 198 52 behove
1094 787 89 46 the
1195 781 216 51 fervants
1424 775 66 53 of

142 851 309 55 Chrifttobe
478 849 217 68 diligent
723 852 188 49 hearers
941 852 56 49 of
1018 851 83 50 the
1116 849 146 51 word
1277 846 203 53 inthefe
1501 875 125 42 aucs
1647 874 113 46 gry.

142 918 135 52 daies
288 914 60 55 of
361 921 194 65 plenty,
591 916 102 50 and
716 917 199 52 towalk
933 917 303 65 thankfully
1263 913 216 51 towards

143 986 118 54 God
279 984 54 53 in
348 986 64 52 all
428 984 117 53 well
561 980 240 73 pleafing,
843 982 120 53 leaft
981 985 65 50 he
1062 984 175 51 thould
1265 979 213 70 deprive

143 1054 136 53 them
294 1052 301 69 offogreat,
628 1049 221 55 richand
900 1049 340 70 unfpeakable
1269 1069 28 32 a
1344 1063 132 37 mer-

145 1127 88 47 cy?

214 1192 47 50 It
276 1187 229 69 obligeth
520 1188 98 53 and
633 1187 322 69 incourageth
975 1189 86 51 the
1073 1182 286 60 fervantsof
1387 1182 91 52 the
1540 1173 85 58 U/¢
1641 1186 71 34 10

143 1258 134 56 Lord
294 1273 56 36 to
366 1256 150 52 fuffer
525 1255 317 69 perfecution
872 1258 285 66 conftantly
1181 1257 81 49 for
1291 1253 85 53 the
1400 1265 75 36 te-

146 1325 218 67 {timony
374 1323 58 52 of
444 1324 275 64 Chrift,they
764 1322 241 69 knowing
1021 1325 105 50 that
1144 1324 166 67 ifthey
1326 1318 149 52 fuffer
1504 1321 254 46 2Tim.2.12,

144 1396 117 66 they
275 1392 121 51 fhall
415 1391 62 51 be
490 1389 239 72 glorifyed
757 1387 121 54 with
897 1390 156 67 him,
1079 1392 92 51 but
1188 1390 172 65 ifthey
1378 1387 93 51 de-

145 1482 66 50 ny
222 1458 192 65 himshe
426 1458 526 69 willalfodenythem,
1000 1457 273 54 thisisthat
1301 1454 168 55 which

145 1533 90 50 the
252 1529 144 52 word
414 1529 55 52 of
484 1529 118 52 God
615 1527 129 51 doth
759 1527 148 51 much
925 1525 145 54 mind
1083 1528 140 65 usof,
1239 1534 102 44 viz.
1361 1527 110 50 that

145 1600 117 63 they
278 1595 131 51 muft
428 1594 151 53 fuffer
597 1592 305 68 perfecution
929 1631 15 23 ,
1007 1597 103 64 fear
1131 1609 115 34 none
1285 1595 61 63 of
1351 1589 118 67 thefe
1496 1631 41 43 ,
1699 1647 16 11 ;

147 1663 157 65 things
320 1663 149 52 which
482 1663 106 56 thon
589 1663 121 66 fhalt
714 1660 144 70 fuffer
874 1702 18 25 ,
925 1660 161 52 bebold
1100 1659 73 52 the
1197 1660 146 52 devill
1357 1656 118 68 foall
1537 1645 184 34 “V1

144 1730 92 68 caft
233 1730 131 68 forse
379 1733 62 64 of
434 1750 87 49 you
537 1737 100 43 into
647 1729 167 69 prifon,
852 1728 101 52 that
960 1747 59 47 ye
1029 1747 98 50 may
1146 1728 52 50 be
1211 1733 153 63 tryed,
1380 1724 97 52 and

142 1820 52 49 ye
212 1799 118 66 foall
351 1797 114 53 have
491 1799 275 50 tribulation
789 1807 75 42 ten
882 1797 127 51 daies
1027 1833 16 24 ,
1076 1799 51 48 be
1140 1797 111 50 thou
1259 1793 219 71 faithfull

145 1865 273 60 untodeath,
453 1866 96 50 and
558 1875 28 41 I
603 1863 96 52 will
700 1873 105 58 give
818 1863 96 52 thee
929 1883 25 29 a
972 1873 158 42 Crown
1149 1866 62 64 of
1215 1863 104 67 life.
1359 1863 117 52 The

145 1933 135 55 Lord,
288 1932 133 67 here
438 1932 177 69 givesa
632 1934 221 67 gracious
871 1944 458 54 encouragement,
1370 1928 107 52 fear

148 2016 112 54 not,
286 2000 122 53 faith
426 2003 95 65 he,
571 2017 137 35 none
734 1999 61 53 of
807 1997 141 55 thefe
973 1999 171 67 things
1176 1998 160 51 which
1349 1998 135 50 thou

147 2066 281 57 fhalt{uffer
446 2111 17 25 ,
498 2086 52 35 as
563 2066 137 55 ifthe
715 2068 125 54 Lord
858 2067 181 53 fhould
1052 2066 99 68 fay,
1164 2064 151 55 fuffer
1345 2065 125 52 thou

148 2139 160 61 muft,
346 2138 90 53 but
450 2138 63 51 be
530 2137 130 53 thon
673 2136 216 54 faithful!
905 2151 129 38 unto
1048 2134 267 65 death,and
1305 2129 27 77 I
1371 2133 102 51 will

150 2205 117 71 give
284 2206 113 57 thee
411 2226 27 32 a
455 2209 189 52 Crown
656 2204 167 69 oflife,
858 2206 126 51 thou
1003 2203 124 54 fhalt
1140 2203 63 52 be
1218 2201 257 56 rewarded

150 2273 125 54 with
290 2294 27 32 a
331 2272 238 56 fufficient
582 2289 319 53 recompence
915 2315 23 26 ,
958 2273 81 67 for
1055 2290 79 33 our
1147 2269 118 66 light
1290 2270 185 69 affiscdi-

151 2360 88 52 en,
254 2341 287 58 which
394 2333 58 85 is
451 2341 86 58 but
552 2343 116 71 fora
684 2356 193 43 moment
889 2382 20 29 ,
947 2337 200 64 worketh
1158 2341 82 67 for
1265 2358 57 34 us
1339 2357 28 29 a
1390 2343 96 59 far:

782 2460 3 6 |
1032 2430 2 2 |
1353 2422 133 35 mtovre:

1459 708 25 51 ¢
1500 686 110 44 Luke
1625 690 40 42 6.
1683 700 76 48 47.
