1959 2773
841 108 76 77 A
950 100 307 106 Treatife
1276 103 305 109 touching

564 237 164 65 faith,
761 234 84 65 (as
867 235 123 59 hath
1002 233 127 53 been
1159 230 199 57 fhewed
1382 234 139 52 fome
1516 226 97 82 do
1638 238 29 66 )
1705 254 83 36 are
1807 246 91 44 not

562 309 126 65 kept
714 309 64 62 by
807 303 89 49 the
922 316 176 56 power
1122 299 66 53 of
1213 301 123 54 God
1349 303 109 61 (for
1470 317 129 39 unto
1616 321 56 35 us
1693 322 102 40 was
1813 308 87 51 the

566 374 145 59 word
730 370 244 70 preached
987 389 49 33 as
1056 371 111 51 well
1180 386 50 34 as
1242 370 396 66 unto¢hemsbut
1652 375 88 51 the
1756 377 141 51 word

562 438 370 73 preached,did
965 453 93 38 not
1092 437 156 72 profit
1274 439 156 67 them,
1457 454 88 38 not
1565 440 151 72 being
1727 443 171 64 mixed

567 510 126 53 with
713 508 128 58 faith
857 506 52 53 in
926 509 141 58 them
1056 502 127 80 that
1201 502 143 80 heard
1375 506 40 52 it
1430 512 167 66 Heb.
1543 502 67 80 4,
1620 511 192 63 2.jand
1845 515 52 47 fo

567 578 137 53 conf
716 580 214 66 quently
952 577 123 67 they
1090 595 116 49 may
1222 576 84 51 fall
1325 578 127 50 from
1473 577 84 53 the
1576 595 145 51 grace
1728 571 86 79 of
1823 597 70 34 u-

563 646 122 61 nion
702 644 124 53 with
842 645 86 51 the
941 643 358 72 LordJefus,
1228 638 56 82 by
1313 643 234 70 difpifing
1561 648 88 50 the
1668 647 230 69 growing

569 714 142 53 word
724 711 357 56 1Pe,2.2.which
1098 714 41 51 is
1156 712 86 52 the
1257 728 177 52 power
1443 714 196 57 ofGod,
1649 712 68 71 by
1730 715 169 53 which

568 786 63 49 he
644 782 217 69 keepeth
880 799 113 34 men
1008 780 223 70 through
1243 776 131 56 faith
1389 796 55 37 to
1462 781 250 55 falvation
1729 785 95 52 &c.

635 852 117 54 The
766 851 139 52 third
918 855 285 61 Argument
1229 849 289 54 followeth.

638 925 124 61 Arg.
778 934 40 51 3.
835 921 87 49 lhe
918 920 132 66 fame
1058 918 183 68 perfons
1261 919 100 49 that
1374 939 80 31 are
1464 916 344 70 predeftinated,
1822 918 74 53 the

558 979 123 79 (ame
693 1007 75 31 are
783 986 140 53 called
936 1024 17 25 ,
989 983 98 71 they
1101 988 102 49 that
1216 1004 76 32 ave
1309 988 169 52 called,
1517 991 76 46 the
1589 985 132 70 fame
1734 1005 74 32 are
1810 992 84 65 ju-

561 1056 182 71 Hified,
779 1054 75 53 the
853 1055 132 69 fame
997 1052 102 54 that
1112 1074 78 31 are
1194 1055 222 68 justified
1430 1054 76 52 the
1505 1054 129 70 fame
1647 1073 78 34 ave
1750 1056 146 64 glori-
1905 1048 43 83 —

549 1125 115 67 fied,
682 1122 218 69 therefore
910 1125 145 52 called
1064 1123 182 68 perfous
1273 1136 167 40 cannot
1457 1126 93 66 fall
1572 1142 126 47 away
1720 1122 173 70 becanfe

561 1191 99 68 they
662 1192 119 68 fhall
792 1193 50 49 be
849 1192 246 68 glorifyed.
1607 1212 3 2 |

629 1262 93 53 Let
738 1277 52 44 ug
803 1260 131 66 firft(
947 1261 79 51 for
1041 1259 188 54 anfwer
1248 1272 59 38 to
1323 1259 101 54 this
1444 1258 314 72 Argument)
1769 1277 122 34 con-

563 1326 125 54 fider
699 1329 86 50 the
798 1342 110 37 text
922 1322 124 80 with
1050 1330 101 65 the
1168 1327 270 54 coherence
1449 1340 130 42 Rom.
1610 1331 50 48 8.
1701 1345 78 48 30.
1833 1328 55 70 in

560 1397 90 49 the
665 1409 189 56 twenty
867 1394 148 67 ninth
1030 1395 158 67 verfe,
1220 1395 87 52 the
1328 1396 144 68 {piris
1504 1393 63 53 of
1585 1396 119 50 God
1734 1394 156 60 faith,

559 1463 175 52 whom
751 1463 65 51 he
826 1464 91 51 did
936 1463 266 53 foreknow
1226 1462 64 54 he
1311 1464 91 53 did
1433 1463 100 53 alfu
1564 1463 328 68 predeftinate

558 1543 58 38 to
631 1531 374 53 beconformed
1017 1547 55 38 to
1088 1532 83 52 the
1185 1529 164 73 image
1362 1531 63 52 of
1430 1534 76 50 his
1522 1537 99 48 Son
1640 1533 98 51 &c.

626 1598 246 54 Wherein
886 1599 116 53 take
1013 1600 172 53 notice
1200 1600 65 49 of
1268 1615 64 36 tw
1345 1602 232 68 othings,

626 1669 125 52 Firft
764 1667 587 71 Godsforeknowledge,

620 1738 266 69 Secondly,
899 1738 137 57 what
1058 1739 122 68 they
1210 1741 115 53 that
1350 1755 82 36 are
1464 1736 300 55 foreknown
1811 1753 83 35 are

548 1805 368 71 predeftinated
928 1822 145 37 unto.
1501 1835 2 2 ,

617 1878 93 49 Let
737 1893 56 34 us
821 1874 232 59 examine
1082 1873 226 53 whether
1338 1874 119 51 God
1486 1873 131 53 doth
1647 1889 94 38 not
1758 1873 133 52 fore-

548 1941 160 51 know
721 1944 67 51 all
803 1960 153 48 men,
988 1940 214 72 yeafure
1216 1958 70 33 no
1305 1950 114 43 man
1440 1959 171 34 norno
1627 1942 149 69 thing
1803 1961 91 32 can

545 2010 64 68 be
622 2009 93 52 hid
734 2012 135 56 from
882 2009 78 54 his
974 2026 149 52 eyes:
1162 2009 119 51 fhall
1298 2025 76 34 we
1388 2011 247 51 conclude
1649 2012 121 50 then
1787 2011 107 50 that
1916 2031 6 13 :

543 2078 64 55 all
620 2093 116 38 men
751 2086 85 49 are
843 2073 489 73 predeftinated,no,
1369 2077 390 55 butratherthat
1774 2080 120 54 God

549 2146 89 56 did
652 2143 273 64 foreknow
935 2146 139 68 fome
1086 2163 116 35 men
1216 2145 52 54 in
1282 2144 198 58 Chrift,
1497 2147 69 71 by
1590 2152 61 47 or
1675 2148 219 69 through

544 2214 161 65 faith,
742 2215 101 54 and
866 2215 318 66 obedience,
1234 2224 125 45 1Pet.
1388 2231 34 38 1.
1448 2233 43 36 2.
1523 2232 42 38 2,
1598 2217 138 70 Theff,
1750 2236 141 37 2.12.

552 2282 314 71 Eph,1.4.and
881 2285 137 60 thefe
1034 2284 109 52 that
1156 2300 82 35 are
1249 2282 57 51 fo
1316 2282 191 55 known
1519 2303 60 35 or
1592 2285 302 55 foreknown

549 2352 66 53 in.
622 2345 156 93 Chrift
797 2352 68 72 by
885 2353 278 70 believing,
1181 2354 62 54 he
1257 2353 128 53 doth
1399 2354 317 72 approveof,
1753 2361 76 46 tor
1843 2355 52 79 fo

968 2449 13 8 “
1212 2465 6 9 ‘
1856 2440 42 37 1s
