2038 2773
777 590 824 639 A

111 674 1422 786 TREATISE

548 811 961 859 TOUCHING

436 900 690 1006 Falling
700 905 860 1003 from
878 899 1112 977 Grace.

696 1053 833 1104 OR

118 1154 318 1206 Thirteen
348 1156 616 1214 Arguments
645 1142 832 1207 tending
847 1151 898 1190 to
919 1154 1058 1207 prove
1083 1140 1184 1192 that
1208 1144 1433 1195 Believers

208 1229 348 1261 cannot
365 1215 443 1272 fall
458 1214 565 1272 from
578 1217 726 1260 Grace,
748 1208 982 1253 Examined
1001 1207 1083 1250 and
1105 1210 1341 1264 Anwered.

122 1352 417 1678 T

420 1345 500 1397 He
534 1336 790 1395 Potion:
826 1336 943 1386 That
1000 1332 1210 1404 Juied
1254 1335 1434 1401 perons

458 1419 623 1460 cannot
637 1406 785 1472 totally
811 1422 897 1454 nor
904 1402 1186 1477 nally,fall
1218 1407 1339 1471 from
1363 1404 1441 1455 the

454 1495 586 1544 grace
595 1475 643 1542 of
654 1480 813 1524 Vnion
824 1475 937 1525 with
952 1473 1026 1524 the
1043 1472 1167 1522 Lord
1185 1472 1328 1540 Jeus.

532 1542 646 1593 The
658 1539 754 1590 r
766 1544 1046 1604 Argument
1059 1538 1102 1589 is
1125 1539 1295 1590 drawn
1309 1537 1444 1588 from

453 1609 680 1661 Matthew
698 1625 770 1674 24.
807 1625 886 1670 24.
922 1609 1060 1659 thus.

192 1685 248 1747 If
253 1698 341 1744 any
356 1678 489 1728 could
825 1674 898 1722 the
920 1675 1058 1739 Ele,
1107 1681 1149 1723 it
1164 1678 1210 1720 is
1233 1672 1321 1732 like
1346 1669 1444 1735 they
506 1677 685 1743 prevail
689 1691 803 1740 upon

126 1748 269 1814 might
476 1740 687 1808 Prophets
699 1742 797 1793 that
808 1740 953 1805 might
975 1743 1034 1792 do
1049 1749 1105 1792 it.
340 1745 459 1814 fale
286 1747 335 1797 be

192 1825 278 1866 But
290 1814 386 1879 they
401 1823 567 1862 cannot
584 1809 744 1876 educe
759 1809 898 1859 them.

191 1881 422 1941 Therefore
431 1875 659 1944 muchlee
684 1896 765 1927 can
782 1893 866 1942 any
896 1878 1048 1945 totally
1062 1877 1190 1928 draw
1202 1873 1341 1924 them.

194 1953 396 2017 Anwer.
439 1944 564 1997 Fir
576 1943 792 1995 conder
801 1945 911 1995 that
923 1945 1007 1996 the
1020 1944 1157 1996 Lord
1171 1939 1304 2010 Jeus
1316 1939 1446 1992 doth

129 2015 275 2084 peak
291 2014 342 2066 in
360 2015 447 2067 the
461 2013 648 2063 former
663 2025 768 2077 part
780 2010 836 2059 of
846 2010 949 2062 this
956 2014 1164 2079 chapter
1191 2008 1446 2075 (Matthew

135 2289 275 2340 them
293 2288 318 2355 (
332 2303 382 2338 as
396 2303 458 2337 an
477 2281 819 2335 introduion
833 2298 962 2335 unto
988 2284 1066 2336 his
1088 2278 1275 2334 anwer
1283 2282 1311 2344 )
1351 2276 1455 2328 this

133 2103 209 2150 24.
229 2083 355 2149 24.)
392 2079 645 2146 touching
656 2081 740 2130 the
754 2076 881 2144 gns
892 2079 950 2129 of
977 2079 1055 2131 his
1065 2077 1288 2142 coming,
1305 2075 1346 2125 it
1363 2074 1448 2125 be-

133 2153 220 2219 ing
241 2148 434 2205 dered
456 2147 520 2198 of
536 2146 644 2198 him
669 2145 734 2212 by
765 2144 842 2196 his
858 2146 1101 2215 Diciples
1128 2144 1250 2212 vere
1269 2159 1316 2208 3.
1355 2159 1448 2193 our

132 2221 268 2272 Lord
286 2217 337 2271 in
354 2216 433 2268 his
444 2213 627 2267 anwer
640 2216 670 2277 (
683 2215 765 2265 the
775 2211 1046 2283 beginning
1069 2209 1306 2279 thereof)
1319 2210 1456 2276 gives

814 2354 855 2404 B

1279 2345 1457 2411 charge

1556 110 1590 159 1
