1938 2773
278 176 106 77 44
835 142 71 75 A
922 143 292 96 Treatiſe
1232 140 288 105 toucbing

486 260 190 54 hidden
693 263 217 58 Manna,
946 260 99 50 and
1060 257 102 54 will
1176 256 118 68 give
1310 258 104 50 him
1441 275 29 31 a
1499 257 151 53 uhite
1680 258 160 64 ſtone,

486 331 99 51 and
614 328 51 51 in
697 329 84 49 the
810 327 141 53 ſtone
978 345 28 33 a
1031 343 115 35 new
1176 340 143 35 name
1330 319 211 81 written
1573 324 163 72 which
1770 341 73 34 no

489 415 115 34 man
619 396 270 67 Enoweth,
923 390 171 71 ſaving
1124 394 60 50 he
1209 392 107 51 that
1339 392 254 52 receiveth
1608 397 55 64 it,
1697 410 141 47 v.I.

559 463 121 53 And
723 465 65 49 he
826 465 111 49 that
976 461 384 50 overcommeth
1406 462 99 49 and
1548 462 153 65 keeps
1755 478 85 50 my

228 532 97 42 Rev.
343 542 39 31 2.
401 532 68 40 26.
493 532 167 51 works
669 547 125 34 unto
805 531 86 49 the
900 530 121 67 end,
1036 542 59 37 to
1108 526 105 53 him
1230 526 99 51 will
1349 525 149 70 Igive
1510 543 176 51 power
1708 542 125 37 over

221 604 69 43 27,
316 591 160 54 28.3.5.
492 601 84 50 the
590 600 208 60 nations,
814 596 98 50 and
931 598 63 50 he
1005 596 118 51 mall
1136 594 103 51 rule
1253 594 136 49 them
1405 592 128 53 witñ
1551 614 28 31 a
1596 594 96 52 rod
1709 591 61 54 of
1787 597 49 48 I-

493 685 112 49 ron
608 683 52 34 as
674 685 28 32 a
715 665 143 52 veſſel
875 663 65 50 of
946 681 27 32 a
990 676 168 54 potter
1171 662 253 66 ſnallthey
1456 660 64 51 be
1546 662 197 51 broken
1782 674 56 37 to

499 736 201 55 ſhivers,
755 749 124 34 even
896 747 49 32 as
960 729 262 51 Ireceived
1233 730 58 49 oſ
1299 746 85 48 my
1397 728 173 68 father,
1583 731 98 49 and
1699 729 139 51 Iwili

492 800 117 69 give
636 799 108 52 him
761 800 85 50 the
864 795 234 67 morning
1112 797 108 50 ſtar.

564 866 167 68 Again
743 864 249 66 further,
935 856 63 82 it
1005 863 39 53 is
1056 880 29 35 à
1099 861 268 53 condition
1384 862 66 50 of
1449 860 312 69 happineſſe,
1787 878 53 34 as

223 963 104 48 neb.
345 977 38 43 3.
411 975 72 38 12,
496 935 134 76 theſe
657 934 167 75 places
847 948 200 51 prove:
1078 929 266 78 for
1174 924 69 91 we
1250 929 94 78 are
1362 930 146 50 made
1522 928 250 67 partakers
1788 927 59 51 of

228 1038 71 43 34
310 1020 170 61 Co
501 1000 164 58 Chriſt
683 999 49 52 if
738 1017 75 37 we
824 997 122 54 hold
959 998 85 51 the
1058 997 285 76 beginning
1357 995 66 50 of
1442 1012 96 35 our
1558 994 284 55 confidence

304 1098 74 35 3
409 1095 73 42 23.
502 1069 191 55 ſtedfaſt
710 1081 58 40 to
778 1069 91 52 the
884 1065 113 64 end,
1018 1065 162 55 Chriſt
1196 1065 103 51 will
1311 1061 197 71 preſent
1521 1082 55 34 us
1590 1065 142 66 holy,
1750 1080 91 33 un-

223 1143 80 44 Ro.
333 1155 147 33 11.22.
501 1134 283 59 blameable
814 1135 97 52 and
928 1131 409 66 unreproveable,
1347 1130 41 52 if
1413 1147 81 36 ve
1517 1129 239 54 continue
1789 1132 51 50 in

504 1209 87 50 the
601 1204 158 66 faith,
802 1203 162 52 bebold
973 1200 257 67 (ſaiththe
1246 1197 210 68 Apoſtle
1468 1201 140 61 Paul)
1624 1197 120 53 there
1743 1204 100 62 ſore

504 1274 72 52 the
587 1270 228 69 goodniſſe
826 1268 98 51 and
923 1269 204 69 ſcderitj
1140 1272 55 64 of
1200 1268 142 64 God,
1378 1278 51 38 to
1441 1264 120 51 tbem
1575 1285 55 31 at
1652 1265 87 67 fel
1764 1266 78 67 ſe-

505 1349 182 57 verſty,
726 1339 81 47 bit
827 1337 200 50 tomards
1046 1335 96 50 thee
1152 1334 233 66 goodueſſe
1418 1337 55 56 if
1491 1331 107 51 thou
1627 1344 216 38 conimue

507 1413 52 44 in
576 1408 73 51 hit
658 1403 241 68 goodueſſe,
935 1401 228 65 othermiſe
1174 1401 108 50 thou
1295 1400 93 66 alſo
1387 1399 192 64 ſhalt
1522 1395 68 81 be
1611 1410 75 38 cut
1717 1402 68 70 off

504 1472 175 66 (mark
693 1470 119 54 well)
826 1471 78 64 it
921 1468 116 54 ison
1051 1466 267 54 condition
1336 1464 452 67 ofcontinuance:
1736 1460 49 82 it
1803 1464 40 53 is

510 1541 132 52 ifwe
654 1536 234 54 continue
900 1536 273 52 otherwiſe
1185 1552 76 35 we
1274 1533 100 55 alio
1388 1533 195 53 ſnallbe
1608 1545 85 38 cut
1735 1531 106 64 off,

512 1607 119 57 God
646 1604 102 53 will
765 1604 60 51 be
836 1621 51 35 as
899 1602 165 53 ſevere
1077 1617 56 37 to
1147 1600 120 70 us,
1272 1617 77 36 ifwe
1358 1598 237 55 continue
1593 1594 105 83 not,
1711 1616 56 50 as
1778 1603 64 50 he

510 1694 104 34 was
626 1688 55 36 to
692 1674 156 58 them,
886 1678 121 44 vis.
1037 1668 158 71 Iſrael,
1205 1672 119 52 vho
1336 1669 82 52 fell
1430 1668 131 52 from
1579 1666 123 62 him,
1701 1662 143 82 ther-

511 1742 110 51 fore
634 1740 238 51 believers
887 1737 51 51 in
950 1737 164 54 Chriſt
1124 1756 119 49 may
1255 1739 83 51 fall
1356 1755 159 50 away.

294 1833 220 59 Reaſon.)
587 1808 115 53 The
711 1805 200 52 feventh
926 1805 199 53 Reaſon
1139 1805 60 67 is,
1200 1802 203 70 becauſe
1412 1805 86 50 the
1510 1803 132 68 Lord
1656 1805 186 51 threat-

513 1877 122 51 neth
649 1873 107 54 ſore
766 1871 315 67 puniſhment
1097 1871 52 53 in
1167 1872 103 53 caſe
1289 1873 65 52 of
1368 1866 241 80 non-cout
1619 1891 227 51 inuance,

519 1943 168 51 vhich
701 1941 186 51 itthere
901 1957 129 35 were
1043 1958 69 32 no
1123 1937 117 54 ſuch
1260 1939 148 66 thing
1433 1955 49 34 as
1515 1937 173 67 falling
1708 1938 130 55 from

517 2028 165 53 grace,
719 2008 122 53 hom
852 2005 150 56 could
1015 2005 320 68 puniſhment
1347 2005 69 53 be
1426 2005 301 54 threatnedé
1759 2006 80 53 for

521 2080 168 54 vhere
697 2077 143 53 there
853 2094 89 34 can
956 2073 144 54 beno
1117 2074 197 54 offence
1324 2075 139 52 there
1478 2090 93 36 can
1583 2071 66 53 be
1659 2091 68 34 no
1743 2092 95 51 pu-

521 2145 276 66 niſhment,
832 2142 204 53 becauſe
1077 2144 337 65 puniſhments
1453 2148 85 45 are
1576 2141 263 53 threatned

523 2215 169 48 vhere
703 2205 133 76 there
852 2228 82 33 are
945 2209 215 52 offences
1176 2210 329 65 committed,
1554 2226 58 33 or
1640 2225 52 35 at
1724 2210 117 51 leaſt

519 2298 117 50 may
650 2280 101 58 be:
795 2280 107 49 that
917 2277 339 67 puniſhments
1266 2295 82 33 are
1360 2275 260 54 threatned
1648 2275 50 52 in
1735 2277 105 49 this

522 2347 107 52 caſe
644 2344 221 57 conſider
874 2336 137 84 thefe
1016 2344 195 72 places,
1243 2346 87 52 for
1346 2344 45 57 if
1402 2361 81 38 we
1509 2340 72 54 ſin
1615 2341 78 56 .
1701 2343 96 118 —

1772 2424 72 39 ter
