2038 2773
106 219 46 70 £
171 150 1302 147 YEVVVHVSVVVVOVEIVY
1422 146 55 165 |

66 298 1355 138 eeeeeseseeeees
1464 237 50 75 |

106 441 410 113 SELES
522 431 896 125 IEAELORSGORVA

777 590 48 50 .

111 674 1312 113 TREATISE

382 869 18 7 _-
548 811 414 49 TOUCHING

436 900 255 107 Falling
700 905 161 99 from
878 899 235 79 Grace.

696 1053 138 52 OR

118 1154 201 53 Thirteen
348 1156 269 59 Arguments
645 1142 188 66 tending
847 1151 52 40 to
919 1154 140 54 prove
1083 1140 102 53 that
1208 1144 226 52 Believers

208 1229 141 33 cannot
365 1215 79 58 fall
458 1214 108 59 from
578 1217 149 44 Gracey
748 1208 235 46 Examined
1001 1207 83 44 and
1105 1210 237 55 Anfwered,

136 1364 7 10 ae
250 1348 135 55 egrtex
420 1345 81 53 He
534 1336 257 60 Pofition:
826 1336 118 51 That
1000 1332 211 73 Juftified
1254 1335 181 67 perfons

458 1419 166 42 cannot
637 1406 149 67 totally
811 1422 87 33 nor
904 1402 186 75 finally,
1095 1403 92 75 fall
1218 1407 122 65 frou
1363 1404 79 52 the

454 1475 190 70 graceof
654 1480 160 45 Union
824 1475 114 51 with
952 1473 75 52 the
1043 1472 125 51 Lord
1185 1472 144 69 Jefus.

187 1582 28 12 %
404 1582 8 10 ‘
532 1542 115 52 ~The
658 1539 97 52 firft
766 1544 281 61 Argument
1059 1538 44 52 is
1125 1539 171 52 drawn
1309 1537 136 52 from

147 1632 133 25 Waa
453 1609 228 53 Nfatthew
698 1625 73 50 24.
807 1625 80 46 24.
922 1609 139 51 thus.

192 1685 57 63 Uf
253 1698 89 47 any
356 1678 134 51 could
506 1677 298 67 prevailupon
825 1674 74 49 the
920 1675 139 65 Ele,
1107 1681 43 43 it
1164 1678 47 43 is
1233 1672 89 61 like
1346 1669 99 67 they

126 1748 144 67 might
286 1747 50 51 be
340 1745 120 70 falfe
476 1740 212 69 Prophets
699 1742 99 52 that
808 1740 146 66 might
975 1743 60 50 do
1049 1749 57 44 it.

192 1825 87 42 But
290 1814 97 66 they
401 1823 167 40 cannot
584 1809 161 68 feduce
759 1809 140 51 then.
963 1858 3 2 |

191 1881 232 61 Therefore
431 1875 229 70 muchleffe
684 1896 82 32 can
782 1893 85 50 any
896 1878 153 68 totally
1062 1877 129 52 draw
1202 1873 140 52 then.

42 1986 50 29 |
194 1953 203 65 Anjwer.
439 1944 126 54 Firft
576 1943 217 53 confider
801 1944 111 52 that
923 1945 85 52 the
1020 1944 138 53 Lord
1171 1939 134 72 Jefus
1316 1939 131 54 doth

129 2015 147 70 {peak
291 2014 52 53 in
360 2015 88 53 the
461 2013 188 51 former
663 2025 106 53 part
780 2010 57 50 of
846 2010 319 70 thischapter
1191 2008 256 68 (Afaithew

133 2083 223 68 2424.)
392 2079 254 68 touching
656 2081 85 50 the
754 2076 197 79 fignsof
977 2077 312 66 hiscoming,
1305 2075 42 51 it
1363 2074 86 52 be-

133 2153 88 67 ing
241 2148 194 58 defired
456 2147 65 52 of
536 2146 109 53 him
669 2145 66 68 by
765 2145 78 52 his
858 2146 244 70 Difciples
1128 2144 123 69 verfe
1269 2159 48 50 3.
1355 2159 94 35 our

132 2221 137 52 Lord
286 2217 52 55 in
354 2213 274 56 hisan{wer
640 2216 31 62 (
683 2215 83 51 the
775 2211 272 73 beginning
1069 2209 238 71 thereof
1261 2205 43 85 )
1319 2210 138 67 gives

135 2289 141 52 them
293 2288 166 68 (san
477 2281 343 55 introduction
833 2298 130 38 unto
988 2284 79 53 his
1088 2278 224 67 anfwer
1328 2290 2 6 )'
1351 2276 105 53 this

1279 2345 179 67 charge

197 911 25 8 ~
