2063 2773
476 0 41 34 eS
477 3 264 22 aS
798 8 4 2 ,

433 128 246 109 falling
687 136 165 94 from
865 132 237 85 Grace.
1575 161 90 85 17

211 246 214 80 Anfwer,
456 254 130 49 How
604 251 237 59 littlethis
856 257 110 54 isto
990 261 90 52 the
1139 259 182 73 purpofe
1337 262 121 73 may

113 311 88 88 be
201 316 161 69 eafily
378 315 213 80 {e.n,for
619 337 98 36 cur
746 327 336 54 controverfie
1102 347 45 37 1s
1178 345 94 47 not
1298 334 165 57 about

144 386 335 75 thefountain
496 428 19 26 ,
550 388 221 77 whether
783 393 108 52 that
901 411 120 52 may
1034 397 318 70 bedryed,
1274 382 68 89 or
1365 417 95 35 no:

140 458 90 53 but
245 453 218 54 whether
475 454 240 55 belicvers
728 476 108 55 may
851 476 90 38 not
951 460 71 54 fal
1036 466 278 69 awayfrom
1328 466 135 55 their

139 522 266 66 fountain,
421 522 202 55 unlefic
636 525 44 54 ic
697 526 61 53 be
771 529 282 55 concluded
1068 534 112 51 chat
1196 535 147 68 they.
1354 543 88 44 viz

143 590 234 55 believers
398 589 62 52 be
475 589 88 53 the
573 593 250 63 touatain,
838 596 167 52 which
1015 616 190 37 cannot
1218 602 243 67 begrant-
1479 637 93 45 Ter-2.¢o8
1623 623 110 59 ache:

141 658 60 54 ed
220 659 81 51 for
311 654 216 57 Chriftis
544 659 105 52 that
651 646 231 95 fountain
895 663 97 72 [4]
1007 682 88 53 my
1112 668 201 69 people,
1340 650 284 86 faithizn

140 727 82 53 the
237 725 155 54 Lord,
430 725 131 51 have
583 731 292 51 committed
886 744 111 39 two
1017 733 143 71 evils,
1186 737 118 67 they
1314 738 151 58 ,have

142 793 227 55 forfsken
384 807 81 35 me
477 792 85 50 the
574 795 226 55 fountain
816 798 196 55 ofliving
1064 816 172 54 water,
1246 808 102 48 &c.

207 866 97 50 But
319 859 206 60 thetext
534 861 195 72 alleged
718 855 165 91 faith,
885 855 262 91 Whofocver
1169 868 222 64 drinketh
1415 871 65 67 of
1557 888 64 54 oj
1611 893 51 66 je

143 927 220 56 thewater
387 925 146 52 which
551 939 30 41 I
575 931 117 62 fhall
691 933 209 66 givehize
911 935 119 64 foall
1048 954 138 34 never
1210 937 159 68 thir
1305 921 66 88 ff,
1379 939 82 52 but

143 996 71 53 the
229 1003 142 44 water
387 993 100 54 that
499 1007 31 41 I
528 998 115 64 fhall
651 1009 105 57 give
768 1000 113 72 hint,
888 1005 104 62 hau
995 1007 62 48 be
1076 1016 51 39 1
1140 1005 140 54 hine.a
1292 1010 98 49 well
1408 1011 67 63 of

144 1062 123 75 water
276 1058 140 129 {bein
415 1069 118 61 ging
547 1081 56 51 up
619 1081 113 38 unto
743 1071 274 67 everlasting
1028 1073 97 66 life,

146 1195 3 3 _
243 1130 172 56 Chrift
448 1133 129 51 muft
607 1134 149 53 needs
778 1136 63 52 be
874 1139 302 53 underftood
1208 1137 248 55 tointend
1539 1143 111 69 Ae.

142 1201 115 54 here
277 1196 298 71 continuing
605 1200 265 59 believers,
904 1204 131 54 fuch
1064 1226 51 33 as
1145 1206 312 71 continually

141 1265 146 55 drink
313 1266 52 50 in
394 1267 86 51 the
504 1265 141 70 {pirit
669 1290 23 43 5
736 1269 77 53 for
834 1274 103 62 the
961 1271 169 71 {pring
1157 1274 174 53 arifeth
1356 1289 100 38 not

139 1335 130 52 from
284 1334 169 66 them,
484 1334 94 53 but
603 1335 251 58 fhallbein
869 1339 139 55 them
1022 1342 178 67 (being
1225 1339 230 57 received

141 1402 243 69 bythem)
418 1400 241 55 believers
703 1423 78 35 are
799 1408 156 67 wells,
978 1410 91 50 but
1097 1408 114 54 fuch
1243 1411 138 51 wells
1402 1416 54 45 as
2026 1418 35 54 i;

142 1486 110 50 may
272 1466 64 51 be
350 1469 93 65 dry
461 1469 48 51 if
516 1470 121 67 they
653 1472 340 54 continuenot
1007 1474 260 69 drinking,
1321 1477 133 50 ther-
2009 1425 23 112 |

140 1537 103 50 fore
255 1533 161 56 Chrift
431 1532 150 72 faith,
614 1539 244 68 whofcever
870 1541 219 63 drinketh
1114 1547 62 61 of
1189 1543 95 51 this
1316 1541 142 65 water

141 1605 99 50 that
259 1604 141 63 Ifball
405 1609 105 59 give
527 1604 98 51 him
630 1608 121 64 fhall
762 1610 138 49 never
916 1608 134 71 thirft
1063 1612 97 51 &c.
1197 1610 90 51 the
1309 1612 145 64 Apo-

143 1672 82 50 {tle
248 1680 25 35 7
273 1679 94 42 eter
379 1669 232 68 fpeaketh
624 1675 60 48 of
696 1675 132 58 fome
842 1676 93 70 [6]
956 1679 93 50 who
1062 1696 76 30 are
1161 1681 125 48 wells
1311 1678 143 50 wiih-
1474 1688 19 26 2
1508 1680 81 45 Per,
1604 1690 36 27 2.
1668 1691 56 34 17.

143 1751 71 39 out
226 1748 158 56 water,
400 1739 157 49 clouds
573 1738 102 50 that
686 1760 71 31 are
769 1748 176 46 carried
963 1744 112 52 with
1090 1744 257 66 atempeft:
1400 1743 59 52 {o-

142 1806 119 53 doth
274 1804 115 68 Fade
403 1804 53 51 in
473 1804 77 53 his
570 1805 185 70 Epiftle
767 1828 47 32 v.
837 1826 67 36 12.
919 1812 186 53 Clouds.
1121 1809 123 69 faith
1260 1800 81 82 he,
1345 1800 112 82 that

140 1890 77 35 are
227 1870 190 55 without
431 1874 140 50 water
585 1876 176 55 carried
769 1876 135 67 about
915 1880 53 63 of
979 1877 173 67 winds,
1187 1878 113 52 trees
1308 1877 147 68 whofe

130 1946 123 64 fruit
270 1937 249 71 withereth,
553 1939 190 52 without
751 1950 122 60 fruit
893 1952 129 42 twice
1036 1946 131 65 dead,
1188 1947 188 66 plucked
1396 1960 92 59 up.

143 2010 49 60 by
205 2009 73 51 the
293 2021 124 60 rogts
438 2043 14 23 ,
491 2008 68 68 by
577 2007 162 52 which
751 2016 202 62 appears
962 2011 110 53 that
1083 2012 139 51 there
1232 2012 132 53 muft
1387 2008 110 54 be~

143 2094 26 33 a
194 2072 354 54 continuation
577 2075 54 49 of
642 2074 266 72 drinking,
955 2087 105 44 viz.
1096 2078 273 69 believing,
1395 2093 60 33 or
2046 2081 14 83 :

143 2142 95 50 elfe
281 2143 123 61 they
452 2142 107 50 will
599 2143 157 65 prove
795 2146 95 50 but
920 2144 107 68 dry.
1049 2148 188 68 wells.
1255 2149 120 49 Yet
1388 2146 70 51 let

144 2206 214 73 irnotbe
375 2208 25 50 f{
414 2207 62 53 td
492 2210 107 52 chat
614 2209 133 53 thefe
759 2212 433 69 werealwaiesdry
1212 2210 247 63 wells;for
2025 2231 5 48 |

145 2275 42 52 it
214 2294 114 49 may
354 2275 65 50 be
440 2293 51 32 as
521 2276 115 52 well
659 2276 97 51 faid
797 2279 125 68 they.
948 2296 131 34 were
1103 2278 196 52 alwaies
1328 2278 128 51 dead

145 2358 161 37 trees:
346 2341 165 56 which
537 2358 182 44 cannot
745 2343 61 52 be
830 2345 302 68 concluded,
1150 2345 79 59 for
1258 2344 207 75 then-it

262 2442 3 2 7
779 2413 56 49 D
1316 2408 153 58 could

2053 2105 10 33 vaari~y
2054 2022 9 75 Pmempaae
2043 2013 20 24 prone
2043 2003 20 6 _.
2056 1971 7 36 Spann
2060 1909 3 23 reneanhd
2060 1872 3 10 natin
