2041 2773
316 426 401 505 A
432 425 629 506 word
661 450 734 504 to
770 425 885 502 the
918 422 1208 507 Reader.

175 608 483 667 FRIEND,

113 687 433 1013 W

1034 2155 1438 2206 GRIFFITH.
581 2149 747 2204 Thine
780 2151 959 2218 JOHN

434 679 651 748 Hooever
687 676 791 727 thou
821 689 894 727 art
933 678 997 725 let
1022 696 1093 727 me
1132 679 1209 730 tell
1234 678 1328 729 thee
1352 696 1429 729 one

475 748 607 810 thing
622 745 832 809 touching
844 744 935 795 this
948 744 1095 810 mall
1126 744 1363 810 Treatie,
1386 753 1429 793 it

121 1553 278 1621 pieth
289 1553 377 1603 the
395 1549 536 1602 word
551 1548 668 1598 hall
678 1545 737 1596 be
749 1543 1033 1611 deroyed,
1066 1556 1201 1596 Prov.
1231 1564 1308 1612 13.
1350 1560 1431 1603 13.

474 830 575 877 may
590 815 643 860 he
653 810 758 862 thou
1054 811 1163 861 read
1177 819 1234 872 it,
1257 814 1431 878 becaue
876 812 1029 876 carce
769 816 871 861 wilt

803 886 844 927 it
871 877 1063 927 treateth
1077 897 1155 936 on,
475 881 534 944 of
612 876 787 946 ubje
538 878 613 928 the
1251 877 1430 946 ound-
1204 888 1245 927 it

482 956 560 1010 ing
574 946 877 1014 unpleaantly
901 952 957 993 in
984 943 1060 1011 thy
1090 964 1221 997 ears:
1264 946 1344 996 but
1369 946 1431 994 let

117 1038 178 1070 me
194 1025 244 1069 in
257 1029 376 1071 treat
395 1020 489 1070 this
501 1032 580 1065 one
596 1011 730 1079 thing
739 1016 793 1079 of
797 1010 910 1077 thee,
925 1011 1131 1063 however
1142 1020 1182 1063 it
1196 1020 1237 1065 is
1256 1025 1300 1063 to
1323 1011 1434 1066 read

117 1096 153 1137 it
172 1128 188 1152 ,
207 1086 365 1153 eeing
378 1087 501 1138 thou
526 1076 682 1136 maie
706 1094 786 1148 try
809 1079 878 1128 all
921 1077 1085 1147 things
1107 1119 1124 1143 ,
1159 1079 1238 1129 but
1265 1081 1315 1129 be
1323 1076 1433 1143 ure

117 1157 278 1206 cleave
288 1169 344 1205 to
361 1153 471 1206 that
489 1146 655 1203 which
670 1146 710 1199 is
720 1145 892 1217 good:
927 1148 1068 1213 weigh
1082 1156 1124 1197 it
1138 1147 1251 1209 well,
1267 1150 1371 1204 take
1392 1153 1434 1192 it

118 1232 192 1275 not
205 1235 321 1283 upon
336 1220 476 1280 tru,
509 1234 635 1283 carry
655 1222 694 1264 it
714 1228 755 1264 to
770 1213 843 1264 the
866 1213 1163 1277 Touchone,
1195 1215 1298 1264 that
1336 1213 1436 1261 will

120 1290 195 1339 tell
206 1287 300 1339 thee
311 1288 503 1338 whether
521 1289 560 1332 it
574 1283 624 1332 be
633 1282 737 1345 gold
752 1299 803 1332 or
814 1298 909 1342 no;
943 1283 998 1344 if
1010 1281 1116 1331 thou
1127 1284 1238 1345 nd
1247 1290 1288 1329 it
1299 1278 1443 1346 peak

122 1351 358 1416 according
369 1364 415 1403 to
433 1352 505 1403 the
521 1359 632 1400 Law
647 1350 740 1398 and
748 1345 1015 1412 Teament,
1028 1347 1136 1397 then
1164 1345 1271 1396 thou
1282 1343 1437 1406 maie

122 1489 168 1538 be
174 1486 321 1550 found
332 1497 378 1536 to
396 1487 445 1536 be
457 1504 482 1533 a
498 1480 678 1551 dipier
836 1478 981 1543 word,
1015 1480 1114 1529 and
1127 1478 1248 1531 who
1261 1477 1312 1528 o
1337 1472 1436 1528 di-
690 1480 748 1545 of
752 1480 827 1530 the

121 1433 196 1471 not
206 1422 286 1487 for
305 1420 381 1485 thy
398 1421 480 1486 life
505 1413 642 1478 reje
663 1420 737 1475 it;
763 1417 846 1479 for
863 1414 920 1478 if
930 1411 1040 1462 thou
1062 1410 1184 1479 doe
1208 1413 1314 1464 thou
1332 1410 1434 1458 wilt

188 1631 220 1671 I
248 1620 353 1681 hope
364 1623 471 1672 thou
703 1614 860 1684 benet
872 1620 922 1664 in
937 1620 994 1677 it,
1004 1611 1155 1664 which
1354 1611 1433 1675 do,
581 1614 692 1678 nd
480 1616 581 1666 wilt
1177 1614 1234 1678 if
1236 1615 1343 1666 thou

123 1700 148 1739 I
158 1689 269 1739 have
293 1705 363 1752 my
381 1687 488 1751 end,
523 1683 598 1750 thy
622 1684 751 1748 prot
765 1689 805 1733 is
820 1679 921 1733 that
1320 1679 1434 1746 nd
982 1679 1113 1746 eek,
947 1689 977 1729 I
1203 1681 1309 1731 thou
1148 1685 1202 1746 if

121 1764 174 1813 it,
188 1764 290 1818 give
304 1755 406 1804 God
428 1755 499 1803 the
526 1752 647 1816 glory
664 1757 714 1798 in
734 1751 910 1813 obeying
934 1746 1003 1797 his
1022 1755 1177 1813 voice,
1202 1749 1337 1811 doing
1361 1746 1431 1796 his

122 1823 231 1886 will,
248 1824 342 1872 and
368 1822 524 1882 loving
548 1817 617 1866 his
644 1814 866 1880 righteous
894 1815 981 1861 law
1007 1815 1102 1862 and
1126 1812 1437 1880 teimonies,

121 1888 262 1938 which
276 1889 327 1938 he
341 1887 451 1938 hath
467 1885 650 1951 ratied
660 1882 769 1931 with
792 1882 865 1933 the
878 1880 1013 1932 bloud
1035 1882 1092 1947 of
1112 1881 1182 1933 his
1197 1882 1298 1932 deer
1311 1892 1434 1943 Son,

121 1954 215 2007 who
227 1955 334 2006 died
345 1955 428 2021 for
440 1951 552 2004 thee.
