2078 2773
482 114 262 102 Falling
753 112 162 101 from
934 114 227 81 Grace.
1581 139 100 80 45

176 224 122 79 aſter
303 234 118 52 that
442 248 76 35 we
530 231 126 58 have
666 230 229 53 received
907 231 85 50 the
1006 231 301 68 knovledge
1333 234 67 50 of
1411 234 85 51 the

174 306 184 61 truth,
400 298 135 51 their
560 300 210 47 remains
790 317 68 31 no
888 315 141 32 more
1061 298 212 53 ſacrifice
1290 301 79 49 for
1381 299 113 58 ſins,

175 371 130 52 but
256 359 47 93 a
324 367 187 52 certain
527 363 174 54 fearfal
730 366 207 68 looling
961 366 82 51 for.
1072 385 29 34 o
1151 368 297 68 judgement.
1513 400 89 46 Hib
1604 359 86 93 ro.
1730 407 31 41 26

173 437 102 53 Anq
314 436 95 68 firy
434 433 337 70 indignation,
787 436 163 51 vhicn
964 435 99 54 ſnal
1080 438 195 52 decod
1289 439 87 50 ce
1389 434 113 56 Ad.

148 493 267 80 verſaries.
1698 477 32 94 .

241 571 185 70 Again,
447 579 121 42 Peter
579 567 123 52 ſaith
747 566 100 52 that
870 574 74 46 the
969 571 140 50 latter
1127 572 97 50 eud
1255 569 105 70 (of
1377 587 117 35 men

167 640 116 63 that
295 658 81 35 are
388 635 251 69 intangled
656 636 374 53 andovercome
1051 636 66 51 of
1141 638 87 51 the
1255 636 164 54 orld
1442 657 51 33 a-

176 704 133 69 gain,
338 707 122 63 that
479 706 263 52 haveonce
751 702 201 67 eſcaped,
959 705 249 67 through
1223 706 83 49 the
1315 704 178 51 Rnov-

177 772 147 67 ſedge
365 772 63 54 ot
432 774 120 67 Jeus
567 769 208 66 Chriſt)
811 772 188 68 iπςO)Tfe
1014 771 113 49 mith
1141 771 122 49 ſbem
1278 770 106 52 then
1418 773 77 50 the
1516 780 23 28 2
1552 762 93 47 Pet.
1655 778 34 30 2
1700 777 74 45 20.

177 842 227 64 hegining.
431 841 84 65 for
528 844 40 42 it
585 837 93 50 had
692 837 100 51 ben
805 836 145 50 better
949 842 85 63 for
1052 837 120 51 them
1197 849 84 39 not
1308 848 48 38 to
1383 834 114 55 have
1517 840 71 31 21.

178 913 165 52 knomn
355 906 74 52 ihe
442 924 93 47 way
548 902 409 69 ofrighteouſueſſe,
996 906 105 59 then
1115 907 120 65 after
1257 902 98 69 they
1385 903 113 55 have

179 977 164 60 Rnomn
353 978 62 59 it,
451 983 48 39 to
513 982 107 42 turn
623 975 119 64 ffoui
754 971 67 50 the
837 969 101 67 holy
965 971 388 51 commandmente
1381 974 118 50 deli-

178 1042 134 50 vered
321 1051 111 40 unto
444 1039 136 52 them.
650 1038 137 51 Nom
815 1036 51 54 it
880 1039 137 51 there
1033 1039 62 51 be
1121 1055 70 34 no
1218 1036 281 72 poſſibility

180 1109 56 52 of
243 1105 324 68 commingto
581 1105 87 52 the
681 1105 143 51 worſt
835 1105 148 53 eſtate
1000 1106 63 68 by
1079 1105 176 69 falling
1266 1105 132 52 trom
1415 1108 86 49 the

182 1175 477 60 commandments,
694 1174 96 51 and
817 1173 150 68 being
986 1192 122 35 over
1135 1190 192 42 come,
1379 1173 122 51 then

194 1243 144 53 could
351 1257 92 35 not
464 1239 96 67 this
589 1242 63 50 be
663 1241 254 51 threatned
930 1259 51 33 ãs
1009 1241 201 52 before:
1253 1240 250 50 theretore

186 1309 237 54 believers
443 1306 51 52 in
514 1306 164 55 Chriſt
690 1326 114 48 may
818 1308 88 51 tall
919 1310 102 49 and
1047 1309 208 51 become
1277 1307 227 65 culpable

183 1378 61 51 of
246 1374 410 70 judgement,
552 1368 101 80 and
672 1373 118 70 firey
804 1372 431 68 indignation,
1145 1368 101 80 and
1257 1389 142 34 come
1424 1372 79 52 in-

186 1462 91 36 toa
299 1440 153 55 worſe
463 1441 282 52 eſtatethen
763 1459 113 35 ever
903 1444 120 67 ihey
1039 1440 170 56 would
1233 1441 126 50 have
1376 1438 129 53 been

185 1512 71 65 in.
260 1510 97 52 had
374 1509 124 64 they
509 1526 147 34 never
668 1509 190 53 knovn
873 1510 194 52 him.

253 1578 115 52 The
402 1575 173 65 eighth
590 1576 194 53 Reaſon
807 1576 63 60 is,
893 1573 207 57 becauſe
1112 1576 85 51 the
1208 1576 138 52 Lord
1359 1590 139 35 com-
1515 1610 210 62 J31

187 1647 161 68 plains
360 1644 58 51 of
424 1643 75 52 his
511 1644 185 68 people
709 1644 75 50 for
796 1643 258 67 forſaking
1078 1643 109 53 him
1219 1644 83 52 the
1330 1646 163 50 Foun-
1638 1625 135 103 —

185 1716 103 51 tain
303 1710 223 68 ofliving
541 1727 211 49 waters,
796 1731 118 32 noœ
927 1711 133 52 doth
1084 1711 118 52 God
1228 1709 115 53 take
1363 1728 70 47 up
1467 1729 28 32 a
1515 1745 20 29 i
1549 1729 165 60 Rισ

185 1779 273 71 complaint
482 1776 204 54 becauſe
705 1778 65 51 of
782 1778 125 61 this,
952 1777 99 52 and
1083 1776 41 53 ĩs
1137 1778 137 51 there
1287 1795 75 32 no
1381 1776 112 52 ſuch
1510 1799 48 49 4.

184 1852 160 65 thing,
380 1845 90 53 did
497 1847 118 65 they
636 1860 92 36 not
750 1844 193 54 forſake
968 1846 140 51 him?
1151 1845 101 55 and
1267 1860 84 51 yet
1367 1844 129 50 doth

185 1920 64 49 ke
267 1917 76 67 ſay
352 1916 123 66 they
491 1914 110 50 did
625 1915 115 50 ſhell
756 1932 72 34 ve
842 1914 116 68 give
975 1914 116 55 God
1109 1914 91 49 the
1214 1915 77 64 lyꝰ
1304 1912 202 53 noGod

182 1983 166 54 forbid
365 1981 87 52 llet
466 1981 119 51 God
605 1981 62 52 be
682 1995 103 36 true
798 1981 102 53 and
916 1984 116 49 ever
1047 1996 116 34 man
1176 1983 164 63 alyar,
1356 1979 144 51 ther-

182 2052 112 52 fore
304 2048 238 55 believers
559 2050 49 49 in
624 2047 161 55 Chriſt
802 2066 108 49 may
929 2047 65 52 fal
1007 2065 158 46 away.

256 2109 108 79 The
363 2109 164 79 ninth
542 2115 196 55 Reaſon
761 2116 72 68 is,
869 2113 205 55 becauſe
1100 2115 154 52 Trees
1281 2130 119 52 may
1422 2113 72 66 dy
1514 2100 140 102 —
1697 2121 50 38 9.

191 2188 111 64 that
317 2183 97 56 had
434 2183 108 67 life,
575 2190 104 46 vis.
712 2202 113 46 men
850 2184 113 51 that
994 2199 131 36 vere
1151 2181 254 69 quickned
1427 2182 68 68 by
1513 2163 58 59 Ep
1597 2161 96 103 —
1724 2173 42 33 —

186 2252 229 54 ncLord
426 2269 115 49 may
555 2251 207 51 become
775 2250 131 53 dead
921 2250 67 68 by
1015 2249 201 69 turniug
1236 2251 86 51 the
1339 2263 160 54 grace
1516 2237 50 85 &
1610 2234 109 92 —

185 2321 62 54 ol
250 2321 121 68 God
396 2318 109 54 into
528 2317 353 70 wantonneſſe,
899 2335 59 35 or
984 2314 391 60 Laciviouineſſe
1428 2315 85 120 *
1525 2353 72 49 7

1371 2399 136 36 theſe

1514 1554 82 39 —
1625 1550 93 55 —
