2081 2773
1628 136 1730 217 47

539 122 766 229 falling
778 125 940 226 from
961 122 1191 200 Grace.

192 279 280 315 ous
293 254 418 310 faith
453 276 474 318 ;
521 254 620 305 and
650 254 756 304 that
778 254 908 305 their
920 249 1100 308 calling
1115 246 1212 298 and
1230 246 1436 299 eleion
1465 242 1507 293 is

193 344 280 382 not
662 321 781 372 their
802 323 975 392 giving
989 318 1250 386 dilligence
1278 330 1332 365 to
1363 312 1509 363 make
297 321 642 390 ure,without

195 398 238 450 it
263 397 315 447 o
330 415 349 445 :
388 390 640 445 therefore
668 390 907 443 believers
932 389 984 439 in
1013 384 1182 439 Chri
1207 401 1326 451 may
1357 382 1443 432 fall
1458 399 1510 431 a

192 484 320 521 way.

264 532 378 589 The
396 526 588 582 twelfth
607 523 804 580 Reaon
818 520 877 583 is,
899 520 1102 576 becaue
1112 517 1379 579 Believers,
1389 516 1513 568 cho

198 605 278 658 en
313 597 510 671 perons
525 641 541 664 ,
578 611 661 649 are
707 591 944 646 exhorted
974 606 1028 643 to
1038 601 1121 659 put
1135 605 1192 641 on
1204 587 1278 639 the
1289 586 1426 636 whole
1438 603 1515 635 ar

198 690 326 727 mour
343 675 394 737 of
407 668 524 731 God,
558 666 661 718 that
674 662 770 730 they
779 678 877 724 may
908 660 958 711 be
980 660 1075 712 able
1104 671 1150 707 to
1180 654 1318 717 and
1341 651 1514 721 again

205 1420 447 1472 believers
460 1414 512 1464 in
528 1412 698 1468 Chri
709 1428 822 1477 may
837 1407 919 1459 fall
938 1423 1100 1474 away.

198 742 271 795 the
281 740 405 791 wiles
423 738 482 803 of
496 732 568 785 the
583 733 722 785 Divel
761 752 773 784 :
808 731 946 781 Now
973 746 1047 780 we
1069 727 1223 777 know
1248 722 1356 775 that
1372 722 1518 773 when

202 824 318 861 men
331 821 468 858 arme
477 800 781 866 themelves,
815 797 855 847 it
868 796 908 847 is
924 793 1138 849 becaue
1165 791 1227 841 of
1242 789 1377 840 ome
1403 807 1520 840 ene

203 893 309 942 my,
355 890 452 941 yea
465 870 562 921 and
591 867 706 919 uch
730 884 789 917 an
814 881 994 932 enemy
1022 879 1073 914 as
1101 877 1219 925 may
1251 872 1524 908 overcome

200 945 360 1008 them,
403 939 500 1004 lay
515 936 654 987 them
670 976 688 1002 ,
721 929 876 1001 poile
897 932 1030 982 them
1047 965 1061 989 ,
1100 924 1344 993 vanquih
1368 924 1529 988 them,

203 1014 300 1063 &c.
334 1006 584 1059 therefore
594 1003 724 1070 they
743 999 870 1053 mu
901 999 1036 1052 and
1064 994 1155 1046 fa
1172 1034 1187 1058 ,
1218 990 1334 1061 quit
1361 991 1526 1042 them

204 1078 357 1131 elves
369 1074 473 1127 like
492 1090 625 1138 men,
635 1069 700 1120 be
712 1070 880 1135 rong
889 1086 908 1116 :
947 1084 1067 1118 now
1086 1061 1128 1114 if
1143 1061 1390 1112 believers
1408 1075 1525 1110 can

204 1161 292 1200 not
307 1144 393 1198 fall
405 1142 534 1192 from
550 1141 637 1191 the
656 1137 782 1192 faith
800 1178 818 1203 ,
851 1154 943 1185 nor
955 1134 1017 1186 be
1046 1146 1316 1185 overcome
1353 1170 1369 1193 ,
1403 1128 1526 1192 they

204 1219 331 1270 have
340 1229 408 1265 no
417 1209 543 1262 need
853 1202 893 1254 if
904 1203 989 1256 the
1002 1200 1177 1254 Divels
1194 1198 1332 1250 wiles
1347 1207 1533 1248 cannot
555 1208 620 1261 of
620 1224 839 1272 armour,

205 1280 390 1356 prevail
412 1281 527 1346 they
542 1277 665 1330 need
680 1289 770 1329 not
781 1291 885 1327 arm
913 1268 1207 1324 themelves
1232 1284 1247 1318 :
1292 1265 1387 1316 but
1414 1263 1531 1329 they

204 1351 331 1405 mu
342 1350 441 1409 take
459 1359 504 1396 to
523 1347 642 1398 them
655 1346 728 1396 the
742 1343 876 1395 whole
891 1358 1072 1390 armour
1279 1332 1531 1386 therefore
1146 1336 1266 1389 God:
1084 1338 1141 1405 of

1440 2417 1548 2485 life,

1538 529 1682 589 Reaon
1718 542 1792 572 12.

1534 631 1793 691 Eph.1.4.

1539 700 1795 742 6.11.12.13

1538 752 1709 799 Cor.16.
1730 762 1800 806 13.

1557 1546 1705 1602 Reaon
1745 1553 1814 1596 13.

1563 1968 1812 2018 Rev.22.18.

274 1487 390 1540 The
407 1481 679 1535 thirteenth
693 1479 857 1530 reaon
1154 1488 1268 1523 men
1283 1467 1395 1520 that
1408 1468 1536 1522 have
936 1465 1139 1526 becaue
876 1475 915 1528 is

218 2370 332 2425 thus
350 2384 465 2425 men
479 2364 652 2422 whoe
659 2380 825 2420 names
836 2377 918 2414 are
930 2357 1134 2416 written
1151 2357 1205 2410 in
1233 2353 1316 2407 the
1336 2349 1475 2406 book
1496 2348 1561 2401 of

211 1554 344 1607 their
357 1566 528 1604 names
542 1551 744 1599 written
761 1546 810 1597 in
824 1544 909 1595 the
930 1541 1072 1593 book
1097 1543 1156 1592 of
1176 1538 1265 1590 life
1281 1534 1379 1588 and
1401 1531 1537 1583 their

208 1636 318 1691 part
332 1620 384 1671 in
409 1620 496 1670 the
539 1616 658 1685 holy
686 1613 821 1681 City,
833 1611 997 1663 which
1024 1627 1159 1662 none
1183 1605 1275 1659 but
1301 1601 1539 1654 believers

209 1694 352 1756 have,
374 1706 486 1758 may
498 1687 565 1753 by
580 1679 919 1749 trangreon
931 1680 1057 1733 have
1072 1675 1203 1730 their
1219 1689 1389 1725 names
1403 1669 1539 1719 blot

209 1760 297 1813 ted
310 1771 418 1823 out,
454 1757 553 1806 and
565 1752 696 1804 their
713 1766 822 1817 part
834 1749 986 1801 taken
1016 1764 1159 1813 away
1174 1757 1263 1795 out
1276 1738 1335 1790 of
1354 1741 1439 1790 the
1450 1736 1541 1791 Ci

210 1844 289 1894 ty:
325 1829 422 1877 For
439 1826 462 1872 I
474 1823 644 1875 teie
656 1833 778 1871 unto
794 1834 944 1884 every
956 1832 1067 1867 man
1088 1814 1199 1865 that
1227 1808 1430 1861 heareth
1453 1807 1548 1856 the

211 1893 380 1945 words
565 1887 818 1958 prophecy
834 1884 890 1934 of
912 1883 1009 1935 this
1032 1881 1195 1941 book,
1228 1876 1279 1928 if
1298 1893 1396 1942 any
1422 1889 1539 1926 man
399 1889 462 1942 of
463 1892 549 1941 the

213 1964 327 2016 hall
341 1958 470 2013 adde
475 1972 613 2012 unto
640 1953 772 2007 thee
1027 1950 1147 2002 God
1166 1946 1280 1998 hall
1312 1943 1441 1997 adde
1456 1943 1545 1993 the
787 1955 953 2022 things
975 1992 987 2002 .

212 2032 413 2099 plagues
428 2028 534 2078 that
551 2042 636 2075 are
649 2025 843 2073 written
862 2020 911 2071 in
929 2021 1026 2071 this
1039 2017 1200 2081 book,
1250 2016 1348 2064 and
1376 2008 1421 2063 if
1452 2025 1547 2072 any

215 2116 331 2150 man
347 2094 466 2148 hall
482 2092 601 2144 take
614 2110 754 2154 away
770 2090 897 2141 from
917 2091 1000 2139 the
1020 2083 1212 2138 words:
1232 2080 1295 2131 of
1309 2081 1398 2133 the
1410 2078 1551 2130 book

217 2166 282 2218 of
285 2165 382 2220 this
394 2159 658 2228 Prophee
671 2203 686 2222 ,
721 2157 839 2209 God
866 2156 986 2210 hall
1012 2152 1134 2206 take
1158 2167 1300 2216 away
1329 2146 1412 2200 his
1439 2161 1551 2212 part

215 2249 308 2286 out
326 2234 381 2286 of
393 2231 478 2283 the
488 2228 627 2281 book
640 2228 705 2279 of
716 2225 822 2291 life,
854 2226 949 2277 and
966 2237 1057 2276 out
1074 2220 1137 2272 of
1156 2221 1245 2270 the
1261 2219 1387 2284 holy
1413 2212 1551 2283 City,

219 2303 318 2354 and
334 2303 467 2353 from
484 2298 573 2348 the
584 2298 753 2363 things
769 2296 872 2345 that
890 2311 974 2344 are
988 2291 1187 2344 written
1201 2286 1255 2339 in
1268 2284 1368 2338 this
1397 2285 1545 2343 book:
