1937 2773
0 0 1937 40 ne

333 88 96 96 33
709 139 3 4 |
816 82 78 74 Ad
938 79 288 105 Treatife
1241 90 304 109 touching

380 235 3 2 |
546 210 44 52 is
605 205 95 54 this
714 201 252 75 Scripture
986 209 162 55 found
1160 229 89 38 not
1263 213 240 61 fufficient
1516 236 56 38 to
1583 223 278 68 provethat

547 276 169 53 which
731 272 39 53 it
785 271 41 53 is
842 273 218 75 brought
1076 283 97 49 for.

578 347 8 5 -
615 341 241 54 Youtlatt
867 346 138 65 place
1016 347 196 69 alleged
1224 349 42 54 is
1284 366 24 29 2
1318 353 121 69 Jobs
1452 360 140 53 2,the
1607 365 253 56 wordsare

537 411 164 68 thefe,
700 415 85 65 for
800 409 72 53 the
882 415 153 67 truths
1032 414 117 69 fake
1162 420 151 54 which
1329 423 245 56 abidethin
1573 429 60 79 us
1644 436 112 61 tnd
1754 437 111 67 fhall

542 479 49 50 be
610 485 50 45 in
670 485 51 48 ws
739 481 81 63 for
831 499 123 34 ever.
1668 498 11 21 mo

615 549 23 48 T
655 546 201 68 an{wer,
877 548 85 51 the
976 555 140 52 truth
1127 553 107 54 will
1249 556 149 55 abide
1429 561 128 52 with
1589 562 140 53 thofe
1754 567 106 55 that

268 639 134 45 aTim.
416 640 107 45 2,19
544 610 69 53 40
627 611 215 53 abidein
858 613 42 53 it
920 620 209 66 Igrant,
1164 623 91 61 but
1269 624 218 66 fomedo
1501 646 107 35 erre
1632 628 228 62 fromthe

269 713 26 29 2
301 674 233 88 Pet.3.17.
558 681 154 62 uth,
748 678 256 74 therefore
1022 687 162 54 Saints
1196 693 130 51 muft
1351 694 193 52 beware
1571 696 117 53 leaft
1715 700 113 55 bein

261 758 102 61 Job.
392 761 41 42 8.
455 775 73 43 32.
544 747 111 53 lead
675 762 142 61 away
836 751 122 54 with
972 754 86 52 the
1071 772 140 35 error
1224 759 66 50 of
1297 760 84 51 the
1396 762 197 53 wicked
1607 805 20 26 >
1636 761 129 87 they
1778 768 81 55 fall

208 856 4 2 _
270 817 183 60 2Joh.8.
481 837 45 40 9.
545 814 134 52 from
704 813 133 53 their
846 836 118 35 own
980 819 349 73 ftedfafinefle,
1345 827 92 55 but
1454 829 42 53 it
1505 831 125 68 they
1640 831 152 54 abide
1808 835 52 55 in

349 883 3 2 |
544 882 88 53 the
645 880 155 69 truth,
821 886 87 52 the
935 889 136 51 truth
1086 891 117 53 fhall
1216 893 297 56 makethem
1524 898 127 52 freee
1683 899 57 53 fo
1751 904 109 55 that

542 968 105 53 you
662 965 117 52 may
793 947 199 73 feethat
1009 956 164 73 ifthey
1197 960 211 61 abidein
1423 968 111 51 that
1552 967 143 53 truth,
1749 972 110 54 that

543 1017 138 53 truth
702 1019 104 49 will
818 1021 152 54 abide
987 1022 127 55 with
1132 1029 138 50 them
1283 1031 80 50 for
1376 1031 148 53 ever,
1563 1036 102 50 and
1681 1051 176 38 not.o-

541 1081 265 60 therwife:
844 1089 100 53 and
957 1091 343 57 thereforethe
1316 1104 36 48 A
1351 1099 175 68 poftle
1540 1101 204 55 exhorts
1769 1105 87 54 the

543 1153 123 53 elect
719 1154 172 71 Lady,
936 1159 250 57 looke.to
1226 1184 132 49 your
1397 1167 113 54 felfe
1543 1179 26 59 (
1589 1169 127 55 faith
1732 1174 63 52 he
1827 1174 28 68 )

541 1222 113 50 that
684 1238 78 34 we
803 1223 138 63 loofe
979 1241 93 37 not
1104 1231 92 51 the
1222 1232 172 70 things
1442 1238 108 51 that
1602 1257 81 35 we
1730 1242 126 53 have

539 1284 254 91 wrought,
798 1290 94 51 but
911 1294 112 50 that
1043 1298 317 55 wereceivea
1372 1303 94 50 full
1476 1305 215 66 reward,
1711 1309 143 50 who-

538 1350 172 57 foever
743 1357 346 74 tranfgrefleth
1114 1365 100 51 and
1234 1366 206 57 abideth
1468 1384 91 38 not
1580 1369 54 53 in
1656 1374 84 51 the
1760 1376 93 56 do-

541 1419 156 54 ctrine
708 1423 63 49 of
778 1425 164 53 Chrift
955 1427 118 52 hath
1083 1447 93 34 not
1190 1436 190 61 Godshe
1391 1440 106 51 that
1509 1437 172 56 abides
1704 1442 151 52 inthe

539 1486 231 55 doétrine
779 1493 58 49 of
851 1492 166 55 Chrift
1033 1496 124 55 hath
1173 1499 130 54 both
1327 1505 91 52 the
1455 1504 163 53 father
1642 1509 103 54 and
1766 1511 86 52 the

539 1556 121 66 Son,
696 1556 115 54 thus
826 1577 113 52 may
957 1578 75 35 we
1041 1564 195 73 plainly
1247 1567 77 53 fee
1335 1573 109 51 that
1460 1573 88 53 the
1564 1575 167 53 truths
1742 1576 110 56 abi-

537 1620 127 70 ding
677 1623 127 54 with
820 1632 129 64 us,is
961 1647 137 49 upon
1107 1636 268 54 condition
1391 1641 161 53 ofour
1561 1643 215 69 abiding
1790 1647 55 52 in

536 1687 83 53 it?
654 1693 137 50 Thus
807 1695 239 68 haveyou
1061 1700 137 54 thefe
1209 1709 306 65 Arguments
1527 1710 69 50 all
1621 1710 231 68 weighed

536 1757 53 49 in
614 1756 82 52 the
721 1759 221 74 ballance
965 1762 67 52 of
1050 1766 88 54 the
1158 1770 272 77 fanctuary,
1448 1776 100 54 and
1569 1776 160 56 found
1755 1795 95 38 too

536 1821 127 72 light
678 1840 56 40 to
741 1847 168 51 prove
920 1830 88 56 the
1022 1831 312 64 affirmation.
1328 1817 31 91 .

1767 2276 102 179 of
