2081 2773
539 121 228 109 falling
778 125 163 102 from
961 122 240 79 Grace.

192 254 227 62 ousfaith
453 276 22 43 5;
521 254 100 52 and
650 254 107 51 that
778 254 131 52 their
920 249 181 60 calling
1115 238 86 85 and
1216 238 219 85 election
1465 242 43 52 is

193 344 88 39 not
297 321 346 70 fure,without
662 321 120 52 their
802 323 174 70 giving
989 318 262 69 dilligence
1278 330 55 36 to
1363 312 147 52 make
1774 337 3 2 ,

195 398 44 53 it
263 397 87 51 fo:
388 390 253 66 therefore
668 390 240 54 believers
932 389 53 51 in
1013 384 170 56 Chrift
1207 401 120 51 may
1357 382 154 51 falla-
1805 417 16 11 .

192 461 129 81 wav.
506 493 3 3 |
1137 469 17 9 °

264 532 115 58 The
396 526 193 57 twelfth
607 523 198 58 Reafon
818 520 60 75 is,
899 520 204 57 becaufe
1112 517 268 63 Believers,
1389 515 125 54 cho-
1537 529 146 61 Reafon
1718 542 75 31 x2.

198 605 81 54 fen
313 597 229 75 perfons,
578 611 84 39 are
693 591 252 67 exhorted
974 606 55 38 to
1038 601 84 59 pat
1135 605 58 37 on
1204 587 75 53 the
1289 586 138 51 whole
1438 603 78 33 ar-

198 690 129 38 mour
343 675 52 63 of
407 668 118 64 God,
558 666 104 53 that
674 662 97 69 they
779 650 90 92 may
908 660 51 52 be
980 660 96 53 able
1104 671 47 37 to
1180 654 139 64 ftand
1341 647 168 79 againft
1534 631 159 77 Eph.1.
1703 644 91 59 4.--

198 740 208 56 thewiles
423 738 60 66 of
496 732 73 54 the
583 733 140 53 Divel
761 752 13 33 :
808 731 139 51 Now
973 746 75 35 we
1069 727 155 51 know
1248 722 109 54 that
1372 722 147 52 when
1538 701 219 99 oie
1775 703 21 40 3

202 800 580 67 menarmethemfelves,
815 796 94 52 itis
924 793 215 57 becaufe
1165 791 63 51 of
1242 789 136 52 fome
1403 807 118 34 ene-
1540 780 46 91 ~
1761 762 20 45 3s

203 893 107 50 my,
355 870 208 72 yeaand
591 867 116 53 fuch
730 878 60 40 an
814 881 187 52 enemy
1022 879 52 36 as
1101 877 125 49 may
1251 872 274 37 overcome

160 945 201 64 _thern,
403 936 286 69 flaythem,
721 929 156 73 fpoile
897 932 165 58 them,
1100 924 245 70 vanquifh
1368 924 162 65 them,
1585 948 3 2 ~

203 1014 98 50 &e.
334 1003 391 68 thereforethey.
743 999 128 55 muft
901 999 136 54 ftand
1064 994 124 65 faft,
1218 990 117 72 quit
1361 991 166 52 them-

204 1078 154 54 felves
369 1074 105 54 like
492 1069 209 70 men,
630 1057 65 86 be
712 1070 197 66 ftrong:
947 1084 121 35 now
1086 1061 43 54 if
1143 1061 248 52 believers
1408 1075 118 36 can-

204 1161 89 40 not
307 1144 87 55 fall
405 1142 130 51 from
550 1141 88 51 the
656 1137 163 67 faith,
851 1134 167 53 norbe
1046 1146 271 40 overcome
1353 1170 17 24 ,
1403 1128 124 65 they

204 1209 340 63 havenoneed
555 1208 285 65 ofarmour,
853 1202 137 55 ifthe
1002 1200 176 55 Divels
1194 1198 139 53 wiles
1347 1207 187 42 cannot

205 1280 186 77 prevail
412 1281 116 66 they
542 1277 124 54 need
680 1289 206 41 notarm
913 1268 295 57 themfelves
1232 1284 16 35 :
1292 1265 96 52 but
1414 1263 118 67 they.

204 1350 238 60 multtake
459 1359 46 38 to
523 1347 120 52 them
655 1346 74 51 the
742 1343 135 53 whole
891 1358 182 33 armour
1084 1338 58 68 of
1146 1336 121 54 Gods
1279 1332 253 55 therefore

205 1420 243 53 believers
460 1414 53 51 in
528 1412 171 57 Chrift
709 1428 114 50 may
837 1407 83 53 fall
938 1423 163 52 away.

274 1487 117 54 The
407 1481 273 55 thirteenth
693 1479 165 52 reafon
876 1465 264 64 is.becaufe
1154 1480 115 44 men
1283 1467 113 54 that
1408 1468 136 55 have

211 1554 134 54 their
357 1566 172 39 names
542 1551 203 49 written
761 1544 149 54 inthe
930 1541 143 53 book
1097 1543 60 50 of
1176 1538 90 53 life
1281 1534 99 55 and
1401 1531 137 53 their
1557 1544 149 59 Reafon
1745 1553 70 44 13.

208 1620 177 72 partin
409 1620 88 51 the
539 1616 120 70 holy
686 1613 136 69 City,
833 1611 165 53 which
1024 1627 136 36 none
1180 1605 96 55 but
1301 1601 239 54 believers
1540 1597 34 99 —

209 1694 144 63 have,
374 1706 113 53 may
498 1687 68 67 by
580 1679 340 71 tranfgreffion
931 1680 127 54 have
1072 1675 132 56 their
1219 1689 171 37 names
1403 1662 137 78 blot.

209 1760 210 64 tedout,
454 1752 243 64 andtheir
713 1749 274 69 parttaken
1016 1764 144 50 away
1174 1757 90 39 out
1276 1738 60 53 of
1354 1736 188 56 theCl-

210 1844 80 51 ty:
325 1829 98 49 For
439 1823 206 53 Iteftifie
656 1833 123 39 unto
794 1834 151 51 every
956 1832 112 36 man
1088 1814 112 52 that
1227 1808 204 54 heareth
1453 1807 96 50 the

211 1893 170 53 words
399 1889 151 54 ofthe
565 1887 254 72 prophecy
834 1884 57 51 of
912 1883 98 53 this
1032 1881 164 61 book,
1228 1876 52 53 if
1298 1893 99 50 any
1422 1889 118 38 man

213 1964 258 53 fhalladde
475 1939 138 88 unto
640 1953 314 70 thefethings
975 1992 13 11 .
1027 1950 121 53 God
1166 1946 115 53 fhall
1312 1943 130 60 adde
1456 1943 96 51 th¢
1563 1971 86 47 rey
1668 1983 23 31 .
1699 1968 110 49 2.18;

212 2032 202 68 plagues
428 2028 107 51 that
551 2042 86 34 are
649 2025 195 49 written
862 2020 50 52 in
929 2017 272 65 thisbook,
1250 2016 99 49 and
1376 2008 46 56 if
1452 2005 211 68 any”
1726 1998 87 19 _

215 2074 103 85 man
340 2074 127 85 hall
482 2092 120 53 take
614 2110 141 45 away
770 2090 128 52 from
917 2091 84 49 the
1020 2083 193 56 words:
1232 2080 64 52 of
1309 2081 90 53 the
1410 2078 142 53 book

217 2165 166 56 ofthis
394 2159 293 70 Prophefie,
721 2157 119 53 God
866 2156 121 55 fhall
1012 2152 123 55 take
1158 2167 143 50 away
1329 2146 84 55 his
1439 2161 113 52 pare

215 2249 94 38 out
326 2234 56 53 of
393 2231 86 53 the
488 2228 140 54 book
640 2228 66 52 of
716 2225 107 67 life,
854 2226 96 52 and
966 2237 92 40 out
1074 2220 64 53 of
1156 2221 90 50 the
1261 2219 127 66 holy
1413 2212 139 72 City,
2039 2243 2 3 |

219 2303 100 52 and
334 2303 134 51 from
484 2298 90 51 the
584 2298 170 66 things
769 2296 104 50 that
890 2311 85 34 are
988 2291 200 54 written
1201 2284 168 56 inthis
1397 2285 119 59 book
1526 2302 29 31 +

218 2370 115 56 thus
350 2384 116 43 men
479 2364 440 59 whofenamesare
930 2357 276 60 written.
1146 2349 55 94 in
1220 2353 97 76 the
1309 2344 168 133 book
1455 2341 102 135 of
1839 2386 13 33 .
2036 2359 23 80 |

1482 2403 77 88 c,.
1840 2426 4 5 :
2036 2424 39 40 4
