2090 2773
450 62 48 25 -
477 53 248 165 falling
757 105 164 102 from
937 102 239 95 Grace.
1620 112 89 84 35

162 234 128 76 prefs
303 232 190 71 fayings
504 230 67 53 of
572 232 88 50 the
675 227 137 69 fpirit
828 219 529 73 contradicted,which
1355 210 141 81 faith

171 328 50 35 in
232 306 94 51 the
336 307 144 48 latter
495 298 142 55 daics
650 298 133 52 fome
797 296 118 57 fhall
928 295 178 71 depart
1119 293 135 55 from
1268 290 89 56 the
1370 285 129 62 faith

174 393 22 38 3
218 374 264 60 Tim.g.t.
1281 368 2 2 Oo
1755 408 5 13 .

240 442 49 50 If
299 438 237 56 believers
553 446 185 43 cannot
752 432 268 68 fallaway,
1071 430 42 50 it
1139 445 204 51 opensa
1403 440 100 53 gap
1522 404 180 62 Abfard.
1714 420 55 47 $.:

175 527 54 42 to
242 502 438 62 lukewarmnefle,
702 517 60 37 to
775 495 412 74 prophanenefle,
1223 511 57 36 to
1310 491 195 69 neglect

171 579 233 65 ofduty,
442 570 374 67 asofhearing,
856 566 227 68 reading,
1096 563 209 71 praying
1319 605 17 24 ,
1352 557 156 54 clofe-

174 646 184 59 walking,
365 638 436 73 watchfulneffe,
812 634 333 57 fruicfalnefie
1157 634 99 51 and
1271 633 90 51 the
1372 629 134 52 like:

172 718 81 55 for
278 715 40 50 if
336 712 248 63 believers
621 720 181 40 cannot
829 702 115 62 fall,
980 706 117 68 why
1138 699 289 64 fhouldany
1452 695 64 54 of

171 780 136 56 thefe
323 779 164 69 things
502 778 245 55 bedone?
781 775 77 55 for
871 773 178 53 fuchas
1077 784 189 40 cannot
1294 763 221 74 poflibly

176 852 113 64 fall,
324 851 126 49 need
480 862 94 36 not
607 862 146 53 pray,
783 844 147 59 hear,
963 839 126 53 need
1113 851 93 39 not
1237 837 151 63 resd,
1420 847 96 35 nor

179 916 161 56 watch
354 917 97 50 &c.
465 932 93 33 nor
571 914 71 52 do
654 930 97 48 any
766 910 56 50 of
829 908 138 52 thefe
984 905 316 69 things,they
1312 917 83 37 are
1408 898 109 52 fure

178 1001 52 42 to
245 984 157 56 ftand:
438 984 134 50 finne
583 993 178 43 cannot
774 976 215 68 feperate
1001 975 153 58 them,
1166 991 100 35 nor
1279 966 236 69 nothing,

182 1058 68 57 let
268 1054 134 50 them
421 1050 71 50 do
506 1051 140 52 what
660 1048 122 66 they
794 1045 137 61 will,
965 1044 252 66 delightin
1231 1038 198 53 thelaw
1458 1032 67 53 of

184 1122 136 58 God,
358 1132 158 38 ornot
535 1115 192 70 delight
755 1112 112 56 init
915 1114 119 54 allis
1051 1108 136 56 alike
1207 1103 215 60 cafeifit
1449 1101 65 54 be

182 1188 218 56 truethat
421 1185 424 55 believerscannot
856 1177 87 53 fall
963 1197 139 48 away

259 1262 45 47 It
326 1257 212 49 hardens
563 1252 96 52 and
688 1251 291 63 incourages
1002 1245 140 53 loofe
1169 1238 265 75 profeffors
1455 1238 57 52 in
1532 1227 248 62 42/urd.6.

185 1324 132 54 their
327 1322 136 52 loofe
477 1320 218 67 walking
708 1318 51 54 in
771 1320 82 49 the
865 1313 270 69 profeffion
1150 1313 63 51 of
1216 1305 299 70 theGofpel.

185 1393 82 52 for
282 1392 36 52 it
328 1391 119 67 they
459 1390 113 50 that
584 1402 129 36 once
725 1382 222 54 believed
960 1393 180 41 cannot
1159 1381 65 50 fal
1240 1394 141 50 away
1395 1377 123 64 they

90 1495 35 38 .
189 1458 176 54 willbe
380 1455 258 66 hardned,
680 1452 102 53 and
797 1449 296 68 incouraged
1108 1461 60 37 to
1187 1463 69 52 go
1269 1462 94 44 on,
1403 1443 120 67 why

187 1528 81 69 fay
281 1527 271 66 they,once
564 1520 53 54 in
637 1518 159 58 Chrift
812 1519 96 51 and
927 1535 116 35 ever
1056 1516 53 52 in
1126 1512 183 68 Chriff,
1322 1512 39 52 it
1377 1509 149 54 isim-

189 1591 392 76 pofliblethatI,
621 1586 162 55 which
801 1605 126 34 once
937 1583 231 55 believed
1185 1582 172 52 fhould
1370 1579 85 52 fall
1467 1596 54 40 a-

191 1680 145 51 way,
376 1662 68 50 let
461 1658 346 54 medowhatI
825 1654 126 69 will,
972 1653 217 66 nothing
1201 1669 89 34 can
1303 1647 219 69 feperate

190 1747 88 38 me
291 1730 134 62 from
439 1726 185 60 Chrift,
657 1724 119 53 God
788 1725 40 48 is
843 1735 91 38 not
946 1721 175 52 bound
1135 1735 54 34 to
1206 1717 320 63 ordinances,

194 1812 94 49 nor
298 1812 57 39 to
366 1794 100 51 this
480 1810 193 51 way,or
685 1792 107 50 that
804 1807 131 48 way.
971 1789 63 52 he
1057 1786 103 54 will
1183 1784 132 68 keep
1337 1798 85 35 me
1449 1779 74 52 al-

200 1864 203 70 though
418 1866 23 47 I
462 1858 70 55 do
543 1874 92 40 not
647 1857 136 56 walk
793 1856 55 52 fo
861 1855 190 71 ftriétly
1066 1873 52 35 as
1141 1854 171 51 [have
1339 1848 136 53 done
1465 1844 47 94 ,

198 1953 58 32 or
270 1953 50 33 as
330 1934 167 49 others
508 1927 186 69 do,and
707 1927 246 51 therefore
966 1929 136 47 what
1119 1920 130 54 need
1264 1921 23 46 I
1299 1935 112 36 care
1445 1913 80 51 for

199 2001 199 55 Church
423 1994 299 68 feliowfhip,
739 2011 55 35 or
821 1993 232 64 hearing,
1101 2008 60 33 or
1184 2005 101 51 any
1310 1985 65 53 of
1394 1979 133 56 thefe

200 2070 191 67 things?
416 2067 124 51 thus
531 2054 127 76 may
680 2054 136 76 loofe
835 2059 260 67 prefeflors
1104 2058 63 53 be
1191 2046 327 77 incouraged,

202 2139 100 50 and
321 2132 281 56 imboldn’d
617 2130 55 51 in
684 2128 129 53 their
823 2127 140 51 loofe
975 2147 114 48 way
1101 2127 66 66 by
1183 2123 102 54 this
1298 2117 226 56 doctrine

196 2207 58 55 of
279 2199 327 71 impofibilicy
605 2190 50 84 of
661 2195 212 69 falling
883 2195 140 63 away
1039 2194 135 53 from
1187 2209 158 51 grace.
1623 2235 3 5 |

307 2274 46 48 It
381 2268 251 54 hardneth
664 2263 135 55 loofe
822 2261 262 71 proteflors
1104 2262 99 53 and
1236 2255 284 68 diforderly
1536 2248 251 73 Abferd.7..

203 2338 209 57 walkers
423 2334 191 72 againft
627 2331 361 74 reprehenfion,
1005 2330 100 54 and
1116 2322 342 126 admonitions
1469 2320 67 54 of

782 2404 81 51 F2
1397 2389 134 55 their

1547 2483 11 16 s
