1978 2773
584 194 122 53 who
717 190 196 74 greatly
926 189 204 56 deſired
1162 193 61 69 it,
1252 190 230 70 together
1498 187 123 55 with
1649 206 63 35 an
1740 190 204 74 ingage-

585 277 139 39 ment
755 263 109 50 that
879 263 82 65 lay
978 276 144 49 upon
1139 276 156 37 méto
1310 263 71 47 do
1399 259 73 66 it,
1503 255 81 53 for
1598 257 88 53 the
1700 256 230 62 ſaticfact.

583 333 90 50 ion
689 328 77 70 (in
783 326 98 55 this
897 325 191 71 point)
1102 327 61 52 ot
1175 327 139 58 ſome
1327 326 187 61 triends
1531 324 53 53 in
1601 343 130 52 your
1759 332 170 51 Coun-

585 414 99 38 try.

634 412 122 127 Wut
770 465 86 52 the
868 463 102 51 firſt
982 463 101 53 and
1099 462 225 70 primary
1340 461 236 53 occaſion
1591 460 96 52 did
1730 464 129 53 arĩſe
1885 485 51 35 as

585 533 389 69 follomethzyou
988 550 116 51 may
1119 532 275 52 remember
1427 532 114 51 that
1572 533 22 48 I
1630 547 101 35 was
1757 534 177 67 provi-

588 599 240 66 dentiaſly
848 600 99 70 caſt
958 600 228 68 amongſt
1222 618 103 49 you
1356 613 50 37 at
1437 598 272 63 craubrook
1736 615 53 37 àt
1805 619 125 50 your

590 672 217 66 generall
834 666 317 70 Aſſembling
1174 668 146 51 there
1346 665 101 72 quh
1468 682 80 38 21.
1587 668 142 61 1652.
1772 669 163 53 vhere

589 754 103 51 Jou
704 735 89 53 did
804 736 215 67 appoint
1034 752 81 34 me
1137 734 128 53 wiih
1279 734 142 52 ſome
1434 733 191 68 others,
1665 746 62 37 to
1746 736 188 54 endea-

591 822 129 33 vour
734 819 55 36 to
806 804 117 68 gide
941 802 300 54 ſatisfaction
1253 802 251 69 touching
1520 799 144 53 ſome
1688 803 177 67 points
1886 804 49 53 in

590 870 245 70 Religioñ
848 872 106 51 that
970 886 133 36 vere
1118 870 296 68 queſtioned
1429 872 68 65 by
1513 868 136 52 ſome
1668 883 88 48 ʒto
1769 871 162 54 vhich

594 940 99 52 end
707 941 101 50 and
819 936 219 71 purpoſe
1052 954 78 36 we
1143 939 87 51 did
1247 953 127 37 meet
1390 957 67 33 on
1473 939 89 49 the
1576 935 68 53 ſix
1656 937 103 52 and
1772 954 186 38 twen-

593 1008 129 54 tieth
736 1007 63 50 of
806 1008 89 49 the
906 1007 130 49 ſame
1050 1008 204 51 moneth
1271 1021 50 37 at
1334 1008 188 62 Talding
1536 1003 156 53 about
1705 1005 90 53 the
1805 1020 129 39 mat-

594 1090 96 50 ter,
724 1073 165 54 vhich
906 1073 144 51 vhen
1067 1089 75 33 ve
1162 1091 129 34 were
1315 1071 288 66 aſſembled,
1624 1072 227 69 amongſt
1878 1091 58 33 o-

595 1143 112 50 ther
720 1141 187 67 things,
918 1138 102 52 this
1037 1138 84 51 fell
1137 1139 51 52 in
1207 1141 150 61 asthe
1382 1152 188 38 matter
1598 1137 129 56 moſt
1750 1142 52 49 iñ
1832 1138 98 54 dif-

598 1201 210 80 ference,
821 1217 105 42 dis.
933 1205 170 70 falling
1106 1211 120 64 ſron
1239 1216 141 42 Grace
1460 1205 302 69 whereupon
1791 1207 144 70 there

599 1293 103 34 was
721 1291 109 36 two
846 1277 212 57 Poſitions
1077 1271 169 70 lr̃ated,
1264 1276 88 50 the
1363 1291 98 35 one
1490 1272 66 69 by
1586 1291 115 50 me,
1734 1275 95 52 and
1855 1276 81 53 the

597 1344 149 49 other
767 1343 60 66 by
850 1342 243 51 theother
1106 1354 176 55 party:
1316 1343 89 50 the
1429 1339 220 69 poſition
1681 1342 162 52 ſtated
1865 1343 67 69 by

598 1427 84 32 me
697 1427 121 49 was:
826 1410 116 51 That
955 1408 219 52 Belicvers
1185 1415 55 44 in
1253 1406 154 54 Chrimt
1434 1428 105 48 may
1542 1410 96 65 falt
1644 1427 140 50 away.
1821 1412 111 53 The

601 1474 215 69 poſition
831 1474 156 54 ſtated
999 1474 67 70 by
1084 1475 135 53 them
1233 1494 119 49 was,
1390 1475 118 53 1bhat
1521 1475 211 74 Juſtiſted
1757 1478 180 69 perſon⸗

601 1555 174 38 cannot
774 1545 91 67 fall
880 1545 156 64 totally
1055 1561 83 33 nor
1137 1544 164 67 finall
1309 1549 121 64 pzom
1460 1547 74 50 the
1562 1561 132 48 grace
1725 1549 61 64 of
1795 1554 139 49 union

604 1608 118 53 wiih
735 1611 73 50 the
821 1610 126 52 Lord
962 1607 167 74 Jeſus:
1168 1611 88 50 the
1270 1609 156 66 pr̃oof
1434 1627 98 36 was
1560 1608 151 53 taken
1723 1629 69 34 on
1805 1611 133 53 their

604 1689 112 53 patt
733 1677 52 51 in
802 1678 150 51 order
968 1695 61 35 tõ
1056 1675 133 54 their
1214 1675 350 56 affirmation:
1586 1677 138 67 they
1749 1679 187 54 framed

604 1742 216 52 thirteen
839 1749 321 64 Arguments,
1175 1744 139 67 eight
1326 1743 64 51 ol
1394 1745 170 52 hich
1580 1760 134 35 were
1725 1745 213 55 anſwer-

602 1809 63 51 ed
678 1822 51 39 at
746 1811 86 51 the
846 1810 131 53 ſame
987 1812 183 66 time,
1203 1811 93 52 but
1330 1810 146 69 night
1494 1810 201 67 coming
1726 1829 84 36 on
1851 1831 82 36 we

602 1875 158 54 brake
770 1895 93 50 up,
876 1877 123 53 with
1013 1878 99 51 this
1125 1875 307 72 concluſion,
1442 1880 104 53 that
1562 1888 31 41 I
1588 1877 166 66 ſbould
1760 1880 172 67 anſiwer

602 1944 123 51 them
736 1952 51 43 in
806 1952 192 59 mriting
1012 1946 96 51 and
1117 1952 107 58 give
1240 1945 74 51 the
1326 1948 178 66 reafons
1518 1949 63 68 of
1579 1947 355 74 πιένtonτ
1780 1940 37 85 4foœ
1816 1947 118 71 onn:

605 2010 211 53 vhich.
826 2012 129 53 Ihave
968 2012 358 53 endeavoured
1337 2026 55 38 to
1403 2013 70 52 do
1485 2012 53 52 in
1555 2013 100 51 this
1665 2011 291 71 folloing

603 2077 264 63 Treatiſe,
907 2092 57 37 to
975 2080 86 50 the
1070 2079 101 52 end
1185 2079 109 53 that
1312 2078 43 53 ĩt
1367 2080 164 70 might
1549 2079 185 53 extend
1760 2096 60 38 to
1848 2081 88 51 the

609 2144 300 54 ſatĩsfactĩon
919 2146 64 52 of
984 2149 63 51 all
1059 2147 118 52 vho
1189 2164 86 35 are
1300 2147 254 54 doubifull
1563 2146 57 54 in
1638 2145 73 65 it,
1744 2146 104 55 and
1852 2147 82 53 for

604 2212 87 53 the
706 2212 351 54 confirmation
1070 2215 65 50 of
1154 2214 147 53 thoſe
1326 2216 121 54 who
1474 2217 131 52 have
1632 2214 200 72 already
1855 2231 79 37 re-

604 2280 176 52 ceived
794 2280 80 54 it:
906 2281 47 53 let
959 2282 76 52 ĩt
1046 2281 246 56 therefore
1302 2282 188 56 intreat
1504 2299 131 54 your
1654 2282 179 70 loving
1848 2300 89 35 en-

1596 2349 335 65 tertainment,
