2060 2773
415 14 3 2 Pe
442 7 112 10 ee
572 3 25 13 ae
597 3 155 13 reassert
808 4 9 7 Ls

455 97 218 103 falling
680 92 166 106 from
862 90 233 78 Grace.

205 235 59 70 If
268 228 174 57 neither
445 227 150 72 finne,
605 240 89 38 nor
697 220 219 70 fuffering
930 236 85 33 can
1025 210 208 74 feperate
1249 231 55 42 ws
1337 211 126 69 from

142 305 70 51 the
225 300 141 56 Lord,
379 296 106 51 then
500 291 191 67 nothing
700 295 78 46 can
786 296 199 55 feperate
998 305 66 40 ws,
1075 284 158 67 for.fin
1246 279 217 53 Rcem.8.

143 388 81 50 39.
229 364 309 73 forfuffering
564 363 177 61 35,36-
748 355 76 87 Us.
836 353 101 50 ‘and
947 351 212 51 concluds
1183 349 75 49 the
1281 351 90 65 38,
1386 340 81 73 39:

141 437 99 55 shat
250 443 78 42 not
334 432 110 62 bing
458 446 84 33 can
540 425 279 68 feperatens.

210 489 508 69 Thereforenothing
728 507 108 35 can.
856 483 156 70 Only
1035 481 150 71 Firft,
1221 497 79 35 we
1324 489 146 57 grant

145 572 110 53 shat
264 567 85 53 the
364 561 160 55 Saints
534 560 56 51 of
609 557 125 54 God
750 571 110 51 may
878 553 87 53 fall
977 568 141 49 away
1130 553 138 50 from
1286 547 187 51 thede-

169 643 115 46 ‘rees
310 630 64 54 of
391 636 182 58 Grace,
604 625 136 50 from
767 625 90 60 the
875 617 302 69 ftrength-of
1193 613 145 65 faith,
1356 627 56 36 to
1435 627 38 34 a

150 701 167 58 weake
350 697 150 66 faith,
538 710 56 36 to
623 692 134 51 fome
785 685 222 64 meafure
1038 683 66 53 of
1133 679 258 58 hardnefie
1417 676 66 54 of

148 779 160 49 heart.

216 831 348 67 Secondly,we
576 838 143 60 grant
731 821 113 70 they
860 839 116 52 may
988 821 85 54 fall
1083 817 133 55 from
1233 814 89 55 the
1336 830 138 35 com-

154 909 60 52 of
218 908 88 50 the
320 899 176 70 Spirit,
507 896 117 53 asin
638 894 115 68 P/al,
772 893 187 62 51.2.8.
983 905 72 38 12.

223 968 386 68 Thirdly,From
626 974 233 38 common
875 955 119 70 gifts
1009 955 152 53 ofthe
1186 949 175 72 Spirit,
1376 964 52 35 as
1447 963 32 34 a

160 1038 149 71 Spirit
320 1036 62 52 of
388 1041 332 62 government
732 1043 47 35 as
795 1026 109 50 San!
928 1022 112 66 did,
1052 1020 107 58 ave.

177 1105 130 58 This
321 1110 283 62 Argument
619 1094 122 55 hatha
752 1091 170 69 large
932 1084 328 71 latitude,and
1273 1080 129 54 mutt
1420 1078 51 53 ia

157 1187 110 61 part
279 1166 354 76 bedenydy'z.
685 1160 67 53 fin
771 1158 311 66 uarepented
1115 1156 65 50 of
1186 1170 115 51 may
1328 1148 145 66 fepe-

168 1258 126 43 rate,
310 1229 400 64 unfruitfulnefle
723 1227 95 56 and
836 1224 117 53 fuch
966 1223 125 70 like,
1110 1222 122 53 hath
1245 1239 28 33 a
1283 1217 199 64 cutting

169 1311 82 56 off
271 1303 271 69 following
563 1301 57 54 it.
657 1294 272 57 Therefore
950 1308 148 52 upon
1119 1284 365 64 examination,

171 1398 76 36 we
266 1376 116 55 fhall
397 1372 106 52 find
526 1372 116 50 that
669 1363 98 56 this
778 1362 107 58 will
906 1374 95 39 not
1022 1375 164 54 prove
1201 1355 92 53 the
1316 1346 166 61 Affer-

166 1465 126 37 tion.
1293 1451 4 4 .

237 1511 145 61 Firft,
416 1504 272 70 Ifuppofe?
716 1502 105 53 that
838 1499 41 53 it
891 1496 107 57 will
1012 1510 89 38 not
1113 1492 65 53 be
1188 1486 182 57 owned
1382 1487 106 53 that

171 1583 106 55 pan!
316 1577 130 53 doth
474 1573 180 52 intend
675 1573 118 50 here
847 1561 224 74 denying
1101 1556 182 60 Chrift,
1308 1556 61 50 or
1395 1570 95 51 any

158 1652 150 52 fine
313 1624 271 92 unrepented
635 1637 75 69 of,
732 1637 76 51 for
817 1636 114 51 that
945 1648 115 49 may
1075 1628 215 68 feperate
1302 1623 89 63 C4)
1443 1621 60 67 Of
1513 1653 65 39 ga
1582 1659 194 30 time-12:

174 1736 65 34 we
235 1710 355 78 fuffer,
407 1703 60 89 we
474 1710 112 78 foall
599 1707 222 69 alforeign
837 1699 119 56 with
965 1698 111 61 hin,
1093 1698 51 59 if
1146 1711 65 34 we
1234 1690 112 69 deny
1407 1692 87 63 him,
1513 1705 153 35 nar.
1679 1707 64 40 33.

178 1787 51 52 he
245 1783 95 54 will
353 1760 94 91 alfo
454 1781 107 64 deny
582 1794 54 33 us
652 1795 20 32 :
704 1760 118 91 yea
826 1766 131 69 we]
982 1766 25 51 1
1026 1764 108 51 Paul
1154 1758 100 55 and
1267 1758 128 50 thou
1410 1758 81 46 T7-

162 1852 183 68 mothy,
358 1846 47 55 if
416 1858 78 42 we
505 1846 131 58 deny
652 1843 127 64 him,
794 1839 76 52 he
895 1833 100 55 will
1010 1829 102 61 alfo
1128 1829 134 66 deny
1283 1842 94 43 us;
1412 1821 81 52 for
1701 1870 2 2 |

154 1920 78 53 ‘{o
245 1922 64 51 he
322 1912 203 58 himfelf
542 1910 118 58 faid,
696 1909 81 60 ¢b)
802 1915 85 42 But
902 1902 247 66 whofocver
1155 1895 123 67 fall
1289 1892 114 64 deny
1427 1906 73 32 me
1520 1903 116 40 tioke
1650 1911 55 28 tz,
1730 1899 46 37 8

178 1991 147 67 before
331 2000 122 51 men,
463 1982 95 53 bias
569 1980 100 53 will
681 1976 123 67 Lalfo
815 1973 111 71 deny
945 1970 148 69 before
1103 1983 70 49 uy
1175 1959 176 70 Father
1357 1954 143 55 which
1519 1956 99 84 chip.
1621 1946 17 98 9
1669 1950 66 82 2%
2009 1964 28 37 1!

171 2055 53 55 ‘is
238 2062 53 45 in
305 2053 184 54 heaven.
634 2085 8 5 .
1244 2035 15 25 -
1562 2013 46 26 are
1672 2007 20 37 3
2008 1986 5 94 |

252 2116 182 72 Again,
448 2117 91 52 the
566 2109 203 72 Apoftle
779 2107 126 68 doth
921 2117 92 42 not
1029 2100 106 69 fay,
1164 2091 196 58 thatfin
1383 2089 118 52 fhall
1524 2110 105 35 nom.
1646 2104 115 46 2.39%

184 2205 92 40 not
310 2189 230 65 feperate,
577 2178 102 59 and
722 2174 250 56 therefore
1002 2169 107 53 ‘the
1155 2170 271 62 argument
1460 2157 41 51 is

184 2254 246 66 ftretched
441 2248 205 71 beyond
654 2248 136 52 what
801 2244 87 51 the
899 2243 136 52 Text
1043 2224 128 79 will
1178 2224 178 79 prove,
1380 2229 31 47 I
1427 2239 76 37 ra-

188 2327 113 52 ther
313 2319 154 63 think
479 2320 88 53 the
583 2333 81 54 33.
672 2311 203 64 ver.had
885 2309 124 54 been
1026 2297 142 61 more
1182 2294 255 77 pertinent
1411 2280 99 135 to

1427 2372 102 36 the:

2007 1613 9 26 4

2010 1642 24 56 i

2010 1705 49 29 18:

2009 1735 51 34 Wy

2011 1816 44 25 Ab

2010 1929 5 34 i
