2056 2773
439 135 233 108 falling
683 143 162 95 from
861 140 234 81 Grace.

136 273 92 56 42.
248 272 54 52 4.
298 251 63 87 he
363 255 78 56 ĩs
454 259 84 50 the
549 258 213 58 beloved
776 265 159 69 Epheſ.
965 286 48 33 1.
1036 265 45 48 G
1109 267 200 53 neither
1333 265 122 53 falſe

146 327 277 69 Prophets,
456 343 98 34 nor
565 326 121 53 falſe
698 331 191 53 Chriſt
902 335 116 51 ſnall
1030 332 203 54 deceive
1255 338 129 58 him,
1413 335 45 54 it

148 401 43 51 is
201 391 385 74 impoſſible,
505 387 86 85 for
599 396 85 51 the
700 401 134 53 Lord
856 403 126 53 hath
1002 400 110 56 ſaid
1135 404 64 51 he
1220 403 120 53 ſhall
1364 419 94 37 not

146 466 85 55 fail
239 480 93 36 nor
348 463 62 51 be
421 460 338 75 diſcouraged.

203 534 148 52 Nox
383 530 52 52 it
450 531 68 66 by
531 537 89 51 the
647 534 133 51 Elect
808 533 66 56 be
896 552 163 37 meant
1083 537 164 53 either
1273 539 120 52 ſuch
1410 558 53 33 as

148 598 226 70 keepthe
394 596 161 75 faith,
569 618 61 36 or
644 600 137 53 Iſrael
807 619 53 36 as
870 617 60 38 to
945 603 130 59 their
1089 606 167 53 futuro
1278 606 180 53 condi-

125 686 92 34 on
271 683 60 34 or
352 665 202 68 Chriſt:
573 672 186 67 Igrant
774 687 64 35 an
865 671 352 72 impoſſibility
1240 675 60 55 of
1331 674 131 53 their

150 734 148 66 being
318 733 240 64 deceived:
575 737 123 52 But
714 735 43 52 iſ
765 737 66 69 by
844 741 124 52 elect
984 743 39 47 it
1034 739 65 53 be
1119 742 94 52 the
1239 742 142 52 ſence
1408 744 100 66 ot

149 805 86 50 the
251 802 278 68 Opponent
539 805 108 51 that
658 802 246 59 belieders
919 808 53 50 in
987 809 136 51 their
1136 809 266 67 warfaring
1413 828 51 32 e-

152 872 120 50 ſtate
289 882 187 51 cannot
486 867 106 68 fall,
606 872 101 53 and
722 872 103 52 that
847 890 59 37 to
919 876 66 50 be
1008 876 91 51 the
1117 877 140 51 ſence
1278 880 57 47 ot
1361 884 101 46 this

150 950 122 47 text,
283 934 45 54 it
338 933 45 54 is
395 955 30 34 a
434 935 185 72 thing
595 929 43 83 I
636 954 128 38 want
780 942 158 64 proot
942 941 70 67 of,
1031 943 166 55 vhich
1209 944 77 51 till
1298 947 23 48 ĩ
1333 945 130 52 have

150 1002 166 54 Imuſt
326 1001 100 54 deny
477 1021 52 34 as
542 1006 290 53 beforeſaid.

281 1070 117 52 The
432 1072 162 52 ſecond
609 1077 279 65 Argument
901 1076 42 54 is
953 1077 151 55 taken
1115 1079 136 53 trom
1267 1079 87 52 the
1369 1096 93 35 un-

150 1132 293 89 changeable
456 1140 116 53 love
583 1142 56 51 ot
648 1143 116 52 God
779 1146 224 53 tomards
1012 1146 79 54 his
1099 1148 181 69 people
1290 1147 171 70 Iſa.
1392 1132 67 89 4.

151 1219 67 51 17.
242 1206 96 64 Pfa.
354 1209 40 50 i.
407 1206 95 70 Jer.
519 1214 48 60 a1.
609 1226 35 36 1.

210 1287 52 35 2.
274 1275 126 66 Arg.
408 1274 179 67 hough
606 1276 120 53 tbere
734 1284 38 47 is
785 1282 301 68 unconmtaneꝰ
1099 1290 52 43 in
1163 1281 74 52 the
1247 1293 218 55 creature,

143 1350 71 59 det
224 1345 54 44 in
291 1338 75 53 ibe
370 1340 112 69 firſt
492 1350 60 61 of
568 1347 106 49 Pet.
697 1362 20 32 1.
729 1362 58 46 i.
801 1355 79 43 ie
894 1366 74 34 are
982 1350 105 65 Rept
1097 1358 54 59 by
1169 1349 74 50 the
1252 1366 147 49 pomer
1412 1367 25 32 o

150 1406 216 51 God:aud
373 1409 115 52 leaſ
502 1413 106 48 fhat
619 1411 174 68 Rcepiug
804 1414 156 68 ſhould
973 1416 51 50 be
1029 1419 260 65 forælittle
1311 1416 155 60 vhilè,

149 1476 49 50 te
212 1475 104 48 telle
316 1481 141 55 vouit
472 1484 43 45 is
527 1496 60 33 an
598 1478 273 55 inberitance
890 1481 105 52 that
1017 1482 173 67 Fadeih
1211 1494 83 40 not
1320 1501 148 50 away,

94 1540 233 52 Kom.g.
340 1553 82 53 30.

216 1607 107 69 Auſ.
356 1608 118 53 The
487 1606 291 73 ſtrengthof
786 1610 102 54 this
914 1616 287 68 Argument
1227 1615 149 70 Iyeth
1408 1612 54 55 in

149 1689 104 37 two
269 1676 307 66 particulars.

218 1741 144 68 Firſt,
374 1742 143 52 Gods
528 1743 512 71 unchangeableneſſe.

216 1809 278 69 Secondly,
526 1811 54 52 in
611 1812 239 55 belicvers
877 1815 153 69 being
1060 1817 125 68 Rept
1197 1817 67 69 by
1277 1813 77 55 his
1367 1835 96 50 po-

150 1890 117 37 wer.

110 1943 265 66 Firſt,
405 1945 275 54 Therefore
696 1961 53 38 to
770 1947 83 54 the
882 1949 503 69 unchangeableneſſe
1409 1949 63 51 of

113 2010 201 61 Godel
327 2027 146 51 grant
486 2014 108 49 that
610 2015 67 48 he
686 2017 245 68 changeth
944 2034 111 48 not,
1072 2020 96 50 and
1181 2030 89 55 yet
1283 2020 42 47 it
1339 2018 131 50 doth

150 2090 90 40 not
254 2077 179 55 lollom
450 2079 89 53 but
552 2080 213 67 juſtified
795 2083 203 68 perſons
1021 2103 119 50 may
1160 2085 88 53 fall
1280 2084 187 68 totally

122 2145 125 52 and
257 2144 200 67 finally,
485 2150 101 49 For

218 2212 177 54 Union
408 2214 98 52 and
518 2212 235 55 ſalvation
767 2231 84 36 are
862 2216 332 54 conditional.

217 2278 129 54 Firſt
366 2279 129 70 their
530 2294 229 51 entrance
778 2282 109 55 into
908 2284 44 53 ĩt
969 2283 44 54 is
1036 2282 342 66 conditional;
1399 2283 70 53 he

150 2345 107 57 that
265 2344 243 61 believeth
505 2340 96 88 and
619 2348 53 55 is
685 2350 239 71 baptized
940 2353 116 54 ſhall
1067 2353 66 54 be
1144 2351 166 73 ſaved,
1325 2352 150 118 4

1381 2435 92 41 16.
