1936 2773
495 244 583 300 life
597 267 709 315 may
725 248 851 299 have
866 246 1001 298 their
1385 253 1495 307 out,
1541 234 1641 288 and
1687 234 1818 287 their
1171 239 1369 291 blotted
1013 263 1159 296 name

497 334 604 382 part
625 317 774 367 taken
788 331 880 365 out
1070 312 1189 377 holy
1201 309 1324 374 City
1337 342 1354 366 ,
1393 308 1499 355 that
1512 306 1587 355 do
1606 309 1673 356 n
1707 306 1817 354 wil
895 314 956 363 of
967 315 1050 364 the

494 387 619 449 fully
631 428 646 450 ,
686 384 777 433 but
794 381 934 433 thoe
948 382 1056 432 that
1070 390 1339 430 overcome
1351 416 1367 439 ,
1399 373 1562 426 Chri
1592 373 1697 423 will
1726 385 1817 422 not

496 453 604 504 blot
626 450 755 501 their
767 467 911 503 name
1222 440 1360 492 book
1374 442 1436 492 of
1447 438 1533 490 life
1548 481 1564 506 ,
1599 437 1699 488 but
1716 439 1822 489 will
948 463 1039 499 out
1049 445 1115 496 of
1123 447 1208 496 the

497 588 684 651 Angels
700 623 713 644 ,
748 585 996 637 therefore
1009 582 1250 634 believers
1269 596 1385 642 may
1401 576 1484 628 fall
1497 593 1635 640 away.

499 517 710 570 confee
729 520 867 569 them
883 518 1052 567 before
1063 514 1137 564 his
1162 512 1321 564 father
1331 551 1351 576 ,
1398 509 1500 560 and
1534 506 1705 557 before
1733 503 1822 557 his

570 658 591 704 I
611 655 749 706 leave
1140 662 1199 700 to
1214 647 1301 695 the
1319 646 1504 694 erious
1520 644 1616 692 and
1645 639 1822 691 unbia
763 653 892 704 thee
900 651 1125 705 Reaons

496 720 578 772 ed
596 720 790 772 Reader
808 737 865 771 to
882 719 1043 786 weigh
1062 719 1113 768 in
1129 721 1212 766 the
1636 709 1821 760 anu
1224 712 1446 767 ballance
1524 711 1609 759 the
1458 710 1518 760 of

494 807 598 850 ary.
643 790 663 836 I
680 788 769 838 hal
788 804 908 838 now
924 802 1076 836 come
1084 798 1142 834 to
1157 783 1283 834 hew
1300 779 1381 829 the
1614 773 1819 842 prota
1393 777 1478 828 ue
1490 777 1587 828 and

489 1464 605 1519 love
617 1462 696 1515 his
708 1462 995 1532 appearing.

803 856 902 905 this
918 851 1146 904 dorine
1598 883 1614 908 ,
1662 861 1719 892 or
1734 844 1820 893 the
494 848 709 911 blenee
722 855 788 905 of
1227 845 1579 916 pereverance
1160 850 1223 899 of

492 920 772 991 pobility
785 923 897 973 that
917 921 1081 972 Saints
1100 919 1241 967 and
1255 916 1306 967 in
1319 928 1375 962 to
1389 912 1451 962 be
1465 911 1705 963 deceived
1722 911 1821 960 and

497 992 549 1041 o
587 989 669 1041 fall
695 990 744 1041 if
761 988 880 1056 they
913 990 983 1040 do
1004 999 1099 1037 not
1116 985 1229 1037 take
1245 981 1371 1035 heed
1386 1017 1401 1042 ,
1436 980 1518 1031 ue
1532 981 1612 1031 the
1626 997 1790 1030 means
1804 1021 1821 1046 ,

496 1059 642 1110 rive
674 1058 772 1108 and
790 1058 968 1109 labour
980 1055 1105 1105 after
1120 1053 1211 1102 the
1225 1048 1493 1116 obtaining
1513 1050 1599 1098 the
1614 1052 1817 1113 Crown,

500 1123 664 1179 which
682 1123 803 1190 they
819 1136 1003 1176 cannot
1222 1118 1341 1186 they
1370 1113 1439 1165 do
1457 1129 1549 1165 not
1581 1116 1705 1182 ght
1736 1115 1822 1164 the
1159 1118 1203 1169 if
1019 1123 1146 1172 have

496 1193 637 1262 good
652 1192 780 1263 ght
791 1191 894 1245 and
897 1189 1050 1244 nih
1069 1188 1199 1239 their
1212 1185 1383 1240 coure
1396 1225 1413 1249 ,
1447 1183 1573 1251 keep
1588 1186 1675 1234 the
1690 1181 1817 1234 faith

494 1278 549 1312 to
561 1262 645 1312 the
658 1261 773 1329 end,
809 1278 861 1311 as
879 1259 1000 1311 aith
1303 1252 1365 1303 be
1376 1255 1503 1303 thou
1514 1246 1705 1302 faithful
1724 1270 1818 1301 un
1106 1255 1266 1323 pirit,
1014 1258 1100 1308 the

491 1343 549 1379 to
567 1329 716 1380 death
734 1368 754 1394 ,
788 1328 885 1378 and
901 1332 921 1378 I
939 1325 1040 1376 will
1063 1324 1179 1391 give
1190 1327 1307 1372 thee
1319 1321 1403 1371 the
1421 1324 1608 1372 Crown
1635 1319 1697 1369 of
1711 1318 1820 1385 life,

491 1394 657 1447 which
670 1394 791 1449 God
1044 1406 1172 1444 unto
1187 1391 1251 1442 all
1267 1389 1538 1449 them,that
1562 1385 1612 1437 o
1627 1386 1815 1455 do,and
803 1394 906 1446 will
918 1394 1031 1461 give

267 138 370 237 48

836 130 910 204 A
930 126 1207 224 Treatie
1224 119 1513 225 touching

1670 2085 1813 2161 The

218 240 321 287 Exo.
333 256 399 298 32.
411 256 478 298 32.

218 298 475 348 Heb..0.26.

220 359 414 420 Rev.3.5.

219 1331 316 1376 Rev.
333 1347 371 1376 2.
406 1345 474 1379 10.

224 1409 246 1437 2
264 1393 474 1448 Tim.4.8.
