2073 2773
500 125 234 109 falling
745 130 161 101 ſrom
920 126 234 85 Grace.
1600 150 95 80 43

225 249 283 58 Therefore
520 257 107 46 that
640 251 126 53 faitn
783 249 301 74 whichthey
1096 266 94 56 put
1204 269 146 53 away
1379 266 97 38 was

123 384 5 6 a
156 340 151 39 true
324 322 141 51 faith.

225 392 114 51 The
348 389 165 53 fourth
527 391 110 50 Rea
647 386 86 53 ſon
721 378 81 77 is,
805 385 199 56 becauſe
1018 406 74 35 we
1106 405 84 37 are
1216 403 259 39 comman-

153 458 137 66 ded,
321 472 82 37 uot
421 471 47 38 to
484 465 53 43 be
547 455 109 67 high
671 457 200 66 mindec,
885 457 79 50 but
1001 466 47 41 to
1068 462 108 63 fear
1201 457 165 63 (ſaith
1391 458 86 49 the

159 525 166 69 ſpirit)
339 526 174 67 becanſe
528 529 52 64 of
610 522 205 67 unbelief
859 524 123 68 ihey
999 540 128 35 vere
1142 524 196 52 broken
1366 521 110 63 off;

152 596 101 51 and
265 594 125 50 thou
406 591 163 53 ſtãnds
580 589 67 69 by
662 588 139 62 faith,
823 589 66 51 be
912 607 94 36 not
1017 590 346 70 highminded,
1390 593 90 50 but

154 663 133 65 fear,
326 661 101 50 and
442 660 87 51 the
546 653 171 57 reãſon
738 655 53 64 is,
813 657 203 54 becauſe
1040 668 45 60 ij
1093 661 105 51 God
1205 659 172 67 ſpared
1400 669 80 42 not
1495 662 80 44 Ro.
1581 672 63 34 æ.
1656 672 71 45 20.

151 729 75 52 the
241 729 187 50 natural
434 726 232 60 branches,
682 727 99 60 talæ
792 725 107 51 hecd
910 726 107 68 leaſt
1041 731 52 49 be
1099 732 138 64 ſpare
1255 739 83 40 not
1358 727 125 65 ibee,
1502 735 70 31 22.

157 814 76 39 we
246 795 129 52 muſt
385 795 132 52 fear:
557 794 117 67 why
686 793 134 52 vhat
837 790 40 54 is
891 794 86 52 thẽ
994 786 208 79 matter?
1206 786 132 79 what
1351 795 133 52 need

156 880 77 36 we
251 863 106 50 fear
368 861 46 50 if
420 880 73 34 ve
503 874 188 39 cannòt
703 858 115 53 faliè
833 863 133 50 vhat
983 864 126 49 need
1123 878 79 35 we
1215 862 117 51 take
1343 862 139 50 heed

154 930 48 54 if
206 930 142 53 there
363 927 64 53 be
443 945 68 37 no
523 928 185 68 danger
719 928 117 51 ?but
844 928 144 51 there
1003 929 40 51 is
1056 928 129 51 need
1200 931 50 49 &
1262 929 221 52 thertore

154 989 203 80 danger,
363 989 94 80 for
458 1014 87 38 ve
559 993 140 54 ſtand
712 995 64 67 by
794 993 141 69 faith,
978 998 94 51 and
1092 995 209 53 ifwelet
1312 1012 172 53 goour

156 1065 148 66 taith,
316 1081 51 35 as
385 1082 77 36 we
483 1081 136 51 may,
634 1079 74 35 we
733 1064 65 49 let
817 1082 72 49 go
918 1065 109 62 all,
1079 1065 121 53 God
1216 1062 109 54 wili
1348 1062 137 69 ſpare

161 1149 136 35 usno
314 1149 142 34 more
467 1131 118 51 then
606 1130 65 51 he
683 1129 85 52 did
780 1131 87 65 the
880 1133 194 50 natural
1092 1132 328 51 branches:
1340 1125 84 84 let
1430 1147 56 35 us
1499 1144 103 47 Hieb.
1623 1163 43 42 .
1684 1144 74 47 11.

156 1201 176 50 labour
358 1197 246 53 therefore
613 1209 58 38 to
682 1211 133 37 enter
838 1198 113 52 into
961 1200 133 51 that
1118 1197 111 67 reſt,
1247 1198 120 52 leaſt
1384 1214 100 51 any

158 1284 115 34 man
282 1264 88 53 fall
384 1266 127 52 after
527 1265 85 50 the
624 1261 129 54 ſame
766 1267 234 63 example
1014 1266 56 51 ot
1094 1264 388 63 unbeliefther-

161 1335 115 49 fore
285 1332 235 53 believers
540 1330 53 54 in
607 1331 160 53 Chriſi
782 1347 116 50 may
910 1333 84 52 fall
1007 1350 141 44 away

229 1399 116 50 The
355 1400 80 54 fift
453 1404 44 49 R
511 1402 145 51 eaſon
669 1396 39 52 is
721 1397 200 53 becauſe
946 1402 92 50 the
1065 1397 141 69 ſpirit
1237 1396 127 54 ſaith
1395 1413 89 34 ex-
1503 1388 150 64 Eſe-
1687 1405 40 40 S.

161 1464 212 70 preſſely
387 1469 108 50 that
510 1467 52 51 in
577 1466 86 51 the
674 1469 162 49 Latter
854 1465 136 53 daies
1005 1466 137 51 ſome
1156 1465 116 52 ſhall
1307 1466 178 61 depart
1575 1447 80 102 *5

157 1537 134 53 from
318 1536 87 49 the
423 1532 172 67 Rith,
629 1532 171 69 giving
826 1534 125 51 heed
976 1549 55 36 to
1066 1532 233 68 ſeducing
1316 1528 168 69 ſpirits
1505 1521 41 29 .
1584 1520 2 29 1
1651 1520 19 29 nei
1721 1534 38 17 .

159 1600 101 54 and
288 1598 229 54 doctrine
545 1601 63 49 ot
631 1600 184 67 devils,
851 1600 237 67 ſpeaking
1108 1604 108 64 lyes
1242 1600 55 51 in
1326 1595 223 69 hypo-?

158 1665 171 70 cryſie,
345 1667 125 53 have
482 1667 128 51 their
622 1667 282 51 conſcience
921 1667 168 52 ſeared
1114 1668 122 52 vith
1258 1686 35 32 a
1319 1668 88 48 hot
1442 1661 46 54 i-

162 1751 124 48 ron,
326 1736 244 50 therefore
581 1733 297 53 believersin
898 1734 168 54 Chriſt
1079 1751 114 51 may
1206 1736 84 49 fall
1306 1747 157 52 away.

231 1801 116 55 The
370 1800 125 54 ſixth
517 1799 170 55 reaſon
715 1801 57 67 ĩis,
797 1800 202 54 becauſe
1009 1799 346 69 perſeerance
1369 1798 116 54 hath
1500 1808 146 55 Reaſon
1670 1810 45 42 6.

162 1870 89 60 the
264 1869 215 68 promĩſe
492 1876 54 45 ot
559 1870 84 50 the
655 1875 181 48 Croun
851 1887 50 33 as
917 1889 25 30 a
960 1867 261 54 condĩtion
1237 1869 55 50 of
1304 1867 59 68 ĩt,
1380 1884 107 34 nom

165 1937 288 51 ifbechievers
461 1931 175 76 cannot
659 1936 119 55 fall,
815 1935 346 68 perſeverance
1185 1952 179 36 cannot
1384 1936 60 48 be
1456 1953 28 31 a

165 2003 263 52 condition
444 2004 63 51 of
512 2000 297 68 happineſſe,
842 2001 211 52 becauſe
1078 2003 104 50 that
1198 2003 170 52 vhich
1399 2000 41 49 is
1454 2019 28 33 a

165 2071 170 50 —
346 2068 618 68 ——
1085 2068 66 52 —
1242 2067 242 66 —
1583 2060 185 46 —

163 2153 59 32 or
237 2138 70 49 do
320 2149 93 37 not
428 2134 177 53 obtain
621 2134 76 51 it:
700 2152 89 46 may
800 2135 67 50 be
882 2135 134 49 done
1026 2151 60 33 or
1096 2149 93 35 not
1206 2135 156 50 done:
1369 2149 121 34 non

165 2203 110 51 that
304 2202 47 52 ĩt
373 2202 40 49 is
439 2222 29 32 a
485 2200 257 52 condition
758 2202 38 50 is
808 2202 134 68 plain
956 2200 52 51 in
1025 2198 470 70 ſeripture,
1301 2194 96 81 ber
1396 2194 102 81 hon

167 2268 197 53 faithful
382 2284 129 38 unto
523 2269 166 63 death,
696 2270 95 51 and
802 2272 30 49 l
847 2268 86 53 vil
952 2266 244 69 givethee
1210 2272 216 48 aGrown
1440 2264 59 51 ot

164 2335 107 73 life,
279 2352 61 37 to
355 2336 105 55 him
475 2338 117 54 that
595 2329 285 83 overcomes
900 2337 107 53 will
1020 2338 22 49 l
1060 2335 115 70 gĩve
1188 2339 54 47 to
1256 2348 78 38 cat
1346 2333 153 50 orfthe

774 2404 50 52 G
863 2421 29 45 3
1303 2399 192 58 hidden

1494 416 110 57 —
1610 432 25 27 —
1643 428 45 46 4.

266 2754 16 5 k

513 2743 36 24 3
