2080 2773
183 225 3 5 |
490 125 262 106 Falling
759 124 165 103 from
941 126 232 106 Grace,

184 245 100 56 and
305 240 174 71 prefit,
492 244 113 51 take
619 247 86 66 thy
717 243 90 63 fil,
825 246 131 49 walk
969 261 87 35 not
1075 246 52 49 fo
1138 246 256 69 precifely,
1433 245 73 50 fa-

184 313 131 53 tisfie
329 313 97 65 thy
446 310 91 51 felf
556 312 125 52 with
697 306 94 81 this
801 314 187 68 luft,or
1002 314 111 50 that
1128 316 113 67 luft,
1276 318 79 47 for
1375 315 127 50 thou

184 381 130 53 canft
342 391 90 37 not
444 379 80 49 fall
539 378 130 51 from
689 382 153 63 grace.

320 450 44 47 It
390 444 264 52 rendereth
678 444 236 53 believers
960 447 272 68 uncapable
1268 448 59 52 of
1348 450 156 54 with-_
1526 475 73 45 4,

184 514 225 67 ftanding
457 514 235 51 Satan-in
713 513 106 54 his
854 516 327 67 temptations
1211 559 19 26 ,
1273 517 83 52 for
1390 522 118 51 who

185 600 146 36 more
341 580 273 68 uncapable
631 580 420 71 ofwith{tanding
1066 603 27 32 a
1116 598 175 53 potent
1323 605 182 51 enemy

185 652 122 50 then
319 650 65 50 he
397 648 107 51 that
520 648 227 68 fuppofes
763 648 258 54 himfelfto
1032 655 60 47 be
1106 653 275 67 fecure,and
1395 654 114 52 that

185 721 63 48 he
260 730 182 38 cannot
461 714 60 52 be
533 717 254 66 prevailed
802 718 227 66 againft?
1065 718 76 51 his
1165 737 178 51 enemy
1383 722 123 50 thea

186 780 229 57 willtake
425 783 108 51 him
553 799 48 34 at
616 800 267 51 unawares,
894 787 96 50 and
1004 801 260 38 overcome
1277 788 138 52 him:
1449 786 56 52 fo

185 853 123 64 they
333 851 114 49 that
470 848 222 69 fuppofe
706 851 104 51 that
838 853 125 67 they
1012 851 184 54 cannot
1217 854 86 52 fall
1332 890 17 23 ,
1388 870 118 52 may

186 934 142 53 grow
355 915 159 53 fecure
544 918 100 50 and
679 917 55 51 fo
756 920 269 65 uncapable
1051 919 65 50 of
1145 919 361 71 withftanding

188 992 145 46 Satan
354 987 148 50 when
518 985 64 51 he
604 984 202 53 affaults
822 988 135 51 them
973 1000 52 39 at
1036 1003 271 52 unawares,
1327 989 100 53 and
1452 990 53 49 {o

188 1071 111 48 may
314 1049 338 56 beovercome
669 1053 311 70 immediatly
993 1054 70 69 by
1073 1056 126 64 him.
1452 1058 3 2 |

238 1122 46 46 It
300 1120 202 51 renders
520 1121 138 50 them
670 1120 275 67 uncapable
957 1122 56 52 of
1023 1122 237 68 tuffering
1274 1123 234 68 perfecu~

188 1184 109 53 tion
314 1185 223 54 likewife
548 1185 181 68 forthe
750 1205 147 35 name
923 1188 64 51 of
1005 1190 201 60 Chrift,
1244 1192 84 50 for
1361 1192 144 51 what

189 1252 301 69 ibculdthey
508 1251 479 70 fufferreproaches,
1021 1252 402 71 imprifonments
1447 1272 61 34 or

190 1336 94 50 any
301 1317 297 69 fuchthing,
629 1320 103 70 for,
751 1321 160 66 {ceing
934 1323 219 70 nothing
1172 1334 90 43 can
1291 1323 218 69 feperate

191 1387 137 50 them
344 1387 132 52 from
479 1382 205 78 Chrift,
695 1403 174 37 nonot
887 1386 466 70 fin(asisaffirmed
1318 1382 39 78 >
1369 1390 139 53 what

190 1453 74 51 if]
281 1454 212 64 fhould
499 1471 118 52 (may
630 1449 242 81 fomefay}
874 1449 217 81 conform
1090 1449 55 81 a
1178 1458 129 53 little
1322 1474 55 35 to
1390 1475 116 33 men

191 1521 89 53 and
296 1520 54 53 fo
366 1521 127 67 keep
504 1538 87 50 my
607 1521 98 53 felf
710 1539 87 38 out
810 1514 62 61 of
880 1525 239 52 trouble.
1133 1526 24 48 I
1179 1526 158 52 know
1352 1528 21 46 I
1388 1524 119 51 thall

192 1602 91 39 not
307 1589 65 50 be
391 1587 250 66 feperated
668 1590 125 51 from
812 1592 184 66 Chrift,
1016 1593 110 51 that
1152 1594 43 51 is
1223 1589 283 71 impoflible

192 1659 105 47 that
311 1655 144 52 Ithat
478 1657 265 52 havecnce
761 1654 236 58 believed
1047 1659 179 53 fhould
1240 1662 84 50 fall
1339 1677 159 48 away.

193 1722 141 53 Thus
351 1741 115 49 may
494 1728 146 49 Satan
668 1739 80 55 get
767 1724 85 52 ina
869 1725 168 54 litleat
1051 1725 135 71 firft,
1225 1729 102 52 and
1353 1725 53 52 fo
1434 1727 70 67 by

191 1792 205 62 degrees
418 1791 120 51 take
552 1791 91 52 full
673 1792 277 66 pofi{fion.

263 1856 220 53 Itis
366 1852 31 92 a
397 1856 85 53 let
496 1872 59 37 to
569 1858 341 69 fruitfulneffe,
945 1861 78 52 for
1038 1860 47 52 if
1110 1862 247 54 believers
1387 1878 187 62 can-_,

188 1940 89 37 not
297 1924 85 59 fall
404 1925 129 50 from
566 1943 179 50 grace,
776 1928 137 59 what
927 1931 263 63 needthey
1219 1933 287 47 endeavour
1532 1951 3 2 *

187 1991 122 52 after
318 1989 327 73 fruitfulnefle
660 2010 56 32 or
731 1993 134 67 good
881 1997 164 50 works
1061 1998 22 48 >
1120 1997 138 50 what
1289 2014 114 49 may
1420 1995 83 48 the

187 2057 105 52 rich
312 2076 117 32 man
451 2056 111 68 fay?
600 2063 19 46 I
636 2058 106 53 will
758 2061 124 66 keep
899 2075 86 52 my
1000 2073 202 56 money,
1221 2063 137 52 what
1373 2060 126 53 need

192 2126 98 50 Tbe
304 2125 52 51 fo
369 2124 105 52 rich
488 2123 52 51 in
556 2127 139 66 good
712 2125 204 61 works?
950 2128 192 53 Iknow
1161 2132 23 47 I
1214 2145 182 37 cannot
1418 2129 83 51 fall
1524 2138 251 58 rTim.6.17

187 2208 164 51 away,
384 2190 218 68 nothing
610 2210 91 33 can
718 2194 213 68 feperate
943 2212 82 34 me
1039 2196 133 53 from
1183 2198 184 53 Chrift-
1384 2197 123 50 thus

189 2270 115 53 may
321 2258 265 52 itobftrud
599 2257 354 55 fruirfulneffe.
991 2281 10 25 -

259 2326 232 68 Itopens
514 2342 27 33 a
560 2341 97 54 gap
685 2341 58 38 to
768 2328 63 53 all
864 2329 451 55 Licentioufneffe.
1359 2329 83 52 for
1459 2327 52 52 if
1524 2331 161 59 44/ur.
1705 2336 74 60 13.

1421 2397 92 50 be-

1523 1091 154 57 Abfur.
1696 1104 67 31 tt.

1555 1891 124 67 bfar.
1707 1910 68 33 EZ.

1618 135 88 101 37

1618 493 59 29 ue,
1709 490 68 31 10.
