1946 2773
323 132 66 64 38
834 126 150 81 AT
979 125 215 99 veatife
1209 126 295 108 touching

516 250 244 56 believers
773 248 280 55 cannotfall
1067 264 171 53 away,
1273 234 138 87 what
1427 234 274 87 loofeneffe
1738 246 42 55 is
1803 249 40 53 it

516 322 121 66 they
650 310 108 82 may
786 333 91 37 not
898 334 90 34 run
1009 315 111 53 into
1140 318 28 45 ?
1204 317 276 50 whatneed
1504 315 125 66 they
1654 318 191 65 watch,

516 402 160 55 pray,
711 389 149 62 hear,
893 402 60 34 or
977 384 100 53 doe
1101 398 101 53 any
1229 381 150 69 thing
1404 387 29 46 ¢
1468 384 63 50 let
1561 398 58 51 us
1646 393 74 40 eat
1743 385 101 50 and

241 463 260 63 Abjurd.r3,
517 457 142 58 drink
664 460 85 63 for
764 470 47 35 to
826 468 197 40 morrow
1040 470 64 31 we
1107 450 121 64 foal
1246 451 103 54 diez
1386 449 139 52 what
1556 463 183 36 matter
1758 449 85 51 for

517 520 273 67 following
809 517 257 73 peaceand
1081 515 242 54 holineffe
1339 520 30 45 ?
1403 516 139 53 what
1571 531 184 37 matter
1764 517 79 52 for

516 590 280 66 abftaintag
806 593 133 45 from
960 586 168 67 flethly
1146 585 136 57 lufls,
1321 600 60 33 or
1393 583 80 52 for
1484 582 246 71 cleanfing
1743 601 99 34 our

515 656 158 55 {elves
685 658 135 52 from
849 652 262 54 filthineffe
1136 653 65 50 of
1228 651 120 52 flefh
1368 653 100 50 and
1486 647 186 69 {pirit
1638 643 41 81 ?
1702 652 127 68 they

512 732 189 45 capnot
729 724 88 50 fall
855 752 15 21 »
919 720 217 67 nothing
1160 737 92 34 can
1288 719 219 67 fepsrate
1537 718 137 49 them
1708 715 134 54 froin

513 790 199 55 Chrift?
748 800 174 42 nonot
934 787 87 54 fins
1036 787 148 67 being
1204 802 131 35 once
1353 787 55 51 in
1435 783 198 69 Chrift,
1673 783 47 53 if
1726 785 118 51 this

516 858 300 61 doduincof
823 855 349 69 impoflibility
1187 853 63 52 of
1270 852 182 71 falling
1476 852 132 53 from
1627 853 219 68 gracebe

518 919 128 80 true.
848 965 3 6 |
1043 969 3 3 |
1230 941 2 2 |

586 995 146 51 Thus
749 1009 116 50 may
881 991 44 53 it
948 990 69 53 be
1035 987 147 69 eafily
1218 986 112 52 feen
1353 985 113 53 that
1491 983 99 54 this
1616 984 229 54 doGrine

516 1058 167 55 which
697 1060 41 52 is
756 1057 53 52 fo
822 1057 284 53 contended
1116 1056 99 57 for,
1235 1054 123 52 with
1370 1053 53 52 fo
1434 1053 165 64 much
1614 1054 232 66 pretend-

518 1128 65 51 ed
596 1126 246 70 ftrength,
866 1127 43 50 is
922 1139 91 38 not
1026 1124 144 55 Gods
1188 1123 123 65 holy
1324 1121 177 64 minds
1533 1121 168 51 butan
1735 1120 112 70 opt-

519 1196 126 52 nion
661 1196 155 52 taken
832 1193 178 70 upand
1025 1190 356 54 endeavoured
1394 1203 56 37 to
1462 1191 63 49 be
1540 1187 307 54 maintained

518 1262 95 53 but
629 1261 187 54 cannot
826 1261 70 68 by
911 1259 204 54 written
1130 1257 186 69 verity;
1348 1259 69 51 let
1435 1253 42 54 it
1505 1254 251 66 therefore
1780 1257 68 52 be

521 1329 234 70 weighed
768 1328 55 56 in
842 1331 87 54 the
952 1328 223 55 ballance
1188 1327 99 54 and
1301 1325 42 55 it
1353 1322 178 56 willbe
1560 1322 167 53 found
1751 1341 94 36 too

241 1447 37 43 R
519 1399 157 67 light,
710 1396 274 69 howitcan
1018 1392 270 55 becleared
1304 1393 131 51 from
1463 1390 138 53 thefe
1626 1388 222 55 abfurdi-

240 1461 149 89 Phils.
450 1461 53 31 7,
520 1462 202 57 tieslaid
734 1465 202 53 down
883 1450 71 105 I
962 1460 301 67 knownot,
1300 1457 164 54 which
1482 1474 86 35 are
1585 1474 119 53 very
1721 1459 127 52 dan-

339 1539 64 12 2:
464 1523 40 32 ¥2*
520 1549 196 55 serous,
749 1533 85 51 and
841 1530 248 54 isindeed
1100 1530 110 53 that
1223 1528 165 52 which
1404 1524 106 54 will
1528 1525 201 70 deftroy
1749 1527 99 51 and

239 1566 172 42 Cor.16.1
489 1598 12 12 3.
560 1602 9 9 8:
1004 1597 13 10 :
1328 1593 78 11 ens

242 1566 101 121 Heb.
458 1585 44 87 e
495 1589 168 80 diffol
668 1615 61 38 ve
742 1600 88 52 the
844 1614 121 51 very
982 1596 164 53 lifeof
1164 1613 30 35 a
1204 1595 289 54 Chriftians
1516 1595 207 50 warfare
1751 1593 98 51 and

238 1681 92 45 Luk
352 1692 148 40 21.26,
523 1666 334 72 pilgrimage,
892 1665 169 52 which
1085 1664 66 52 all
1166 1662 112 53 that
1293 1659 91 57 wil
1400 1678 73 50 go
1494 1675 58 38 to
1588 1657 115 54 blifs
1718 1659 132 53 muft

244 1754 19 31 t
284 1741 94 48 Pet,
402 1748 94 56 5.8.
520 1733 344 73 paflethorow
881 1731 126 56 with
1023 1731 104 54 fear
1143 1730 98 54 and
1258 1727 295 71 trembling,
1578 1726 123 54 with
1718 1728 132 51 fted-

237 1803 234 58 Heb,3.12,
519 1804 90 54 faft
635 1802 125 53 faith
777 1831 35 37 -
830 1800 130 55 with
991 1800 265 67 patience,
1292 1796 131 53 with
1450 1794 400 68 watchfulneffe,

237 1862 190 49 Col.2.8.
525 1871 120 53 with
662 1869 235 67 fobriety,
938 1868 128 51 with
1085 1866 178 65 taking
1277 1864 149 67 heed,
1459 1865 126 52 with
1597 1864 153 66 being
1762 1864 87 51 be-

238 1919 95 110 ant
364 1939 140 43 7°15+
523 1956 132 37 ware
672 1938 206 64 ofmen,
914 1934 65 55 of
981 1933 117 61 falfe
1115 1934 283 67 prophets,
1429 1930 224 58 feducers
1671 1973 15 23 ,
1721 1929 132 54 little

239 1994 88 93 Ag
340 1996 58 90 .
406 2002 97 74 ‘15+
521 2011 187 60 Foxes,
732 1992 220 88 Wolves
962 1999 71 55 in
1059 2001 172 66 fheeps
1260 1997 256 70 cloathing
1541 2035 20 28 ,
1598 1996 255 68 grievious
1854 1992 44 88 —

401 2063 94 38 "9"
523 2075 187 51 wolves
748 2097 14 35 5
799 2069 230 70 perverfe
1052 2068 227 67 ipeakers
1316 2107 19 26 ,
1370 2062 120 56 falfe
1517 2068 221 49 teachers
1751 2065 99 52 and
1883 2070 13 11 ©

519 2142 116 51 fuch
648 2138 140 64 like;
820 2138 82 52 for
914 2139 110 51 fure
1036 2152 181 37 weare
1232 2135 154 51 fallen
1400 2134 112 52 into
1528 2132 82 52 the
1627 2132 224 70 perilous

519 2207 195 67 times.,
749 2206 126 57 whew
884 2226 106 34 men
989 2207 116 66 foall
1112 2204 61 51 be.
1192 2206 152 50 lovers.
1367 2205 61 66 of
1444 2204 263 65 themfelves
1732 2221 121 33 more

517 2280 106 49 then
639 2281 150 46 livers
804 2278 61 67 of
869 2276 120 64 God,
1028 2271 246 54 therefore
1285 2287 78 35 we
1375 2272 129 51 have
1520 2271 128 51 need
1662 2285 57 37 to
1736 2270 118 51 take

512 2361 56 36 to
586 2343 152 55 usthe
750 2343 137 54 whole
904 2348 185 48 armeonr
1103 2342 62 65 of
1170 2339 105 52 God
1283 2339 102 51 that
1404 2355 66 36 we
1481 2355 101 51 may
1616 2339 53 52 be
1693 2340 101 48 able
1801 2349 49 105 ‘2

598 2454 5 4 .
1715 2413 79 44 Wil
1833 2435 16 11 L-

222 2717 146 29 ee
490 2729 106 9 ee
619 2715 132 58 —_~;,
829 2726 19 47 -
