1953 2773
360 151 99 74 16

867 137 76 74 A
953 89 282 149 Treatife
1270 124 294 104 touching

541 278 93 52 you
646 256 100 54 that
752 274 55 52 ye
818 243 121 91 walk
949 243 165 91 worthy
1137 250 61 65 of
1200 247 74 54 the
1286 251 214 44 vacation
1518 241 139 51 where
1672 239 115 54 with
1790 257 89 49 you

526 351 100 42 “are
641 327 157 66 called,
808 322 243 67 @eechap.
1077 336 46 35 1.
1140 335 62 51 4+
1218 318 81 66 for
1310 313 103 50 God
1430 309 110 53 hath
1552 320 82 41 not
1660 309 140 50 called
1823 327 54 31 ws

550 410 18 53 (
595 401 98 46 viz.
742 395 240 50 believers
998 409 26 48 )
1061 399 47 39 to
1133 380 328 68 wecleanneffe:
1500 379 78 50 but
1605 390 49 38 to
1683 377 196 65 holinefe

556 485 18 48 i
597 467 155 55 Thef.
788 483 51 44 4.
876 476 50 49 7.
1896 445 5 5 ,

619 537 140 49 Now
794 529 141 56 thofe
971 524 115 55 that
1117 541 83 34 are
1226 520 87 53 the
1342 514 161 58 called
1528 513 270 68 according
1825 529 51 37 to

555 604 146 50 Gods
717 598 212 69 purpofe
944 599 24 48 ¢
983 597 114 49 that
1112 593 39 51 is
1165 589 115 53 fuch
1298 606 60 38 as.
1362 584 132 71 walk
1518 585 204 66 worthy
1736 582 63 52 of
1806 583 71 51 his

550 671 183 66 calling
749 668 71 70 by
830 666 215 65 making
1057 660 130 52 their
1201 655 183 69 calling
1401 657 98 49 and
1513 652 212 50 election
1762 645 119 78 {ure,

557 759 24 30 2
600 750 90 39 Pet.
717 741 182 51 2.10.)
937 729 181 56 healfo
1146 723 234 70 juftifies,
1415 722 101 52 and
1545 720 137 49 them
1701 720 179 50 healfo

555 804 249 69 glorifies:
843 800 164 55 thatis
1029 839 15 22 ,
1078 796 115 51 fuch
1212 792 244 53 asindure
1485 788 152 51 tothe
1650 786 98 51 end
1765 785 115 67 they

556 875 117 53 fhall
694 869 244 70 befaved,
964 867 100 53 and
1079 861 251 69 glorified,
1366 855 206 75 yeaand
1600 856 124 58 they
1749 855 134 67 only,

556 963 51 33 as
625 944 115 49 hath
755 940 130 51 been
902 933 214 56 fhewed.
1405 989 5 4 .

627 1017 95 46 But
738 1008 121 52 faith
878 1008 89 50 the
985 1005 315 66 Argument,
1337 993 149 56 Caled
1506 991 180 66 perfons
1718 1004 165 40 cannot

550 1082 94 66 fall
652 1098 144 49 away,
830 1073 175 70 beeanfe
1019 1072 98 67 they
1126 1068 116 68 foall
1254 1069 51 49 be
1312 1062 209 72 glorified.

627 1153 122 48 Sure
763 1143 99 54 this
873 1138 279 56 conclufion
1166 1138 42 51 is
1221 1152 56 36 to
1296 1136 152 65 large,
1465 1129 47 53 if
1519 1128 64 69 by
1602 1127 158 53 called
1772 1143 112 53 per-

556 1214 186 53 fonsbe
755 1223 168 42 meant
946 1209 72 53 all
1034 1208 155 53 called
1217 1201 201 72 perfons
1454 1216 16 33 :
1520 1198 83 52 for
1630 1197 88 53 the
1751 1194 134 56 Lord

514 1324 13 20 _
559 1281 327 65 Chrittfaith,
918 1296 134 47 many
1069 1295 75 33 are
1159 1274 140 52 called
1332 1312 17 23 ,
1384 1269 77 60 but
1482 1268 93 66 few
1600 1285 74 30 are
1699 1265 187 66 chofin,

556 1356 131 49 Mat.
729 1367 73 34 22
851 1349 75 52 1&8.
964 1343 255 54 fomethat
1236 1360 83 34 are
1335 1336 157 53 called
1504 1349 166 35 comes
1685 1332 131 52 fhort
1834 1332 61 49 of

557 1421 165 66 glory,
754 1417 81 52 for
858 1414 220 55 wantof
1104 1412 222 65 walking
1336 1404 203 64 worthy
1554 1402 64 49 of
1640 1401 133 51 their
1789 1402 97 50 cal-

555 1486 126 69 ling:
718 1485 82 51 for
818 1483 267 51 fometarn
1105 1480 88 49 the
1208 1490 146 57 grace
1378 1469 65 53 of
1464 1469 120 56 God
1614 1467 111 51 into
1753 1485 133 33 wan-

552 1553 262 60 torneffes
843 1549 98 52 and
955 1547 134 53 fome
1108 1547 108 50 that
1232 1562 82 35 are
1326 1538 257 69 righteous
1600 1553 57 32 or
1672 1534 214 72 juftified

555 1642 119 49 may
692 1616 395 59 becondemned
1154 1615 82 50 for
1273 1608 133 58 their
1430 1608 475 58 non-continuance:

556 1691 54 52 in
627 1694 84 50 the
726 1689 196 62 workes
941 1684 65 52 of
1021 1673 409 78 rightcoufnefle,
1463 1686 267 54 asappears
1752 1672 136 60 Ezek,

560 1763 85 49 18.
683 1777 78 49 24.
797 1773 26 35 2
844 1765 91 43 Pet.
976 1768 144 38 2.21.
1152 1743 329 61 thereforeall
1495 1741 112 51 that
1622 1760 83 33 are
1735 1742 155 48 called

558 1844 82 34 are
657 1842 90 37 not
759 1821 251 72 glorified:
1051 1818 89 52 but
1153 1816 121 53 fuch
1287 1813 147 65 onely
1450 1810 120 51 who
1597 1808 68 67 by
1694 1809 192 68 patient

558 1896 332 51 continuance
904 1890 53 50 in
975 1886 118 53 well
1109 1884 159 68 doing
1281 1880 109 53 feek
1409 1878 78 52 for
1500 1875 165 69 glory,
1679 1876 98 53 and
1797 1877 90 50 ho-

557 1968 151 63 nour,
735 1956 441 68 andimmortality
1193 1996 16 23 ,
1245 1949 209 53 eternall
1480 1944 105 67 lite,
1620 1954 129 42 Rov,
1768 1961 40 33 2.
1845 1960 44 42 7.

556 2033 65 48 So
639 2030 152 53 much
807 2028 79 50 for
900 2026 407 64 thatargument.
1378 2018 208 51 Nowto
1603 2012 86 63 the
1701 2010 187 56 fourth.
1879 2006 15 88 .

625 2120 62 49 4.
714 2109 111 53 Arg.
874 2091 360 71 Isftatedthuse
1272 2096 47 42 In
1341 2085 75 53 the
1430 2102 49 50 4.
1497 2081 135 69 John
1621 2077 93 77 14.
1724 2081 65 52 he
1788 2077 103 77 tels

554 2185 56 30 ws
625 2179 42 39 it
680 2176 39 41 is
735 2165 192 63 aliving
932 2166 226 63 fountain
1178 2156 102 51 that
1296 2173 85 31 can
1410 2168 138 35 never
1575 2151 51 48 be
1652 2151 141 59 dryed
1822 2164 70 48 up.

554 2243 142 43 Grace
708 2248 49 38 as
771 2239 40 42 it
824 2223 465 67 is'a.creature,might
1308 2222 81 60 doe
1399 2238 56 39 as
1468 2217 148 51 others
1631 2216 149 66 might
1791 2218 99 56 docs

554 2302 78 47 but
645 2299 181 62 becanfe
843 2297 82 50 the
925 2279 218 90 fountain
1179 2290 113 52 doth
1311 2285 157 71 ftrive
1485 2293 49 42 to
1557 2289 234 52 maintain
1823 2283 72 48 the

541 2365 218 74 fereams,
776 2365 219 68 therefore
1013 2372 41 42 it
1071 2369 165 43 eannot
1248 2360 51 48 be
1310 2357 136 51 dried
1456 2369 76 53 up.
1544 2353 230 67 Therefore
1790 2351 107 65 Cc,

1691 2419 201 67 Anfwers
