2054 2773
458 100 221 104 falling
688 97 173 110 from
875 100 235 102 Grace.

135 233 204 59 ansthat
359 228 171 57 Chrift
544 228 118 52 hath
681 227 285 54 reconciled
978 230 137 51 them
1136 227 51 51 in
1213 228 85 52 the
1328 230 151 67 bady:

137 303 60 55 of
201 302 75 55 his
291 298 123 54 flefh
428 298 229 68 through
675 297 148 50 death
843 312 55 35 to
914 297 195 69 prefent
1138 296 140 53 them
1321 299 150 68 holy,

135 366 467 67 andunblamcably
621 365 100 52 and
738 366 361 70 unreprovable
1114 363 53 54 in
1185 365 78 52 his
1279 366 145 71 fight,
1432 366 55 52 if

136 434 377 79 yecontinucin
528 433 251 72 thefaith,
823 434 272 67 grounded
1123 435 110 52 and
1261 434 178 53 fettled
1457 472 16 24 ,

138 510 93 53 and
246 509 64 51 be
324 517 90 39 not
432 507 170 47 movw’d
616 519 141 52 away
770 502 133 51 from
920 504 86 50 the
1018 502 307 68 hopeofthe
1339 502 131 54 Gof-
1526 525 9 2 -

136 580 76 66 pel
240 573 167 57 which
436 588 65 51 ye
523 572 138 67 have
682 571 151 52 heard
858 574 151 50 Col.1,
1047 589 63 34 21,
1129 572 342 65 22,23.mark,

136 648 118 64 they
266 643 121 52 then
402 639 117 51 fhall
532 637 62 54 be
617 636 258 70 prefented
899 641 137 65 holy,
1065 637 370 69 unreprovable
1451 680 19 25 ,

138 707 364 65 unblameable:
522 723 141 50 upon
680 708 129 50 what
827 709 179 52 terms?
1021 708 122 67 why
1155 706 48 50 if
1206 707 121 68 they
1341 724 123 33 con-

139 781 143 52 tinue
291 778 103 53 &c.
411 774 96 54 and
525 772 190 55 fofaith
730 776 79 51 the
823 773 159 68 Spirit
996 788 132 38 unto
1145 775 82 51 the
1252 774 218 69 Angells

141 848 155 52 ofthe
306 843 204 57 Church
525 841 53 53 in
595 854 218 57 Smyrna,
854 844 63 51 be
931 845 130 50 thou
1089 841 222 53 faithfull
1338 857 128 35 unto

140 912 267 68 death,and
422 915 24 45 I
458 910 108 51 will
579 908 212 69 givethe
805 914 190 50 Crown
1010 908 153 53 oflife
1173 919 116 42 Hee.
1319 924 43 34 2.
1396 924 68 35 10.

143 984 94 50 and
248 981 56 50 fo
316 981 222 51 untothe
551 977 208 51 Church
774 975 53 52 in
841 978 232 68 Thyatira,
1107 976 183 51 hethat
1315 993 149 33 over-

147 1049 196 53 cometh
362 1045 99 54 and
474 1044 214 67 keepeth
702 1061 82 52 my
803 1046 169 52 works
984 1045 230 52 untothe
1237 1042 131 60 end,
1407 1055 58 38 to

143 1121 104 53 him
261 1117 107 54 will
381 1118 24 48 I
421 1111 117 70 give
550 1129 169 52 power
732 1116 119 48 over
864 1114 86 52 the
961 1115 224 64 nations,
1211 1108 140 55 verfe
1383 1115 84 64 25,

147 1196 165 55 26.27,
338 1183 188 55 hethat
540 1183 327 50 overcometh
880 1184 91 49 the
983 1181 128 52 fame
1124 1181 120 51 fhill
1273 1179 64 50 be
1360 1180 105 49 clo-

147 1253 119 53 thed
277 1255 52 59 in
345 1249 156 57 white
516 1248 318 62 raiment,and
847 1252 24 46 I
887 1250 104 51 wi)]
1003 1246 95 51 not
1112 1249 109 50 blot
1232 1246 237 51 hisname

145 1336 92 37 out
250 1317 55 55 of
317 1321 85 51 the
411 1317 145 52 bock
566 1314 60 53 of
629 1317 191 66 life,but
838 1319 23 47 I
882 1316 103 58 wi)l
998 1314 217 54 confefie
1229 1316 75 48 his
1317 1331 150 34 name

145 1388 170 54 before
328 1403 86 48 my
426 1383 272 60 father,and
712 1384 165 53 before
887 1384 86 53 his
978 1383 119 62 holy
1119 1384 204 62 Angels,
1349 1381 112 50 cha.
1480 1420 12 20 ,

146 1475 26 33 2
217 1474 41 43 5.
272 1458 94 47 our
378 1453 134 51 Lord
529 1450 165 54 Chrift
712 1451 120 52 faith
845 1452 52 49 in
913 1453 84 50 the
1014 1448 237 53 fifteenth
1271 1447 61 50 of
1340 1447 122 70 John

146 1522 295 65 thefecond,
477 1538 145 50 every
641 1518 246 54 branchin
903 1537 82 33 me
1002 1519 109 51 that
1137 1515 202 52 beareth
1371 1529 96 36 not

145 1594 117 52 fruic
296 1592 62 50 he
378 1588 175 51 taketh
581 1606 174 47 away:
792 1588 138 50 fome
955 1586 240 52 branches
1226 1582 52 52 in
1304 1579 175 58 Chrift

148 1679 113 48 may
278 1658 211 52 become
502 1654 345 53 fruitlefleand
864 1654 54 51 fo
939 1653 149 53 taken
1117 1669 141 50 away
1283 1650 68 67 by
1383 1650 96 49 the

146 1731 176 50 Father
334 1748 18 40 ;
367 1724 49 50 fo
429 1726 91 49 the
534 1726 196 50 Author
746 1740 58 34 to
819 1723 86 49 the
917 1722 104 51 Heb.
1012 1711 168 81 faith,
1183 1718 110 52 that
1309 1716 164 53 which

148 1795 201 52 beareth
365 1793 201 51 thornes
579 1791 97 51 and
693 1789 212 70 bryersis
919 1788 209 70 rejeGted
1147 1788 102 52 and
1279 1786 42 53 is
1348 1785 123 68 nigh

148 1879 122 36 unto
286 1860 189 66 curfing
485 1860 105 48 Heb.
607 1861 98 50 6.8.
1089 1853 8 5 ,

161 1963 39 34 __
214 1938 74 61 By
301 1931 97 48 this
410 1926 167 53 which
596 1927 122 49 hath
731 1924 121 51 been
865 1923 104 53 faid
985 1922 42 53 it
1041 1920 208 70 appears
1264 1918 110 51 that
1389 1936 78 32 we

103 2019 7 15 -
147 2001 206 51 haveno
364 1994 159 55 union
540 1992 126 52 with
680 1991 161 55 Chrift
854 1992 92 51 but
970 1992 67 66 by
1068 1988 262 64 believing
1364 1987 103 52 and

147 2065 159 70 doing
315 2067 86 49 the
417 2062 106 53 will
542 2061 53 50 of
612 2061 247 66 God,and
871 2061 108 50 that
992 2056 155 54 union
1163 2055 128 54 with
1306 2054 179 62 Chrift

149 2131 330 57 iscontinued
496 2130 70 68 by
596 2126 316 69 perfevering
943 2126 55 52 in
1026 2123 162 69 doing
1213 2123 89 51 the
1361 2122 118 54 will

150 2205 56 53 of
216 2202 126 56 God
356 2201 98 52 and
468 2212 92 41 not
573 2194 296 54 otherwife:
907 2193 120 54 God
1041 2191 192 71 having
1252 2187 217 71 promif-

149 2275 61 50 ed
224 2269 192 55 eteynal
428 2264 234 70 lifeypon
677 2265 225 51 noother
914 2254 166 84 terms.
1090 2254 87 84 Now
1237 2258 99 55 this
1349 2275 126 48 con-

151 2339 186 55 fidered
353 2353 80 38 we
445 2353 117 51 may
579 2333 187 70 plainly
780 2331 191 56 feethat
989 2328 244 70 although
1261 2323 217 77 perfons
1474 2319 31 89 _

261 2411 2 2 |
553 2404 3 2 |
1186 2455 9 3 .
1297 2391 182 58 which:
