1960 2773
846 132 76 78 A
968 128 289 105 Treatiſe
1274 133 304 109 touobing

564 258 116 52 ſhall
698 271 89 39 not
802 259 66 51 be
877 258 235 56 deceived
1128 258 68 69 by
1220 259 144 53 falſe
1377 264 248 68 Prophets
1645 267 99 51 and
1770 266 119 57 falſe

564 326 209 68 Chriſts,
783 327 240 70 although
1045 328 119 67 they
1184 327 177 53 ſhould
1387 344 148 39 come
1558 332 130 53 with
1712 336 66 51 all
1800 339 88 51 de-

562 393 379 60 ceivcableneſſe
960 398 55 49 ot
1050 395 459 69 untighteouſneſſo
1533 398 55 54 in
1616 403 137 52 them
1781 406 108 54 that

565 462 185 68 periſh,
766 464 73 51 2
840 464 92 69 7beſ.
951 480 47 35 2.
1018 481 76 36 10.
1123 461 143 54 thoſe
1287 465 114 54 that
1427 469 103 51 doe
1554 468 255 71 wickedly
1832 494 49 33 a-

560 529 160 67 Zaiuſt
731 531 85 60 the
828 536 281 54 Cõvenant,
1121 532 120 50 ſhall
1251 532 61 52 be
1328 550 207 52 corrupt
1548 534 69 70 by
1631 536 254 54 flatterics:

566 600 92 48 but
676 598 85 50 the
774 592 183 82 people
967 599 122 52 that
1112 596 155 53 Enow
1292 598 130 54 their
1451 602 171 68 God-,
1675 605 121 53 ſnall
1821 608 67 50 be

561 662 185 70 ſtrong,
768 667 100 67 and
883 663 68 54 do
966 663 238 72 exploits.
1237 675 126 42 Dan.
1405 680 46 38 I..
1466 674 111 60 32.
1616 673 148 71 They
1775 673 110 53 that

594 729 408 69 vediligenceto
1017 731 287 55 maketheir
1327 735 186 72 calling
1537 738 95 51 and
1665 740 215 54 election

554 748 134 111 —
722 796 52 54 in
788 798 53 52 ſo
856 800 159 69 doing
1032 801 116 50 ſhall
1158 817 151 34 never
1319 802 106 63 fall,
1452 816 142 40 2pPet.
1609 822 36 34 t.
1663 822 70 37 i0.

635 866 288 69 Secondly,
954 865 72 71 by
1047 869 86 51 the
1171 868 142 51 vord
1343 871 137 52 Elect
1509 871 43 52 is
1593 871 292 57 ſometimes

564 948 170 39 meant
782 932 147 54 Iſrael
972 933 128 53 alter
1151 935 92 50 the
1285 934 169 66 fleſh;
1514 937 81 53 for
1634 942 128 68 they
1796 958 90 36 are

559 1001 165 52 called
748 1001 93 51 the
864 1002 183 52 choſen
1058 1001 67 52 of
1142 1000 138 70 God,
1310 1006 138 50 Deut.
1480 1022 44 47 7.
1538 1008 50 49 6.
1630 1006 133 69 chap̃.
1794 1024 82 51 14.

560 1085 47 35 2.
645 1067 152 53 Exod.
838 1084 72 53 19.
936 1085 48 52 5,
1009 1066 49 56 6.
1093 1082 89 57 yet
1209 1069 444 74 notvithſtanding
1676 1075 207 54 becauie

556 1136 57 51 ot
622 1133 352 73 unbelietthey
987 1153 134 40 werẽ
1130 1149 85 40 cut
1228 1138 91 64 off,
1333 1148 131 46 Hom.
1483 1156 73 40 11.
1576 1158 78 38 26.
1686 1157 90 55 yet
1786 1156 92 41 not

552 1203 82 53 for
659 1221 139 46 evers
828 1204 82 53 for
924 1206 55 50 fe
999 1206 39 51 is
1048 1202 111 55 able
1171 1219 54 37 to
1237 1198 162 86 graffe
1415 1208 130 53 them
1575 1208 52 54 in
1656 1212 146 68 again
1828 1230 49 34 v.

558 1288 87 46 23.
656 1272 273 65 compared
944 1271 123 53 with
1080 1291 52 32 v.
1144 1287 79 52 24.
1243 1273 122 52 God
1378 1274 107 54 will
1494 1291 93 37 not
1613 1277 165 71 foret
1788 1279 89 50 the

552 1342 270 52 Covenant
835 1338 148 53 made
994 1338 123 53 with
1129 1340 162 51 them.
1317 1342 93 70 Jer.
1434 1361 82 50 31.
1532 1362 48 34 v.
1615 1359 155 52 3150
1796 1363 79 49 34.

550 1407 173 51 There
736 1404 119 52 ſhall
873 1423 180 34 comea
1070 1402 245 56 deliverer
1326 1424 94 37 out
1434 1409 67 52 of
1501 1412 135 65 Syon
1648 1412 108 53 that
1775 1413 102 52 ſnal

544 1486 120 37 turn
674 1468 350 71 ungodlineſſe
1038 1469 138 54 from
1187 1472 158 70 Jacob.
1369 1477 106 53 Gc.
1533 1484 135 58 Rom.
1701 1497 75 35 11.
1798 1480 78 52 26.

545 1538 194 68 though
751 1550 50 39 as
816 1538 305 68 concerning
1134 1540 87 50 the
1234 1540 189 69 Goſpel
1436 1545 119 66 they
1567 1564 84 33 are
1660 1546 217 53 enemies

541 1606 82 53 for
635 1622 129 50 vour
781 1606 161 64 ſakes,
976 1621 88 54 yet
1078 1623 50 34 as
1144 1608 249 69 touchiug
1404 1610 86 53 the
1517 1612 208 53 clection
1752 1615 124 68 they

548 1689 86 37 are
651 1671 215 55 beloved
879 1671 79 54 for
973 1675 85 49 ihe
1072 1676 193 50 Fathers
1278 1675 134 70 ſake,
1435 1697 51 31 v.
1509 1682 81 50 28.
1631 1681 245 69 althougu

542 1742 120 62 they
686 1759 81 37 are
780 1756 118 35 noꝝ
910 1741 258 65 deceived,
1194 1757 85 52 yet
1292 1745 120 51 theũ
1431 1745 41 52 it
1485 1746 114 53 ſhall
1614 1747 62 53 be
1689 1748 187 67 impòil-

542 1808 119 52 ſible
676 1825 59 35 to
746 1807 204 53 deceive
964 1812 157 57 them;
1135 1809 82 51 for
1231 1812 122 67 they
1370 1811 97 52 ſhal
1482 1814 78 55 ſee
1580 1813 107 54 him
1704 1818 175 49 wůom

539 1876 260 66 theyhave
809 1876 205 67 pieroed
1028 1875 98 52 and
1151 1893 219 47 mourn,
1410 1877 104 57 Gc.
1531 1881 133 53 Zach.
1706 1898 74 39 12.
1800 1902 75 36 10,

538 1952 120 43 Rev.
689 1951 39 44 I.
757 1957 44 47 7.
835 1952 132 44 Mat.
986 1963 78 45 24.
1083 1961 83 47 30.

602 2006 274 69 Thirdly.,
924 2009 68 64 by.
1036 2012 133 53 Eſect
1198 2011 290 56 ſometimes
1501 2015 41 52 is
1566 2031 162 36 meant
1742 2018 188 4 jeſus

536 2074 188 66 Chriſt,
745 2072 81 53 for
836 2076 66 51 he
912 2075 40 55 is
963 2078 90 51 the
1064 2095 124 52 very
1206 2081 172 52 Elect:
1408 2082 187 53 behold
1609 2081 131 55 ſaith
1756 2087 120 52 God

539 2160 91 50 my
643 2142 208 64 ſeryant,
866 2145 139 50 mine
1014 2145 130 52 elect
1167 2146 54 52 in
1240 2148 172 52 whom
1425 2167 87 50 my
1529 2149 107 53 ſoul
1650 2147 227 71 delight-

534 2210 106 64 eth,
687 2209 55 67 .
752 2223 148 53 421.
934 2210 66 53 he
1010 2211 51 52 is
1066 2211 87 54 the
1175 2214 142 53 chief
1333 2232 176 37 corner
1533 2217 157 61 ſtone,
1720 2219 158 68 Tect,

532 2275 254 68 precibus,
798 2275 106 56 &c.
926 2288 127 53 ipet,
1083 2297 49 33 2.
1166 2278 49 52 6.
1252 2289 127 45 AMat.
1420 2299 80 37 à1.
1535 2301 85 51 42.
1657 2283 66 53 fie
1745 2282 129 58 ſaith

535 2342 87 53 the
637 2345 136 53 Lord
784 2344 117 53 ſhall
912 2359 95 40 not
1027 2346 91 55 fail
1143 2365 96 36 nor
1262 2346 67 56 be
1350 2348 349 73 diſcouraged,
1722 2351 154 69 Iſaiap

1732 2438 142 52 42.
