1957 2773
892 88 360 101 Areatiſe
1268 87 424 110 toucbinga-

566 208 130 53 faith
709 224 57 39 to
778 205 266 67 ſalvationʒ
1054 204 142 54 mark
1208 207 24 49 I
1246 198 136 79 pray,
1384 203 121 68 here
1516 223 84 41 are
1611 219 108 51 two
1730 202 166 70 things

569 271 347 77 confiderable.
1727 314 39 25 1

631 343 150 67 Firſt,
789 345 85 51 the
899 341 316 55 inheritance
1238 339 39 53 is
1303 341 79 52 for
1393 338 140 55 thoſe
1547 341 118 67 who
1684 357 82 35 arc
1775 343 124 66 kept

570 410 68 71 by
654 413 84 50 the
750 427 170 53 power
932 411 67 51 of
1003 411 135 53 God.

639 480 247 68 Secondly
910 482 87 48 the
1014 495 171 52 power
1208 477 117 53 God
1346 475 251 69 keepeth,
1647 493 60 45 or
1732 474 173 70 beget·

567 549 105 51 teth
687 549 85 68 by,
787 545 43 56 ĩt
844 548 40 53 is
900 564 90 35 not
1009 566 28 35 à
1051 545 208 54 forcible
1283 564 60 33 or
1365 563 112 33 com
1490 544 187 70 pulſive
1704 560 203 53 pomer,

568 634 53 35 as
634 616 138 52 ſomé
783 615 299 70 ſuppoſeth,
1117 615 92 51 but
1228 616 84 49 the
1329 613 251 70 powerful
1596 628 168 37 means
1794 611 113 53 that

564 683 66 53 he
638 681 137 56 uſeth
790 703 50 35 as
856 700 56 36 to
923 682 157 52 both:
1144 681 250 53 therefore
1419 682 94 50 the
1528 681 206 68 Apoſtle
1758 676 145 64 ſaith,

564 752 120 50 Iam
699 764 93 37 not
806 751 227 50 aſhamed
1050 749 153 51 ofthe
1223 748 186 68 Goſpel
1427 747 64 51 of
1502 747 235 62 Chiiſt,
1687 741 61 81 it
1752 745 45 52 is
1811 746 85 52 the

562 836 179 49 pover
753 817 65 51 of
820 817 119 51 God
952 831 59 36 to
1025 816 241 52 ſalvation
1281 833 57 42 to
1363 831 152 52 every
1548 832 100 34 one
1679 813 107 51 that
1812 812 87 50 be-

560 885 192 53 ſieveth
768 894 131 43 Rom.
914 902 36 35 i.
973 885 72 51 16.
1059 886 91 51 but
1165 903 74 33 me
1254 883 183 68 preach
1456 881 170 56 Chriſt
1641 879 258 70 crucified,

562 966 59 41 to
646 955 89 52 the
760 955 159 67 Jewes
944 970 29 34 a
1001 951 277 70 ſtumbling
1300 951 170 68 ſtone,
1535 950 98 52 and
1660 963 134 45 unto
1816 949 82 50 the

560 1023 162 58 Grees
741 1019 340 68 fooliſhneſſe,
1116 1020 89 54 but
1219 1034 125 38 unto
1356 1020 141 51 them
1511 1017 111 53 that
1633 1034 89 35 are
1734 1015 164 52 called

522 1090 158 55 both
713 1107 77 34 ſew
804 1088 98 54 and
915 1089 240 62 Greekime
1169 1088 204 71 preach(
1377 1086 81 52 for
1477 1085 50 53 ſo
1554 1086 41 52 it
1615 1085 39 53 is
1666 1082 229 70 implid)

570 1159 170 56 Chriſt
753 1158 88 51 the
861 1175 175 50 power
1052 1158 63 51 of
1120 1155 123 56 God
1270 1159 53 51 &
1348 1155 94 52 the
1454 1153 211 54 wiſdom
1679 1154 59 50 of
1779 1154 125 59 Gocd

556 1246 20 33 1
594 1238 138 41 Cor.t
754 1217 95 81 23,
854 1242 78 49 24.
970 1225 152 54 hence
1135 1226 40 67 ĩt
1191 1224 42 52 is
1246 1221 153 69 (ſaith
1417 1225 134 54 Pauli
1569 1239 84 51 my
1668 1261 225 27 ſpeech,

558 1293 197 68 andmy
768 1292 266 69 preaching
1062 1311 103 34 was
1192 1309 91 34 not
1311 1290 125 53 with
1470 1287 222 70 inticing
1725 1289 177 50 words

557 1364 69 50 of
630 1350 137 80 menñs
782 1359 276 53 wiſdome:
1096 1360 93 52 but
1216 1360 54 51 in
1299 1360 85 51 the
1410 1354 400 68 demonſtration
1836 1355 68 51 of

557 1431 93 50 the
637 1418 192 84 ſpirit,
847 1427 85 52 and
949 1445 169 52 power
1131 1428 141 69 chap.
1289 1445 47 34 2.
1353 1447 47 49 4.
1412 1427 83 49 the
1508 1424 147 52 word
1682 1422 66 51 of
1773 1423 135 51 God

554 1499 41 49 is
612 1514 67 51 po
689 1497 169 52 verful
876 1500 91 48 &c.
980 1498 107 49 Heb.
1102 1514 86 48 4.1
1212 1514 39 33 3.
1267 1493 214 53 hence
1428 1486 42 83 ĩt
1497 1490 40 54 is
1568 1490 124 66 ſaid,
1720 1506 77 35 ve
1814 1507 82 34 are

558 1565 250 67 bẽgotten
823 1564 128 51 with
966 1564 88 49 the
1071 1566 144 49 word
1229 1563 123 69 qami
1375 1564 100 50 18
1508 1558 153 69 being
1689 1558 125 50 born
1841 1576 53 31 a-

554 1631 115 68 gain
683 1645 90 36 not
771 1620 70 83 of
851 1630 307 69 corruptible
1173 1629 123 59 ſeẽd.
1313 1628 93 52 but
1443 1628 68 68 by
1556 1628 89 50 the
1673 1626 148 50 word
1846 1624 61 49 of

557 1698 120 51 God
704 1698 336 54 vwhichliverh
1073 1697 98 51 and
1187 1696 210 52 abideth
1416 1696 81 51 for
1510 1703 385 52 ever,
1671 1692 95 71 ptέ
1771 1703 120 52 .23.

555 1764 55 51 ſo
622 1768 105 48 that
743 1769 89 47 the
848 1767 138 50 word
1002 1783 59 32 or
1087 1765 349 67 Goſpel.ĩsthe
1464 1760 242 68 powerful
1734 1777 163 33 means

554 1832 71 66 by
667 1832 166 54 which
863 1849 80 34 we
974 1849 82 37 are
1083 1833 248 68 begotten
1347 1847 96 37 toa
1460 1830 151 67 ſively
1631 1829 177 66 hope?
1845 1827 50 50 ſo

552 1899 226 54 likewiſe
795 1901 39 53 is
850 1899 41 54 it
911 1901 87 53 the
1014 1901 267 68 poverfull
1300 1917 175 35 means
1502 1897 65 68 by
1592 1897 167 52 which
1776 1895 119 69 they

552 1970 110 52 that
680 1970 87 54 are
779 1970 254 68 degotten
1055 1969 247 66 arekept,
1340 1968 100 52 and
1456 1967 55 53 ſo
1525 1982 83 36 are
1632 1964 106 57 ſaid
1759 1981 56 34 to
1832 1965 62 51 be

546 2028 125 82 kept
680 2037 69 67 by
790 2037 292 69 hispower:
1120 2036 80 51 for
1213 2038 39 48 it
1281 2036 42 50 is
1349 2037 83 50 the
1457 2032 145 55 vcrd
1627 2033 70 67 by.
1724 2032 168 52 which

544 2105 124 67 they
686 2104 130 53 muſt
825 2123 162 51 grov,
1038 2123 53 33 as
1117 2121 117 34 nev
1255 2102 134 53 born
1403 2102 152 52 babes
1573 2098 214 71 deſiring
1803 2101 85 52 the

545 2172 183 54 ſincere
752 2173 131 53 milb
933 2172 69 53 of
1020 2173 91 52 the
1138 2171 145 55 word
1311 2172 107 53 that
1445 2170 124 69 they
1606 2185 116 53 may
1742 2184 147 53 grow

543 2240 247 72 thereby
746 2230 44 86 i
808 2254 88 40 pet.
910 2259 99 36 2.2.
1030 2241 69 51 ali
1115 2240 257 67 Scripture
1390 2237 204 72 isgiven
1620 2235 70 70 by
1729 2234 156 70 inipi-

544 2309 169 56 ration
746 2297 192 90 otGod,
943 2308 92 58 and
1072 2307 46 56 ĩs
1134 2305 274 73 prefitable
1419 2308 82 52 for
1516 2301 270 69 doctrine,
1806 2304 82 53 for

1810 2389 73 37 re-
