1978 2773
584 194 122 53 who
717 190 196 74 greatly
926 189 204 56 defired
1162 193 61 69 it,
1252 190 230 70 together
1498 187 123 55 with
1649 206 63 35 an
1740 190 204 74 ingage-

585 277 139 39 ment
755 263 109 50 that
879 263 82 65 lay
978 276 144 49 upon
1139 277 85 36 me
1238 276 57 36 to
1310 263 71 47 do
1399 259 73 66 it,
1503 255 81 53 for
1598 257 88 53 the
1700 256 230 62 fatisfa¢t.

583 333 90 50 ion
689 328 77 70 (in
783 326 98 55 this
897 325 191 71 point.)
1102 327 61 52 of
1175 327 139 58 fome
1327 326 187 61 triends
1531 324 53 53 in
1601 343 130 52 your
1759 332 170 51 Coun-

585 414 99 38 try.
1119 414 3 3 ,
1604 444 3 4 ;

651 412 105 127 But
770 465 86 52 the
868 463 102 51 firft
982 463 101 53 and
1099 462 225 70 primary
1340 461 236 53 oceafion
1591 460 96 52 did
1730 464 129 53 arife
1885 485 51 35 as

585 533 389 69 followeth;you
988 550 116 51 may
1119 532 275 52 remember
1427 532 114 51 that
1572 533 22 48 I
1630 547 101 35 was
1757 534 177 67 provi.

588 599 240 66 dentiaily
848 600 338 70 caftamongft
1222 618 103 49 you
1356 613 50 37 at
1437 598 272 63 Craxbroek
1736 615 53 37 at
1805 619 125 50 your

590 672 217 66 genera]!
834 666 317 70 Aflembling
1174 668 146 51 there
1346 665 101 72 July
1468 682 80 38 21.
1587 668 142 61 1652.
1772 669 163 53 where

589 754 103 51 you
704 735 89 53 did
804 736 215 67 appoint
1034 752 81 34 me
1137 734 128 53 with
1279 734 142 52 fome
1434 733 191 68 others,
1665 746 62 37 to
1746 736 188 54 endea-

591 822 129 33 vour
734 819 55 36 to
806 804 117 68 give
941 802 300 54 fatisfaction
1253 802 251 69 touching
1520 799 144 53 fome
1688 803 177 67 points
1886 804 49 53 in

590 870 245 70 Religion
848 872 106 51 that
970 886 133 36 were
1118 870 296 68 queftioned
1429 872 68 65 by
1513 868 136 52 fome
1668 883 88 48 ;to
1769 871 162 54 which

594 940 99 52 end
707 941 101 50 and
819 936 219 71 purpofe
1052 954 78 36 we
1143 939 87 51 did
1247 953 127 37 meet
1390 957 67 33 on
1473 939 89 49 the
1576 935 68 53 fix
1656 937 302 55 andtwen-.

593 1008 129 54 tieth
736 1007 63 50 of
806 1008 89 49 the
906 1007 130 49 fame
1050 1008 204 51 moneth
1271 1021 50 37 at
1334 1008 188 62 Yalding
1536 1003 156 53 about
1705 1005 90 53 the
1805 1020 129 39 mat-

594 1090 96 50 ter,
724 1073 165 54 which
906 1073 144 51 when
1067 1089 75 33 we
1162 1091 129 34 were
1315 1071 288 66 aflembled,
1624 1072 227 69 amongft
1878 1091 58 33 o-

595 1143 112 50 ther
720 1141 187 67 things,
918 1138 102 52 this
1037 1138 84 51 fell
1137 1139 51 52 in
1207 1141 150 61 asthe
1382 1152 188 38 matter
1598 1137 129 56 moft
1750 1142 52 49 in
1832 1138 98 54 dif-

598 1209 216 66 ference,
821 1201 92 80 viz.
933 1205 170 70 falling
1106 1211 120 64 from
1239 1216 177 42 Grace:
1460 1205 302 69 whereupon
1791 1207 144 70 there

599 1293 103 34 was
721 1291 109 36 two
846 1277 212 57 Pofitions
1077 1271 169 70 {tated,
1264 1276 197 50 theone
1490 1272 66 69 by
1586 1291 115 50 me,
1734 1275 95 52 and
1855 1276 81 53 the

597 1344 149 49 other
767 1343 60 66 by
850 1342 243 51 theother
1106 1354 176 55 party:
1316 1343 89 50 the
1429 1339 220 69 pofition
1681 1342 162 52 {tated
1865 1343 67 69 by

598 1427 84 32 me
697 1427 121 49 was,
826 1410 116 51 That
955 1408 219 52 Belicuers
1185 1415 55 44 in
1253 1406 154 54 Chrish
1434 1428 105 48 may
1542 1410 96 65 fall
1644 1427 140 50 away.
1821 1412 111 53 The

601 1474 215 69 pofition
831 1474 156 54 ftated
999 1474 67 70 by
1084 1475 135 53 them
1233 1494 119 49 was,
1390 1475 118 53 That
1521 1475 211 74 Juftified
1757 1478 180 69 perfons

601 1555 174 38 cannot
774 1545 91 67 fall
880 1545 156 64 totally
1055 1561 83 33 nor
1137 1544 164 67 finally
1309 1549 121 64 from
1460 1547 74 50 the
1562 1561 132 48 grace
1725 1549 61 64 of
1795 1554 139 49 union

604 1608 118 53 with
735 1611 73 50 the
821 1610 126 52 Lord
962 1607 167 74 Jefus.s
1168 1611 88 50 the
1270 1609 156 66 proof
1434 1627 98 36 was
1560 1608 151 53 taken
1723 1629 69 34 on
1805 1611 133 53 their

604 1689 112 53 part
733 1677 52 51 in
802 1678 150 51 order
968 1695 61 35 to
1056 1675 133 54 their
1214 1675 301 56 affirmation
1537 1693 27 33 :.
1586 1677 138 67 they.
1749 1679 187 54 framed

604 1742 216 52 thirteen
839 1749 321 64 Arguments,
1175 1744 139 67 eight
1326 1743 64 51 of
1394 1745 170 52 which
1580 1760 134 35 were
1725 1745 213 55 anfwer-

602 1809 127 52 edat
746 1810 363 53 thefametime
1152 1851 18 27 ,
1203 1811 93 52 but
1330 1810 146 69 night
1494 1810 201 67 coming
1726 1829 84 36 on.
1851 1831 82 36 we

602 1875 158 54 brake
770 1895 93 50 up,
876 1877 123 53 with
1013 1878 99 51 this
1125 1875 307 72 conclufion,
1442 1880 104 53 that
1562 1877 192 66 Ifheuld
1760 1880 172 67 anfwer

602 1944 123 51 them
736 1952 51 43 in
806 1952 192 59 writing
1012 1946 96 51 and
1117 1952 107 58 give
1240 1945 74 51 the
1326 1948 178 66 reafons
1518 1949 63 68 of
1579 1964 74 57 my
1667 1947 267 71 conclufion:

605 2010 211 53 which
774 2006 41 80 I
826 2012 129 53 have
968 2012 358 53 endeavoured
1337 2026 55 38 to
1403 2013 70 52 do
1485 2012 53 52 in
1555 2013 100 51 this
1665 2011 291 71 following
1934 2006 28 80 |

603 2077 264 63 Treatife,
907 2079 264 52 totheend
1185 2079 109 53 that
1312 2078 43 53 it
1367 2080 164 70 might
1549 2079 185 53 extend
1760 2096 60 38 to
1848 2081 88 51 the

609 2144 300 54 fatisfaction
919 2146 128 54 ofall
1059 2147 216 52 whoare
1300 2146 320 55 doubtfullin
1638 2145 73 65 it,
1744 2146 190 55 andfor

604 2212 87 53 the
706 2212 351 54 confirmation
1070 2215 65 50 of
1154 2214 147 53 thofe
1326 2216 121 54 who
1474 2217 131 52 have
1632 2214 200 72 already
1855 2231 79 37 re-

604 2280 176 52 ceived
794 2280 80 54 it.:
906 2281 584 57 let.itthereforeintreat
1504 2299 131 54 your
1654 2282 179 70 loving
1848 2300 89 35 en-

1596 2349 335 65 tertainment,
