2078 2773
482 114 743 215 Falling
753 112 914 212 from
934 114 1160 194 Grace.

1581 139 1680 218 45

176 237 297 288 after
313 234 420 285 that
907 231 991 280 the
1006 231 1306 298 knowledge
1333 234 1399 283 of
1411 234 1495 284 the
442 248 517 282 we
666 230 894 282 received
530 231 655 281 have

172 503 415 556 veraries.

174 306 316 354 truth
333 342 357 366 ,
400 298 534 348 their
560 300 769 346 remains
790 317 857 347 no
888 315 1028 346 more
1061 298 1272 350 acrice
1290 301 1368 349 for
1381 299 1493 356 ns,

175 371 262 421 but
278 391 304 422 a
324 367 510 418 certain
527 363 700 416 fearful
730 366 936 433 looking
961 366 1042 416 for
1072 367 1134 418 of
1151 368 1447 435 judgement
1481 409 1496 435 ,

173 437 274 489 and
314 436 408 503 ry
434 433 770 502 indignation,
787 436 949 486 which
964 435 1062 488 hal
1080 438 1274 489 devour
1289 439 1375 488 the
1389 434 1494 489 Ad

241 571 425 640 Again,
447 579 567 620 Peter
579 567 701 618 aith
747 566 846 617 that
870 574 943 619 the
969 571 1108 620 latter
1127 572 1223 621 end
1255 573 1281 638 (
1296 569 1359 620 of
1377 587 1493 621 men

185 1510 356 1576 in,had
374 1509 488 1572 they
509 1526 655 1559 never
668 1509 857 1561 known
873 1510 994 1561 him.

174 640 282 691 that
295 658 375 692 are
388 635 638 703 intangled
656 636 755 687 and
766 653 1029 688 overcome
1051 636 1116 686 of
1141 638 1227 688 the
1255 636 1418 689 world
1442 657 1492 689 a

176 704 308 772 gain,
348 707 459 758 that
479 706 607 757 have
616 720 741 753 once
751 702 976 770 ecaped,
986 705 1207 771 through
1315 704 1492 754 know
1223 706 1305 754 the

177 772 323 838 ledge
567 769 735 823 Chri
751 773 774 834 )
811 778 851 820 is
865 772 998 839 wore
1014 771 1126 819 with
1141 771 1262 819 them
1278 770 1383 821 then
1418 773 1494 822 the
365 772 427 825 of
432 774 551 840 Jeus

177 842 403 905 begining.
431 841 514 905 for
528 844 567 885 it
585 837 677 886 had
692 837 791 887 been
1052 837 1171 887 them
1197 849 1280 887 not
1308 848 1355 885 to
1383 834 1496 888 have
805 836 949 885 better
949 842 1033 904 for

178 913 342 964 known
355 906 428 957 the
442 924 534 970 way
996 906 1100 964 then
1115 907 1234 971 after
1257 902 1354 970 they
1385 903 1497 957 have
548 906 607 970 of
606 902 956 969 righteounee,

179 977 342 1036 known
353 978 414 1036 it,
451 983 498 1021 to
754 971 820 1020 the
837 969 937 1035 holy
965 971 1352 1021 commandments
1381 974 1498 1023 deli
623 975 741 1038 from
513 982 619 1023 turn

444 1039 579 1090 them.
650 1038 786 1088 Now
815 1036 865 1089 if
880 1039 1016 1089 there
1033 1039 1094 1089 be
1121 1055 1190 1088 no
1218 1036 1498 1107 pobility
178 1042 311 1091 vered
321 1051 431 1090 unto

180 1109 235 1160 of
581 1105 667 1156 the
681 1105 823 1155 wor
835 1105 982 1157 eate
1000 1106 1062 1173 by
1079 1105 1254 1173 falling
1266 1105 1397 1156 from
1415 1108 1500 1156 the
243 1105 498 1172 comming
508 1119 566 1156 to

182 1175 610 1228 commandments
643 1210 658 1234 ,
694 1174 789 1224 and
817 1173 966 1240 being
986 1192 1107 1226 over
1135 1190 1280 1222 come
1310 1210 1326 1231 ,
1379 1173 1500 1223 then

194 1243 337 1295 could
351 1257 442 1291 not
464 1239 559 1291 this
589 1242 651 1291 be
663 1241 916 1291 threatned
930 1259 982 1291 as
1009 1241 1180 1292 before
1197 1257 1209 1288 :
1253 1240 1502 1289 therefore

186 1309 422 1362 believers
443 1306 493 1357 in
514 1304 677 1360 Chri
690 1326 803 1373 may
818 1308 905 1358 fall
919 1310 1020 1358 and
1047 1309 1254 1359 become
1277 1307 1503 1371 culpable

672 1373 789 1442 rey
804 1372 1234 1441 indignation,and
1257 1389 1398 1422 come
1424 1372 1502 1423 in
183 1378 243 1428 of
246 1374 655 1443 judgement,and

186 1462 240 1497 to
252 1464 276 1495 a
299 1440 451 1494 wore
463 1441 615 1492 eate
626 1442 744 1492 then
763 1459 875 1493 ever
903 1444 1022 1510 they
1039 1440 1208 1495 would
1233 1441 1358 1490 have
1376 1438 1504 1490 been

253 1578 367 1629 The
402 1575 574 1639 eighth
590 1576 783 1628 Reaon
807 1576 869 1635 is,
893 1573 1099 1629 becaue
1112 1576 1196 1626 the
1208 1576 1345 1627 Lord
1359 1590 1497 1624 com

182 2052 293 2103 fore
304 2048 541 2102 believers
559 2050 607 2098 in
624 2047 784 2101 Chri
802 2066 909 2114 may
929 2047 993 2098 fal
1007 2065 1164 2110 away.

187 1647 347 1714 plains
360 1644 417 1694 of
424 1643 498 1694 his
511 1644 695 1711 people
709 1644 783 1693 for
796 1643 1053 1709 foraking
1078 1643 1186 1695 him
1219 1644 1301 1695 the
1330 1646 1492 1695 Foun

185 1716 287 1766 tain
541 1727 723 1763 waters
734 1752 751 1775 ,
796 1731 913 1762 now
927 1711 1059 1762 doth
1084 1711 1201 1762 God
1228 1709 1342 1761 take
1363 1728 1432 1774 up
1467 1729 1494 1760 a
366 1710 525 1777 living
303 1713 362 1764 of

185 1779 457 1849 complaint
482 1776 685 1829 becaue
705 1778 769 1828 of
782 1778 906 1838 this,
952 1777 1050 1828 and
1083 1776 1123 1828 is
1137 1778 1273 1828 there
1287 1795 1355 1826 no
1381 1776 1492 1827 uch

184 1852 343 1916 thing,
380 1845 469 1897 did
497 1847 614 1911 they
636 1860 727 1895 not
750 1844 942 1897 forake
968 1846 1073 1896 him
1089 1861 1107 1891 :
1151 1845 1251 1899 and
1267 1860 1350 1910 yet
1367 1844 1495 1893 doth

185 1920 248 1968 he
267 1917 345 1983 ay
358 1916 474 1981 they
491 1914 600 1963 did?
625 1915 739 1964 hall
756 1932 827 1965 we
842 1914 957 1981 give
975 1914 1090 1968 God
1109 1914 1199 1962 the
1214 1915 1290 1978 ly?
1379 1912 1503 1964 God
1304 1930 1372 1961 no

182 1983 347 2036 forbid
365 1981 374 2032 I
388 1983 451 2031 let
466 1981 584 2031 God
605 1981 666 2032 be
682 1995 784 2030 true
798 1981 899 2033 and
916 1997 1031 2032 ever
1047 1996 1162 2029 man
1176 2000 1201 2031 a
1212 1983 1339 2045 lyar,
1356 1979 1499 2029 ther

396 2318 504 2371 into
528 2317 880 2386 wantonnee,
899 2335 957 2369 or
984 2314 1374 2373 Laciviounee
1386 2358 1404 2381 ,
1450 2315 1512 2365 of
185 2321 246 2374 of
250 2321 370 2376 God

542 2115 737 2169 Reaon
761 2116 799 2167 is
813 2158 832 2183 ,
869 2113 1073 2167 becaue
1100 2115 1253 2166 Trees
1281 2130 1399 2181 may
1422 2113 1493 2178 dy
383 2117 526 2167 ninth
256 2120 373 2173 The

191 2188 301 2238 that
317 2183 413 2238 had
434 2183 541 2249 life,
575 2190 678 2235 viz.
712 2202 824 2235 men
850 2184 962 2234 that
994 2199 1124 2234 were
1151 2181 1404 2249 quickned
1427 2182 1494 2249 by

186 2257 269 2304 the
280 2252 414 2305 Lord
426 2269 540 2317 may
555 2251 761 2301 become
775 2250 905 2302 dead
921 2250 987 2317 by
1015 2249 1215 2318 turning
1236 2251 1321 2301 the
1351 2263 1498 2316 grace

1371 2381 1506 2435 thee

1513 400 1601 445 Heb
1624 407 1760 449 10.26

1514 526 1560 565 6.

1516 469 1701 523 27.6.4.
1725 482 1763 524 5.

1516 780 1538 807 2
1552 762 1773 809 Pet.2.20.

1517 840 1587 870 21.

1514 1550 1659 1604 Reaon
1678 1550 1717 1593 8.

1515 1610 1771 1671 Jer.2.5.11.

1520 1686 1591 1715 12.
1608 1683 1772 1727 13.17.

1515 1729 1713 1788 13.Rom.
1731 1742 1773 1784 3.

1510 1799 1557 1847 4.

1514 2100 1653 2156 Reaon
1697 2121 1746 2158 9.

1724 2173 1765 2205 1.
1513 2160 1646 2221 Ephe.
1653 2177 1692 2208 2.

1528 2237 1565 2262 2.
1577 2220 1685 2281 Jude
1699 2234 1777 2262 12.

1516 2280 1563 2321 Se
1578 2293 1601 2321 2
1616 2280 1708 2325 Pet.
1729 2293 1774 2321 2.

1525 2353 1596 2401 17.
