2059 2773
324 0 41 21 rrraes
464 0 373 15 NO
890 0 18 24 cn
934 0 40 24 nee
980 0 26 24 ann
1006 0 38 24 anne
1089 0 308 20 nana
1587 0 3 1 7

425 105 229 107 falling
663 113 163 94 from
841 108 233 82 Grace.

127 244 104 55 you
243 224 137 53 ftand
399 226 54 50 fo
469 245 49 32 as
544 228 43 52 it
616 230 43 51 is
682 230 277 69 impoffible
982 253 106 49 you
1124 237 173 53 fhould
1320 238 85 54 fall
1424 276 16 26 ,

131 295 114 52 take
257 294 140 62 heed,
417 295 64 49 be
494 310 94 35 not
601 309 90 38 too
706 298 118 67 high
838 298 221 71 minded,
1096 304 225 53 butfear:
1356 311 86 62 far

132 366 53 64 if
193 359 101 54 God
314 359 171 68 {pared
509 373 83 39 not
624 364 74 50 the
713 367 199 50 natural
930 367 253 72 branches',
1220 376 103 59 take
1334 373 107 51 heed

133 427 113 54 least
257 429 184 65 hefpare
455 440 81 40 not
546 447 98 42 you.

195 497 138 49 Now
368 496 116 50 leaft
519 497 120 67 they
663 497 168 52 fhould
868 502 253 66 complain
1157 504 108 52 that
1309 505 133 51 their

129 559 327 69 temptutions
476 580 128 32 were
626 579 162 52 great,
822 568 98 48 and
945 568 52 48 fo
1022 568 49 52 if
1097 572 117 66 they
1241 571 91 53 did
1355 573 92 54 fall

129 631 114 64 they
277 644 132 36 were
443 627 284 70 fomething
751 632 280 69 excufable,
1066 639 66 48 he
1166 639 95 50 rels
1284 640 160 66 them,

133 694 104 54 that
252 695 141 50 there
416 696 121 51 hath
552 714 71 33 no
653 698 300 67 temptation
978 700 143 53 taken
1148 706 166 58 them,
1351 703 92 55 but

131 762 112 53 {uch
257 780 50 33 as
319 778 344 36 wascommon
678 779 186 36 toman
896 768 125 59 ,and
1048 770 246 52 therefore
1317 772 122 67 they

131 829 126 52 muft
275 827 125 51 loek
413 842 59 36 to
491 830 62 50 it:
586 830 99 50 and
701 830 176 52 befides
891 875 17 26 ,
944 843 102 42 God
1059 844 42 43 is
1108 838 218 68 faithfull
1342 840 98 51 who

131 897 93 49 will
227 907 83 39 not
312 896 142 68 fuffer
461 913 85 48 you
560 906 47 42 to
619 898 52 50 be
688 904 191 58 tenpted
900 902 141 50 above
1070 906 123 49 what
1197 923 92 46 you
1302 924 74 32 are
1386 925 54 29 a=

129 964 64 49 ble
207 974 46 38 to
268 963 123 49 bear:
427 964 79 49 but
520 961 94 52 will
624 964 115 50 with
752 967 73 49 the
834 976 270 56 temptation
1117 972 92 62 alfo
1225 972 128 59 make
1386 990 53 30 a-

129 1046 90 47 way
251 1037 47 39 to
329 1028 171 66 efcape,
544 1030 111 49 that
671 1047 100 50 you
797 1050 116 50 may
942 1034 62 49 be
1031 1035 184 52 ableto
1240 1036 116 51 bear
1378 1039 66 62 its

129 1093 232 68 wherefore
393 1103 21 53 (
450 1092 167 71 feeing
644 1095 39 53 it
711 1097 37 52 is
770 1096 95 67 fo}
899 1118 73 47 wy
984 1104 143 65 deerly
1154 1104 186 49 beloved
1354 1105 84 65 flee
1474 1146 4 4 .

119 1166 114 63 from
247 1163 227 65 Idolatry:
512 1162 324 70 forifyoudo
851 1182 107 47 not,
996 1171 120 51 God
1150 1169 106 53 will
1288 1188 148 32 over-

128 1232 165 48 throw
304 1245 103 49 you
421 1245 51 33 as
485 1229 165 51 hedid
676 1233 150 50 them.

159 1320 6 3 -
191 1295 142 54 Thus
345 1312 116 48 may
474 1313 101 49 you
573 1290 107 81 fee
695 1301 123 49 that
854 1298 104 52 this
987 1316 107 37 text
1123 1303 40 51 is
1198 1301 74 52 far
1305 1304 133 50 from

126 1360 214 69 proving
352 1362 111 49 that
477 1361 162 53 Saints
651 1381 180 36 cannot
846 1367 120 52 fall:
1004 1369 86 50 but
1105 1370 129 52 doth
1247 1368 193 68 plainly

125 1445 154 50 prove
307 1428 120 65 they
457 1446 130 48 may.
655 1432 134 50 Now
818 1446 56 37 to
901 1434 86 50 the
1020 1439 282 63 Argument
1296 1424 28 82 ,
1320 1438 121 63 the

128 1493 351 69 Confequence
491 1494 171 54 drawn
673 1496 128 52 from
817 1500 292 53 theReafon
1147 1504 129 50 muft
1290 1504 149 50 needs

125 1564 59 52 be
212 1561 193 70 denyed
433 1575 51 37 to
515 1562 61 51 be
598 1567 247 67 naturally
870 1557 275 83 deducted,
1164 1570 91 54 for
1274 1577 160 46 Saints

127 1630 122 54 muft
265 1629 148 55 make
428 1628 155 53 ufeof
598 1633 88 49 the
715 1651 193 49 means,
938 1643 104 44 viz.
1074 1640 88 49 the
1191 1655 111 46 way
1329 1641 108 48 that

128 1697 114 56 God
259 1696 100 50 will
386 1696 146 51 make
554 1697 81 51 for
668 1700 132 51 them
830 1714 60 37 to
914 1701 168 67 efcape
1118 1746 18 24 ,
1170 1703 269 54 orelfethe

127 1778 167 37 means
312 1762 103 51 will
440 1777 90 37 not
550 1764 153 67 profit
736 1784 19 41 5
792 1766 79 50 for
893 1769 83 51 the
1001 1783 219 54 tempter
1233 1771 97 50 and
1363 1769 78 52 his

127 1829 318 67 temptations
461 1834 129 49 muft
603 1831 64 50 be
682 1832 189 55 refifted
902 1836 129 51 with
1059 1836 194 54 ftedfaft
1280 1837 123 52 faith

1418 1878 17 24 9

1460 1798 247 59 1Pe.ยง.8.
1651 1794 51 67 9.

1452 1858 111 61 Jam.
1575 1876 83 40 5.7.

128 1898 123 64 refist
270 1899 73 49 the
360 1901 144 48 Divel
515 1899 93 49 and
617 1901 50 49 he
684 1905 92 51 wil]
786 1901 84 68 flee
895 1909 121 62 fiom
1037 1922 91 48 you
1144 1934 29 38 ,
1195 1905 242 50 therefore
1452 1919 255 58 ch.1.2,3,
1661 1894 51 87 4.

126 1962 180 54 blefied
327 1980 88 36 are
428 1981 62 52 ye
515 1967 148 50 when
689 1985 62 48 ye
771 1969 189 54 endure
985 1974 310 63 tempration
1309 1973 127 62 chap.

130 2049 124 37 1.12.
291 2048 113 35 men
419 2032 129 52 mutt
564 2032 128 52 refi{t
707 2034 60 68 by
784 2034 141 60 faith,
957 2035 101 53 and
1073 2040 188 50 endure
1274 2052 167 54 temp-

127 2099 161 53 tation
299 2096 124 56 with
436 2098 253 68 patience,
729 2104 299 63 orelfethey
1052 2122 117 43 may
1202 2106 63 49 be
1289 2124 146 35 over-

130 2185 177 34 come.
345 2167 116 51 thus
477 2165 151 54 isthis
640 2185 256 55 argument
910 2168 356 73 toolightalfo.
1302 2175 138 50 Now

131 2249 56 37 to
205 2236 233 51 thenext.
635 2237 3 2 .
1224 2268 94 30 cet
1385 2273 38 36 ae

195 2304 115 56 The
320 2302 148 61 ninth
481 2316 266 57 argument
727 2298 66 87 is
802 2306 165 59 taken
976 2307 145 59 from:
1139 2308 84 59 the
1242 2306 206 75 prefent

773 2380 43 51 E
1358 2379 92 65 joy

2047 2053 11 20 j-9
2041 1978 18 72 Oe
2048 1936 8 6 %

412 2714 48 8 eee
