1913 2773
270 153 108 81 66
833 144 31 122 fA
918 148 276 100 Treatife
1228 151 289 111 touching

254 337 3 4 |
510 296 130 53 way,
663 275 190 55 efteem
868 276 66 53 of
941 273 183 59 Chrilts
1138 274 310 58 inftitutions
1456 297 59 33 or
1529 276 186 75 Gofpel
1740 295 82 46 of-

225 329 261 61 1C0.16.13-
508 348 237 52 dinanzes
763 389 17 26 ,
811 348 118 68 they
944 362 82 35 are
1044 346 143 51 Gods
1217 358 340 59 conveyances
1575 354 56 46 in
1660 352 164 55 which

225 388 223 108 Vos.
505 417 63 50 he
580 418 130 50 doth
724 433 194 49 convey
931 413 204 53 himfelf
1152 432 126 35 unto
1303 415 171 53 them:
1524 419 117 51 how
1669 423 161 67 ought

221 509 99 62 Jam,
352 528 39 30 1,
415 527 67 32 12.
508 487 119 67 they
640 500 56 35 to
708 484 129 51 walk
852 480 209 78 humbly
1079 480 126 55 with
1219 482 134 54 their
1386 487 153 64 God,
1562 485 101 55 and
1676 503 58 39 to
1748 490 76 53 in-

220 545 171 73 Mato
413 577 67 53 38.
506 554 120 49 dure
638 551 236 54 affliction
895 553 276 73 patiently,
1218 567 62 37 to
1316 552 135 79 deny
1482 554 302 56 themfelves

225 632 257 62 1The.5.17,
506 620 118 51 take
637 640 70 49 up
724 621 125 50 their
866 618 424 75 crofsandtollow
1303 620 200 64 Chrift,
1536 624 289 60 otherwife

213 691 269 59 Luk.21.36.
502 690 120 67 they
635 704 184 36 cannot
839 688 62 50 be
890 680 88 87 his
989 685 278 70 difciples:
1307 687 123 56 how
1443 690 172 52 fhould
1629 694 120 69 they
1760 695 65 55 be

219 753 263 61 Mat.26.41.
502 755 196 52 fervent
711 756 50 51 in
776 772 172 51 prayer
964 753 215 53 without
1197 756 218 68 ceafing,
1434 759 267 69 leaftthey
1720 781 101 39 en-

219 824 26 30 2
258 812 98 46 Pct.
384 828 38 30 1.
441 827 40 41 5s
500 838 72 35 ter
587 823 111 52 inte
717 822 322 68 temptations
1054 834 61 39 to
1128 823 381 70 conclude,how
1522 826 171 55 fhould
1704 830 122 69 they

220 875 261 58 6.758.991
497 891 174 51 follow
700 891 126 52 after
835 887 330 55 fruitfulneffe
1178 932 18 24 ,
1208 886 251 85 holineffe,
1459 886 159 85 faith,
1628 911 198 56 vertue,

282 963 14 16 °
499 958 306 69 knowledge
822 1001 16 25 ,
853 975 333 50 temperance,
1209 960 242 67 patience,
1479 962 294 72 godlyneffe
1801 996 16 23 5

500 1029 260 67 brotherly
775 1025 265 54 kindnefle,
1079 1026 200 69 charity
1292 1070 17 24 ,
1332 1029 138 54 forif
1486 1030 135 52 thefe
1649 1033 178 69 things

498 1096 64 50 be
580 1094 50 53 in
645 1097 138 51 them
796 1095 96 51 and
909 1088 206 78 abound,
1124 1096 124 66 they
1272 1099 106 51 will
1388 1096 145 55 make
1547 1100 137 53 them
1714 1104 109 52 that

496 1164 119 68 they
656 1164 117 53 fhall
802 1161 198 54 neither
1013 1161 65 53 be
1088 1160 177 55 barren
1276 1184 96 34 nor
1384 1164 267 58 unfruitful
1663 1168 54 54 in
1732 1171 91 53 the

497 1233 312 66 knowledge
821 1230 64 54 of
887 1232 89 50 the
985 1231 139 52 Lord
1138 1232 137 67 Jefus
1291 1235 167 54 Chrift
1476 1261 14 25 :
1508 1236 91 54 but
1622 1240 67 50 he
1714 1240 110 52 that

497 1301 200 50 lacketh
712 1299 138 52 thefe
860 1297 234 69 things,
1044 1293 59 77 is
1107 1297 146 55 blind
1266 1304 99 51 and
1382 1318 187 39 cannot
1596 1304 79 52 fee
1697 1306 130 53 afarr

498 1366 87 52 off
592 1408 16 25 ,
633 1367 101 52 and
746 1367 126 52 hath
885 1367 259 65 forgotten
1159 1368 114 51 that
1286 1368 66 51 he
1363 1387 101 36 was
1477 1371 192 67 purged
1688 1372 138 54 from

498 1436 81 52 his
604 1434 88 55 old
721 1433 125 62 finss
882 1431 280 53 wherefore
1185 1436 260 54 therather
1456 1437 234 54 brethren
1745 1438 81 54 give

498 1501 252 67 diligence
769 1515 57 37 to
856 1498 147 53 make
1024 1516 130 52 your
1170 1500 182 72 calling
1363 1504 98 54 and
1473 1506 216 52 election
1719 1525 108 53 ture,

499 1571 82 50 for
595 1570 46 49 if
646 1586 63 49 ye
725 1565 220 57 dothefe
957 1567 169 68 things
1139 1586 60 48 ye
1193 1561 131 83 thall
1328 1561 139 83 never
1509 1574 117 66 fall,
1650 1573 80 52 for
1774 1575 54 51 fo

500 1656 64 33 an
580 1653 236 35 entrance
831 1634 123 53 fhall
966 1633 67 52 be
1041 1633 263 58 miniftred
1320 1656 126 36 unto
1459 1655 101 56 you
1572 1641 257 55 abundan-

499 1706 73 65 tly
600 1702 115 54 into
757 1704 88 50 the
881 1701 299 69 everlafting
1208 1703 289 73 kingdome
1517 1708 65 54 of
1586 1725 95 40 our
1692 1708 138 56 Lord

497 1771 104 53 and
616 1763 210 85 Saviour
845 1763 139 85 Jefus
997 1769 183 55 Chrift.

811 2035 711 140 FINIS
