2066 2773
464 100 234 110 falling
706 106 164 98 from
886 101 235 80 Grace.

168 246 92 42 not
274 241 79 58 yet
368 225 284 71 perkormed
670 239 55 38 to
741 230 166 64 ſrael,
945 242 86 56 yet
1048 223 43 55 it
1118 226 45 52 is
1189 222 292 73 performed

170 320 53 32 to
234 297 258 69 believers.

239 364 245 77 lanſwer,
498 360 118 52 then
637 359 236 55 believers
886 379 115 52 may
1025 379 95 37 not
1157 360 144 55 teach
1326 374 156 52 every

167 454 111 36 man
320 434 79 50 his
432 430 346 66 neighbour,
828 429 193 69 ſaying,
1051 431 157 52 Enom
1224 430 87 51 the
1329 429 156 57 Lord,

153 504 90 55 for
254 502 85 50 the
350 512 247 40 covenãnt
593 490 166 82 ſaith,
768 498 117 68 they
915 498 120 52 ſraſl
1059 514 92 37 not
1174 497 140 53 teach
1340 494 147 51 them

166 571 123 55 after
306 565 143 55 thoſe
460 564 151 61 daies,
647 562 74 70 ſo:
753 567 115 66 they
894 565 113 51 ſhall
1031 581 94 38 not
1151 564 181 68 depart
1352 560 135 52 from

168 640 104 55 pim
286 638 126 51 aftec
425 632 145 79 thoſe
580 631 153 70 daies,
763 634 79 50 for
859 634 120 51 then
996 635 61 52 he
1080 632 113 55 will
1223 628 148 58 mrite
1408 625 80 54 his

169 716 93 48 jaw
276 705 50 51 in
343 704 132 51 their
487 703 186 65 hearts,
712 702 114 69 ĩhey
852 703 114 51 ſhall
979 702 228 54 allknom
1239 701 89 51 the
1348 695 140 55 Lord

169 780 132 50 from
325 774 84 49 the
421 770 116 50 leaſt
560 776 133 44 unto
719 770 84 50 the
825 770 204 69 greateſt
1059 770 61 51 of
1150 771 178 50 them?
1367 762 120 54 And

168 856 260 42 moreover
453 837 250 53 believers
726 855 127 36 non
872 855 116 53 may
1009 836 106 62 fall,
1144 855 52 35 as
1212 833 116 55 hath
1354 831 133 52 been

128 909 261 61 ſhevved,
427 905 166 53 whieh
613 905 77 51 the
710 904 141 69 ſpirit
863 907 119 50 hath
1001 905 225 52 likewiſe
1241 899 245 69 expreſſe-

165 986 48 63 ly
212 965 147 88 ſaĩd,
371 974 110 51 that
508 973 50 49 in
588 973 88 50 the
696 973 143 52 lãter
881 973 135 52 daies
1035 989 113 35 men
1180 969 116 55 ſnell
1310 969 179 68 depart

164 1052 134 50 fiom
312 1050 92 47 thᷣe
392 1031 180 82 faith,
583 1039 170 70 giving
766 1041 128 51 heed
909 1055 60 37 to
979 1038 234 71 ſeducing
1236 1035 167 71 ſpirits
1434 1038 54 49 &

171 1113 250 55 doctrines
433 1108 257 52 ofdecilsi
718 1117 111 42 Iim.
853 1129 51 46 4.
924 1126 38 33 1.
976 1110 93 48 but
1083 1108 250 63 thenthey
1361 1103 124 51 ſhall

170 1195 125 46 not;
331 1177 99 54 and
458 1176 247 51 therefore
728 1176 139 51 thoſe
889 1175 135 54 daies
1061 1171 140 56 there
1223 1171 190 70 ſpoken
1431 1167 68 53 of

162 1267 83 39 are
261 1263 91 36 not
361 1259 86 53 yet
463 1260 160 36 come.

340 1317 142 51 Fhus
511 1309 136 54 theſe
670 1311 273 69 Scriptures
994 1308 168 55 which
1176 1326 81 36 are
1270 1309 118 51 here
1413 1304 73 54 al-

165 1383 215 70 ledged:
407 1400 60 33 or
477 1382 165 51 rather
656 1382 88 50 the
756 1379 240 67 ſuppoſed
1013 1379 224 68 ſtrength
1254 1377 53 52 in
1341 1373 207 55 them

167 1457 114 49 tend
290 1452 76 66 ing
386 1464 54 36 to
456 1452 85 48 the
560 1448 156 67 proof
721 1448 58 51 ol
785 1453 87 47 the
899 1448 326 65 affirmatiòn,
1248 1445 42 51 is
1315 1442 168 63 taken

168 1541 142 46 away
330 1519 98 50 ond
442 1517 312 61 removed.

233 1588 114 53 The
372 1583 180 53 ſecond
576 1581 212 69 thingis,
816 1580 145 54 Gods
996 1577 224 68 Reeping
1242 1572 250 73 Juſtityed

168 1656 197 69 perſons
375 1653 68 69 by
463 1651 73 51 his
550 1638 190 91 pover:
755 1650 73 50 tie
838 1652 166 65 places
1016 1645 230 68 allẽdged
1260 1642 44 52 is
1323 1663 19 32 1.
1353 1646 141 48 Pet.i.

173 1744 42 47 3.
227 1722 99 51 and
344 1729 130 43 Rom.
496 1721 48 48 8.
552 1721 82 62 30.

235 1795 146 53 Unto
394 1786 166 52 vhich
579 1787 141 67 place
731 1783 47 51 in
793 1794 125 42 peter
932 1785 25 48 I
975 1783 117 49 thus
1104 1772 202 86 anſmer,
1318 1776 87 52 the
1421 1778 70 50 A-

170 1858 158 71 poſtle
344 1855 133 52 takes
488 1875 62 42 an
566 1849 222 55 becaſion
799 1866 60 37 to
888 1848 153 54 bleſſe
1065 1846 143 66 God,
1230 1846 81 52 for
1334 1844 79 51 his
1435 1863 55 33 a-

168 1926 226 56 bundant
411 1940 163 49 mercy
589 1922 71 66 by
673 1921 162 51 which
860 1922 119 63 they
1008 1933 134 36 were
1164 1912 243 71 begotten
1436 1930 55 32 a⸗

208 1994 78 53 in
314 2005 128 38 nto
467 1991 205 65 ivey
687 1987 146 68 hope.
858 1987 68 68 by
951 1984 90 53 ihe
1071 1980 325 57 reſurrection
1435 1972 65 57 or

174 2060 163 66 Ehriſt
349 2060 131 50 from
497 2060 87 51 the
596 2055 157 66 dcad,
793 2054 55 53 in
862 2056 88 51 the
965 2052 177 52 fourth
1157 2047 134 53 verſe
1301 2048 68 50 he
1383 2045 112 51 tells

170 2134 138 50 em
325 2144 60 35 to
403 2127 139 52 vhat
552 2125 127 68 they
689 2140 127 35 were
826 2122 264 70 begotten;
1123 2125 106 43 vis.
1269 2129 58 37 to
1339 2130 65 35 an
1413 2110 82 53 in-

172 2197 255 55 eritance
444 2190 398 69 incorruptible,
872 2190 103 53 ànd
994 2182 269 69 undefiled,
1296 2180 112 53 that
1420 2177 77 53 fa-

173 2266 117 53 deth
304 2277 92 38 not
410 2253 135 79 away
556 2259 239 62 reſerved
817 2257 54 52 in
888 2257 92 52 the
991 2258 244 53 heavens,
1271 2250 81 50 for
1392 2262 106 52 you

176 2354 81 47 der
278 2349 46 51 5.
338 2331 121 54 who
469 2346 86 37 are
567 2329 124 69 Rept
709 2328 65 69 by
787 2326 88 53 the
888 2340 175 53 power
1073 2319 65 55 of
1141 2318 125 59 God
1277 2313 221 65 through

332 2406 110 24 d
808 2399 45 50 C
888 2414 28 34 2
1374 2379 127 57 taith

1045 17 25 2 —
1094 17 169 7 —⏑⏑
1283 18 48 6 —
1349 16 60 9 —
1421 17 8 8 ⏑
1480 17 39 2 —
1545 15 53 9 —
1626 14 39 4 —
1676 14 49 4 —

1599 124 118 63 11.
