1939 2773
311 175 124 102 30

320 679 4 13 :
330 650 56 55 ob
372 651 38 73 rf
416 686 17 16 e

327 902 148 56 Anfrs

267 1141 80 48 Joh.
364 1144 22 34 6
414 1143 61 39 66,
507 1151 15 27 1

268 1193 94 36 Tim:
374 1190 151 41 1.20,ch,

226 1238 7 7 *
273 1241 255 40 $.15.2Tim.
487 1226 40 59 1,

268 1287 197 45 15,012.18

850 162 378 100 ATreatife
1246 149 292 111 touching

538 293 109 54 that
658 286 433 56 believerscannot
1107 278 117 59 fall,
1261 276 40 54 it
1323 272 289 63 istrnechey
1628 268 111 54 that
1750 268 65 54 be
1810 264 15 87 -

534 359 132 55 lieve
691 356 119 56 fhall
840 368 96 37 not
964 366 146 38 come
1138 347 110 56 into
1270 338 398 56 condemnation
1678 334 51 54 if
1733 336 123 70 they:

534 423 245 57 continue
805 419 285 67 believing,
1119 413 82 52 for
1220 408 58 54 fo
1305 406 173 61 Chrift
1513 404 49 53 1s
1579 417 62 38 to
1668 403 66 52 be
1760 421 92 36 un-

533 487 230 134 derftood,
816 485 252 58 which..as
1091 486 31 48 I
1146 474 206 75 fuppofe
1379 474 104 52 will
1504 483 97 40 not
1622 469 231 70 bedeny-

534 582 82 34 ed.

606 633 98 50 But
724 622 43 56 it
781 639 116 53 may
909 619 66 53 be
984 611 233 74 objected
1230 612 120 64 they
1361 606 121 54 thal]
1498 600 244 57 continue
1765 599 87 55 be-

537 694 142 59 caufe
709 691 169 57 Chrift
901 685 129 58 faith
1057 683 118 69 they
1203 678 122 53 thall
1343 687 94 42 not
1453 688 143 39 come
1607 668 115 56 into
1738 685 117 37 cons

538 762 321 57 demnation.
1449 796 2 2 |

577 832 146 65 They
744 827 111 52 that
869 822 72 53 do
953 819 236 53 continue
1198 809 268 70 believing
1476 806 119 55 fhall
1608 817 97 41 not
1714 821 141 37 come

542 899 110 53 into
666 887 392 60 condemnation
1073 888 24 48 I
1122 896 143 56 grant
1286 898 17 33 :
1334 879 93 52 but
1445 878 106 52 that
1561 870 103 55 this
1677 887 180 52 proves

541 959 269 67 ancceflity
830 957 62 51 of
901 953 301 64 continuing
1215 952 23 48 I
1250 949 148 65 deny,
1408 945 81 51 for
1512 956 78 37 we
1617 936 107 53 find
1750 937 109 52 that

542 1033 138 56 fome
689 1029 106 52 that
807 1022 227 62 believed
1051 1017 93 54 did
1156 1028 91 39 not
1258 1011 259 63 continue,
1538 1022 51 35 as
1617 1004 131 54 faith
1773 1003 85 52 the

543 1094 257 68 Evangelift
823 1091 135 51 from
989 1089 111 50 that
1128 1082 124 53 time
1273 1097 153 49 many
1462 1074 62 66 of
1545 1072 77 54 his
1636 1068 246 71 difciples

543 1176 137 41 went
691 1160 126 55 back
829 1159 102 64 and
948 1151 201 57 walked
1172 1168 72 35 no
1256 1147 160 80 more
1445 1140 130 64 with
1599 1137 139 63 him,
1786 1134 76 56 fee

544 1235 121 50 here
690 1231 114 50 that
833 1225 138 51 fome
992 1222 112 52 that
1127 1206 606 69 wereChri(tsdifciples,
1762 1205 98 51 and

538 1296 218 68 thereby
774 1293 158 53 under
944 1288 91 52 the
1050 1282 220 73 promife
1283 1280 63 53 of
1350 1267 283 80 everlafting
1632 1267 129 80 life,
1778 1286 84 51 yet

543 1366 119 66 they
679 1363 116 51 fhall
802 1372 148 40 come
967 1368 125 38 unto
1104 1345 392 63 condemnation
1520 1338 206 54 becaufe
1747 1340 117 65 they

543 1424 454 60 donotcontinue:
1032 1427 246 61 Hyzeneus
1290 1413 102 54 and
1408 1407 262 56 Alexander
1714 1404 149 61 belie-

543 1498 100 53 ved
657 1496 102 53 and
768 1491 210 60 thereby
994 1504 130 37 were
1137 1484 157 53 under
1306 1481 89 51 the
1407 1472 325 76 promi(e,yet
1745 1472 119 67 they
1859 1468 45 89 -

543 1563 149 54 made
710 1555 272 74 fhipwrack
998 1554 55 51 of
1068 1551 132 56 faith
1224 1548 101 53 and
1355 1565 29 33 a
1412 1542 139 71 good
1578 1539 285 54 confcience

542 1632 97 52 and
655 1629 53 51 fo
723 1643 148 38 come
883 1622 160 55 under
1052 1613 399 58 condemnation
1461 1651 24 26 ,
1507 1607 214 68 forthey
1734 1621 130 36 were

546 1694 256 56 delivered
814 1707 59 37 to
887 1701 138 41 Satan
1032 1672 113 84 that
1180 1684 118 63 they
1323 1672 170 84 might
1502 1676 151 57 Jearn
1678 1686 96 40 not
1809 1686 57 38 to

545 1764 289 69 blafpheme
848 1800 18 28 ,
898 1753 138 55 fore
1051 1770 85 36 are
1155 1747 206 70 already
1374 1740 185 57 turned
1575 1739 140 53 afide
1738 1740 128 52 after

546 1838 178 53 Satan,
758 1824 236 57 thisthou
1006 1819 229 53 knowelt
1248 1816 111 53 that
1372 1812 65 53 all
1448 1810 122 69 they
1578 1808 110 52 that
1700 1823 88 37 are
1812 1806 53 52 in

547 1898 183 68 Afabe
742 1891 182 57 tumed
937 1904 142 52 away
1090 1888 133 51 from
1238 1899 105 51 me,
1380 1878 72 62 of
1452 1877 175 53 whom
1640 1873 40 52 is
1710 1873 154 65 Phyle-

548 1980 78 40 tus
642 1964 104 53 and
773 1969 322 56 Hermogenes,
1135 1954 126 54 who
1287 1941 306 67 concerning
1603 1938 96 54 the
1722 1939 143 54 truth

547 2029 288 61 haveerred
852 2064 14 22 ,
904 2020 177 70 faying
1095 2022 109 51 that
1226 2018 90 52 the
1339 2009 320 58 refurrection
1688 2005 45 54 is
1762 2006 121 70 paft.

547 2097 230 68 already,
809 2090 99 57 and
922 2090 290 58 overthrow
1247 2086 88 50 the
1357 2079 134 56 faith
1505 2078 55 59 of
1570 2074 154 65 fome,
1759 2080 107 44 viz.

546 2176 246 58 Hymemeus
804 2160 99 54 and
922 2157 203 69 Phyletus
1142 2194 20 28 ,
1191 2152 98 51 but
1304 2152 120 62 they
1447 2145 108 51 that
1579 2141 70 52 do
1674 2138 196 55 believe

547 2232 103 55 and
676 2231 71 52 do
762 2226 242 55 continue
1033 2218 271 71 according
1315 2231 59 40 to
1389 2215 87 53 the
1500 2220 108 42 text
1630 2206 120 54 fhall
1772 2217 96 41 not

547 2318 147 37 come
703 2299 113 51 into
830 2287 401 67 condemnation.

616 2371 141 50 Your
767 2361 180 56 fecond
961 2356 189 75 placeis
1167 2372 21 40 t
1197 2354 132 74 Joh
1356 2363 127 57 2.195
1500 2345 84 55 the
1596 2339 168 61 words
1786 2354 84 37 are

1695 2404 171 70 ‘thefe,
