<?xml version="1.0" encoding="UTF-8"?>
<alto xmlns="http://www.loc.gov/standards/alto/ns-v3#" xmlns:xlink="http://www.w3.org/1999/xlink" xmlns:xsi="http://www.w3.org/2001/XMLSchema-instance" xsi:schemaLocation="http://www.loc.gov/standards/alto/ns-v3# http://www.loc.gov/alto/v3/alto-3-0.xsd">
	<Description>
		<MeasurementUnit>pixel</MeasurementUnit>
		<sourceImageInformation>
			<fileName>			</fileName>
		</sourceImageInformation>
		<OCRProcessing ID="OCR_0">
			<ocrProcessingStep>
				<processingSoftware>
					<softwareName>tesseract v4.1.0-elag2019</softwareName>
				</processingSoftware>
			</ocrProcessingStep>
		</OCRProcessing>
	</Description>
	<Layout>
		<Page WIDTH="1957" HEIGHT="2773" PHYSICAL_IMG_NR="0" ID="page_0">
			<PrintSpace HPOS="0" VPOS="0" WIDTH="1957" HEIGHT="2773">
				<TextBlock ID="block_0" HPOS="3" VPOS="0" WIDTH="851" HEIGHT="18">
					<TextLine ID="line_0" HPOS="3" VPOS="0" WIDTH="851" HEIGHT="18">
						<String ID="string_0" HPOS="3" VPOS="0" WIDTH="851" HEIGHT="18" WC="0.95" CONTENT=" "/>
					</TextLine>
				</TextBlock>
				<TextBlock ID="block_1" HPOS="8" VPOS="484" WIDTH="15" HEIGHT="671">
					<TextLine ID="line_1" HPOS="8" VPOS="484" WIDTH="15" HEIGHT="671">
						<String ID="string_1" HPOS="8" VPOS="484" WIDTH="15" HEIGHT="671" WC="0.95" CONTENT=" "/>
					</TextLine>
				</TextBlock>
				<TextBlock ID="block_2" HPOS="4" VPOS="1189" WIDTH="11" HEIGHT="238">
					<TextLine ID="line_2" HPOS="4" VPOS="1189" WIDTH="11" HEIGHT="238">
						<String ID="string_2" HPOS="10" VPOS="1422" WIDTH="3" HEIGHT="5" WC="0.75" CONTENT="—"/><SP WIDTH="-8" VPOS="1422" HPOS="13"/>
						<String ID="string_3" HPOS="5" VPOS="1346" WIDTH="8" HEIGHT="30" WC="0.69" CONTENT="—"/><SP WIDTH="-9" VPOS="1346" HPOS="13"/>
						<String ID="string_4" HPOS="4" VPOS="1301" WIDTH="10" HEIGHT="41" WC="0.69" CONTENT="—"/><SP WIDTH="-5" VPOS="1301" HPOS="14"/>
						<String ID="string_5" HPOS="9" VPOS="1219" WIDTH="5" HEIGHT="69" WC="0.72" CONTENT="—"/><SP WIDTH="-3" VPOS="1219" HPOS="14"/>
						<String ID="string_6" HPOS="11" VPOS="1189" WIDTH="4" HEIGHT="18" WC="0.91" CONTENT="—"/>
					</TextLine>
				</TextBlock>
				<TextBlock ID="block_3" HPOS="0" VPOS="786" WIDTH="21" HEIGHT="1837">
					<TextLine ID="line_3" HPOS="0" VPOS="786" WIDTH="21" HEIGHT="1837">
						<String ID="string_7" HPOS="0" VPOS="786" WIDTH="21" HEIGHT="1837" WC="0.95" CONTENT=" "/>
					</TextLine>
				</TextBlock>
				<TextBlock ID="block_4" HPOS="358" VPOS="637" WIDTH="176" HEIGHT="72">
					<TextLine ID="line_4" HPOS="358" VPOS="637" WIDTH="176" HEIGHT="72">
						<String ID="string_8" HPOS="358" VPOS="649" WIDTH="45" HEIGHT="44" WC="0.74" CONTENT="A"/><SP WIDTH="2" VPOS="649" HPOS="403"/>
						<String ID="string_9" HPOS="405" VPOS="660" WIDTH="64" HEIGHT="49" WC="0.1" CONTENT="B."/><SP WIDTH="-7" VPOS="660" HPOS="469"/>
						<String ID="string_10" HPOS="462" VPOS="637" WIDTH="72" HEIGHT="71" WC="0.92" CONTENT="8."/>
					</TextLine>
				</TextBlock>
				<TextBlock ID="block_5" HPOS="390" VPOS="841" WIDTH="151" HEIGHT="70">
					<TextLine ID="line_5" HPOS="390" VPOS="841" WIDTH="151" HEIGHT="70">
						<String ID="string_11" HPOS="390" VPOS="841" WIDTH="151" HEIGHT="70" WC="0.18" CONTENT="Auſi."/>
					</TextLine>
				</TextBlock>
				<TextBlock ID="block_6" HPOS="0" VPOS="0" WIDTH="1957" HEIGHT="83">
					<TextLine ID="line_6" HPOS="0" VPOS="0" WIDTH="1957" HEIGHT="83">
						<String ID="string_12" HPOS="0" VPOS="0" WIDTH="1957" HEIGHT="83" WC="0.95" CONTENT=" "/>
					</TextLine>
				</TextBlock>
				<TextBlock ID="block_7" HPOS="886" VPOS="84" WIDTH="725" HEIGHT="144">
					<TextLine ID="line_7" HPOS="886" VPOS="84" WIDTH="725" HEIGHT="144">
						<String ID="string_13" HPOS="886" VPOS="117" WIDTH="77" HEIGHT="76" WC="0.74" CONTENT="A"/><SP WIDTH="47" VPOS="117" HPOS="963"/>
						<String ID="string_14" HPOS="1010" VPOS="112" WIDTH="290" HEIGHT="103" WC="0.74" CONTENT="Treatiſe"/><SP WIDTH="15" VPOS="112" HPOS="1300"/>
						<String ID="string_15" HPOS="1315" VPOS="84" WIDTH="296" HEIGHT="144" WC="0.49" CONTENT="toucbing"/>
					</TextLine>
				</TextBlock>
				<TextBlock ID="block_8" HPOS="584" VPOS="243" WIDTH="1371" HEIGHT="1342">
					<TextLine ID="line_8" HPOS="602" VPOS="243" WIDTH="1325" HEIGHT="72">
						<String ID="string_16" HPOS="602" VPOS="245" WIDTH="204" HEIGHT="70" WC="0.81" CONTENT="itching"/><SP WIDTH="12" VPOS="245" HPOS="806"/>
						<String ID="string_17" HPOS="818" VPOS="260" WIDTH="138" HEIGHT="37" WC="0.92" CONTENT="eares"/><SP WIDTH="16" VPOS="260" HPOS="956"/>
						<String ID="string_18" HPOS="972" VPOS="244" WIDTH="77" HEIGHT="66" WC="0.56" CONTENT="(i)"/><SP WIDTH="29" VPOS="244" HPOS="1049"/>
						<String ID="string_19" HPOS="1078" VPOS="243" WIDTH="284" HEIGHT="55" WC="0.69" CONTENT="therfore"/><SP WIDTH="-56" VPOS="243" HPOS="1362"/>
						<String ID="string_20" HPOS="1306" VPOS="239" WIDTH="62" HEIGHT="81" WC="0.41" CONTENT="ãt"/><SP WIDTH="6" VPOS="239" HPOS="1368"/>
						<String ID="string_21" HPOS="1374" VPOS="246" WIDTH="127" HEIGHT="53" WC="0.92" CONTENT="doth"/><SP WIDTH="22" VPOS="246" HPOS="1501"/>
						<String ID="string_22" HPOS="1523" VPOS="262" WIDTH="95" HEIGHT="37" WC="0.92" CONTENT="not"/><SP WIDTH="15" VPOS="262" HPOS="1618"/>
						<String ID="string_23" HPOS="1633" VPOS="245" WIDTH="183" HEIGHT="61" WC="0.66" CONTENT="follon"/><SP WIDTH="22" VPOS="245" HPOS="1816"/>
						<String ID="string_24" HPOS="1838" VPOS="250" WIDTH="89" HEIGHT="58" WC="0.74" CONTENT="but"/>
					</TextLine>
					<TextLine ID="line_9" HPOS="604" VPOS="312" WIDTH="1325" HEIGHT="69">
						<String ID="string_25" HPOS="604" VPOS="313" WIDTH="143" HEIGHT="51" WC="0.92" CONTENT="thoſe"/><SP WIDTH="11" VPOS="313" HPOS="747"/>
						<String ID="string_26" HPOS="758" VPOS="315" WIDTH="111" HEIGHT="51" WC="0.92" CONTENT="that"/><SP WIDTH="14" VPOS="315" HPOS="869"/>
						<String ID="string_27" HPOS="883" VPOS="328" WIDTH="83" HEIGHT="36" WC="0.85" CONTENT="are"/><SP WIDTH="16" VPOS="328" HPOS="966"/>
						<String ID="string_28" HPOS="982" VPOS="314" WIDTH="88" HEIGHT="49" WC="0.85" CONTENT="the"/><SP WIDTH="12" VPOS="314" HPOS="1070"/>
						<String ID="string_29" HPOS="1082" VPOS="313" WIDTH="143" HEIGHT="67" WC="0.64" CONTENT="ſheep"/><SP WIDTH="13" VPOS="313" HPOS="1225"/>
						<String ID="string_30" HPOS="1238" VPOS="312" WIDTH="58" HEIGHT="54" WC="0.89" CONTENT="ot"/><SP WIDTH="14" VPOS="312" HPOS="1296"/>
						<String ID="string_31" HPOS="1310" VPOS="313" WIDTH="184" HEIGHT="53" WC="0.89" CONTENT="Chriſt"/><SP WIDTH="19" VPOS="313" HPOS="1494"/>
						<String ID="string_32" HPOS="1513" VPOS="330" WIDTH="116" HEIGHT="51" WC="0.91" CONTENT="may"/><SP WIDTH="15" VPOS="330" HPOS="1629"/>
						<String ID="string_33" HPOS="1644" VPOS="317" WIDTH="138" HEIGHT="52" WC="0.92" CONTENT="ceaſe"/><SP WIDTH="16" VPOS="317" HPOS="1782"/>
						<String ID="string_34" HPOS="1798" VPOS="332" WIDTH="57" HEIGHT="38" WC="0.90" CONTENT="to"/><SP WIDTH="13" VPOS="332" HPOS="1855"/>
						<String ID="string_35" HPOS="1868" VPOS="319" WIDTH="61" HEIGHT="55" WC="0.90" CONTENT="be"/>
					</TextLine>
					<TextLine ID="line_10" HPOS="601" VPOS="377" WIDTH="1327" HEIGHT="81">
						<String ID="string_36" HPOS="601" VPOS="378" WIDTH="79" HEIGHT="53" WC="0.79" CONTENT="his"/><SP WIDTH="13" VPOS="378" HPOS="680"/>
						<String ID="string_37" HPOS="693" VPOS="379" WIDTH="161" HEIGHT="68" WC="0.60" CONTENT="ſheep,"/><SP WIDTH="16" VPOS="379" HPOS="854"/>
						<String ID="string_38" HPOS="870" VPOS="381" WIDTH="67" HEIGHT="65" WC="0.91" CONTENT="by"/><SP WIDTH="20" VPOS="381" HPOS="937"/>
						<String ID="string_39" HPOS="957" VPOS="377" WIDTH="213" HEIGHT="72" WC="0.40" CONTENT="refuſing"/><SP WIDTH="17" VPOS="377" HPOS="1170"/>
						<String ID="string_40" HPOS="1187" VPOS="394" WIDTH="57" HEIGHT="36" WC="0.71" CONTENT="to"/><SP WIDTH="27" VPOS="394" HPOS="1244"/>
						<String ID="string_41" HPOS="1271" VPOS="379" WIDTH="146" HEIGHT="53" WC="0.79" CONTENT="heare"/><SP WIDTH="22" VPOS="379" HPOS="1417"/>
						<String ID="string_42" HPOS="1439" VPOS="381" WIDTH="82" HEIGHT="62" WC="0.92" CONTENT="his"/><SP WIDTH="20" VPOS="381" HPOS="1521"/>
						<String ID="string_43" HPOS="1541" VPOS="398" WIDTH="181" HEIGHT="53" WC="0.54" CONTENT="voyce,"/><SP WIDTH="23" VPOS="398" HPOS="1722"/>
						<String ID="string_44" HPOS="1745" VPOS="387" WIDTH="101" HEIGHT="51" WC="0.92" CONTENT="and"/><SP WIDTH="18" VPOS="387" HPOS="1846"/>
						<String ID="string_45" HPOS="1864" VPOS="387" WIDTH="64" HEIGHT="71" WC="0.92" CONTENT="by"/>
					</TextLine>
					<TextLine ID="line_11" HPOS="598" VPOS="445" WIDTH="1328" HEIGHT="71">
						<String ID="string_46" HPOS="598" VPOS="441" WIDTH="90" HEIGHT="80" WC="0.91" CONTENT="not"/><SP WIDTH="14" VPOS="441" HPOS="688"/>
						<String ID="string_47" HPOS="702" VPOS="445" WIDTH="269" HEIGHT="71" WC="0.40" CONTENT="folloving"/><SP WIDTH="12" VPOS="445" HPOS="971"/>
						<String ID="string_48" HPOS="983" VPOS="446" WIDTH="62" HEIGHT="51" WC="0.87" CONTENT="ol"/><SP WIDTH="19" VPOS="446" HPOS="1045"/>
						<String ID="string_49" HPOS="1064" VPOS="447" WIDTH="56" HEIGHT="54" WC="0.82" CONTENT="hi"/><SP WIDTH="20" VPOS="447" HPOS="1120"/>
						<String ID="string_50" HPOS="1140" VPOS="468" WIDTH="48" HEIGHT="40" WC="0.0" CONTENT="n,"/><SP WIDTH="12" VPOS="468" HPOS="1188"/>
						<String ID="string_51" HPOS="1200" VPOS="446" WIDTH="98" HEIGHT="53" WC="0.92" CONTENT="and"/><SP WIDTH="26" VPOS="446" HPOS="1298"/>
						<String ID="string_52" HPOS="1324" VPOS="445" WIDTH="56" HEIGHT="54" WC="0.92" CONTENT="ſo"/><SP WIDTH="23" VPOS="445" HPOS="1380"/>
						<String ID="string_53" HPOS="1403" VPOS="465" WIDTH="50" HEIGHT="33" WC="0.93" CONTENT="as"/><SP WIDTH="23" VPOS="465" HPOS="1453"/>
						<String ID="string_54" HPOS="1476" VPOS="446" WIDTH="280" HEIGHT="58" WC="0.41" CONTENT="untruittull"/><SP WIDTH="26" VPOS="446" HPOS="1756"/>
						<String ID="string_55" HPOS="1782" VPOS="454" WIDTH="144" HEIGHT="55" WC="0.80" CONTENT="bran-"/>
					</TextLine>
					<TextLine ID="line_12" HPOS="601" VPOS="513" WIDTH="1321" HEIGHT="68">
						<String ID="string_56" HPOS="601" VPOS="513" WIDTH="130" HEIGHT="68" WC="0.91" CONTENT="ches,"/><SP WIDTH="16" VPOS="513" HPOS="731"/>
						<String ID="string_57" HPOS="747" VPOS="513" WIDTH="64" HEIGHT="52" WC="0.91" CONTENT="be"/><SP WIDTH="12" VPOS="513" HPOS="811"/>
						<String ID="string_58" HPOS="823" VPOS="527" WIDTH="86" HEIGHT="37" WC="0.91" CONTENT="cut"/><SP WIDTH="13" VPOS="527" HPOS="909"/>
						<String ID="string_59" HPOS="922" VPOS="513" WIDTH="88" HEIGHT="52" WC="0.67" CONTENT="off"/><SP WIDTH="3" VPOS="513" HPOS="1010"/>
						<String ID="string_60" HPOS="1013" VPOS="515" WIDTH="134" HEIGHT="50" WC="0.70" CONTENT="from"/><SP WIDTH="29" VPOS="515" HPOS="1147"/>
						<String ID="string_61" HPOS="1176" VPOS="514" WIDTH="202" HEIGHT="53" WC="0.90" CONTENT="Chriſt:"/><SP WIDTH="14" VPOS="514" HPOS="1378"/>
						<String ID="string_62" HPOS="1392" VPOS="514" WIDTH="53" HEIGHT="50" WC="0.90" CONTENT="ſo"/><SP WIDTH="25" VPOS="514" HPOS="1445"/>
						<String ID="string_63" HPOS="1470" VPOS="518" WIDTH="151" HEIGHT="63" WC="0.91" CONTENT="much"/><SP WIDTH="25" VPOS="518" HPOS="1621"/>
						<String ID="string_64" HPOS="1646" VPOS="534" WIDTH="53" HEIGHT="36" WC="0.91" CONTENT="as"/><SP WIDTH="21" VPOS="534" HPOS="1699"/>
						<String ID="string_65" HPOS="1720" VPOS="533" WIDTH="55" HEIGHT="41" WC="0.92" CONTENT="to"/><SP WIDTH="25" VPOS="533" HPOS="1775"/>
						<String ID="string_66" HPOS="1800" VPOS="521" WIDTH="122" HEIGHT="54" WC="0.92" CONTENT="that:"/>
					</TextLine>
					<TextLine ID="line_13" HPOS="600" VPOS="580" WIDTH="1314" HEIGHT="70">
						<String ID="string_67" HPOS="600" VPOS="596" WIDTH="119" HEIGHT="37" WC="0.85" CONTENT="now"/><SP WIDTH="16" VPOS="596" HPOS="719"/>
						<String ID="string_68" HPOS="735" VPOS="594" WIDTH="57" HEIGHT="38" WC="0.87" CONTENT="to"/><SP WIDTH="12" VPOS="594" HPOS="792"/>
						<String ID="string_69" HPOS="804" VPOS="580" WIDTH="89" HEIGHT="52" WC="0.88" CONTENT="the"/><SP WIDTH="10" VPOS="580" HPOS="893"/>
						<String ID="string_70" HPOS="903" VPOS="593" WIDTH="140" HEIGHT="40" WC="0.84" CONTENT="next."/><SP WIDTH="304" VPOS="593" HPOS="1043"/>
						<String ID="string_71" HPOS="1347" VPOS="611" WIDTH="55" HEIGHT="39" WC="0.45" CONTENT="."/>
					</TextLine>
					<TextLine ID="line_14" HPOS="670" VPOS="647" WIDTH="1256" HEIGHT="72">
						<String ID="string_72" HPOS="670" VPOS="647" WIDTH="182" HEIGHT="65" WC="0.87" CONTENT="Becauſe"/><SP WIDTH="12" VPOS="647" HPOS="852"/>
						<String ID="string_73" HPOS="864" VPOS="656" WIDTH="52" HEIGHT="41" WC="0.76" CONTENT="in"/><SP WIDTH="10" VPOS="656" HPOS="916"/>
						<String ID="string_74" HPOS="926" VPOS="648" WIDTH="76" HEIGHT="50" WC="0.89" CONTENT="thᷣe"/><SP WIDTH="5" VPOS="648" HPOS="1002"/>
						<String ID="string_75" HPOS="1007" VPOS="647" WIDTH="191" HEIGHT="69" WC="0.89" CONTENT="greateſt"/><SP WIDTH="10" VPOS="647" HPOS="1198"/>
						<String ID="string_76" HPOS="1208" VPOS="655" WIDTH="292" HEIGHT="59" WC="0.7" CONTENT="tentptation,"/><SP WIDTH="23" VPOS="655" HPOS="1500"/>
						<String ID="string_77" HPOS="1523" VPOS="648" WIDTH="74" HEIGHT="53" WC="0.92" CONTENT="the"/><SP WIDTH="12" VPOS="648" HPOS="1597"/>
						<String ID="string_78" HPOS="1609" VPOS="650" WIDTH="129" HEIGHT="51" WC="0.92" CONTENT="Lord"/><SP WIDTH="9" VPOS="650" HPOS="1738"/>
						<String ID="string_79" HPOS="1747" VPOS="658" WIDTH="46" HEIGHT="45" WC="0.92" CONTENT="is"/><SP WIDTH="11" VPOS="658" HPOS="1793"/>
						<String ID="string_80" HPOS="1804" VPOS="654" WIDTH="122" HEIGHT="65" WC="0.0" CONTENT="pa-"/>
					</TextLine>
					<TextLine ID="line_15" HPOS="589" VPOS="710" WIDTH="1340" HEIGHT="77">
						<String ID="string_81" HPOS="589" VPOS="710" WIDTH="91" HEIGHT="70" WC="0.89" CONTENT="ſed"/><SP WIDTH="5" VPOS="710" HPOS="680"/>
						<String ID="string_82" HPOS="685" VPOS="726" WIDTH="49" HEIGHT="38" WC="0.89" CONTENT="to"/><SP WIDTH="12" VPOS="726" HPOS="734"/>
						<String ID="string_83" HPOS="746" VPOS="720" WIDTH="106" HEIGHT="57" WC="0.66" CONTENT="give"/><SP WIDTH="-6" VPOS="720" HPOS="852"/>
						<String ID="string_84" HPOS="846" VPOS="712" WIDTH="124" HEIGHT="68" WC="0.78" CONTENT="ſuch"/><SP WIDTH="9" VPOS="712" HPOS="970"/>
						<String ID="string_85" HPOS="979" VPOS="712" WIDTH="243" HEIGHT="69" WC="0.43" CONTENT="Miſtance,"/><SP WIDTH="11" VPOS="712" HPOS="1222"/>
						<String ID="string_86" HPOS="1233" VPOS="714" WIDTH="110" HEIGHT="52" WC="0.84" CONTENT="that"/><SP WIDTH="11" VPOS="714" HPOS="1343"/>
						<String ID="string_87" HPOS="1354" VPOS="713" WIDTH="220" HEIGHT="69" WC="0.50" CONTENT="theſhall"/><SP WIDTH="7" VPOS="713" HPOS="1574"/>
						<String ID="string_88" HPOS="1581" VPOS="736" WIDTH="80" HEIGHT="31" WC="0.85" CONTENT="not"/><SP WIDTH="13" VPOS="736" HPOS="1661"/>
						<String ID="string_89" HPOS="1674" VPOS="718" WIDTH="52" HEIGHT="50" WC="0.51" CONTENT="be"/><SP WIDTH="12" VPOS="718" HPOS="1726"/>
						<String ID="string_90" HPOS="1738" VPOS="723" WIDTH="191" HEIGHT="64" WC="0.6" CONTENT="teuipted"/>
					</TextLine>
					<TextLine ID="line_16" HPOS="604" VPOS="779" WIDTH="1100" HEIGHT="67">
						<String ID="string_91" HPOS="604" VPOS="781" WIDTH="140" HEIGHT="49" WC="0.63" CONTENT="above"/><SP WIDTH="16" VPOS="781" HPOS="744"/>
						<String ID="string_92" HPOS="760" VPOS="779" WIDTH="123" HEIGHT="51" WC="0.83" CONTENT="their"/><SP WIDTH="13" VPOS="779" HPOS="883"/>
						<String ID="string_93" HPOS="896" VPOS="780" WIDTH="224" HEIGHT="66" WC="0.54" CONTENT="abilititæ,"/><SP WIDTH="23" VPOS="780" HPOS="1120"/>
						<String ID="string_94" HPOS="1143" VPOS="791" WIDTH="103" HEIGHT="42" WC="0.89" CONTENT="1Co."/><SP WIDTH="23" VPOS="791" HPOS="1246"/>
						<String ID="string_95" HPOS="1269" VPOS="793" WIDTH="75" HEIGHT="38" WC="0.90" CONTENT="to."/><SP WIDTH="16" VPOS="793" HPOS="1344"/>
						<String ID="string_96" HPOS="1360" VPOS="796" WIDTH="72" HEIGHT="50" WC="0.86" CONTENT="13."/><SP WIDTH="35" VPOS="796" HPOS="1432"/>
						<String ID="string_97" HPOS="1467" VPOS="780" WIDTH="237" HEIGHT="65" WC="0.67" CONTENT="therefore."/>
					</TextLine>
					<TextLine ID="line_17" HPOS="672" VPOS="845" WIDTH="1254" HEIGHT="73">
						<String ID="string_98" HPOS="672" VPOS="846" WIDTH="116" HEIGHT="53" WC="0.91" CONTENT="The"/><SP WIDTH="14" VPOS="846" HPOS="788"/>
						<String ID="string_99" HPOS="802" VPOS="846" WIDTH="206" HEIGHT="66" WC="0.63" CONTENT="Apoſile"/><SP WIDTH="21" VPOS="846" HPOS="1008"/>
						<String ID="string_100" HPOS="1029" VPOS="845" WIDTH="54" HEIGHT="55" WC="0.91" CONTENT="in"/><SP WIDTH="27" VPOS="845" HPOS="1083"/>
						<String ID="string_101" HPOS="1110" VPOS="848" WIDTH="87" HEIGHT="50" WC="0.91" CONTENT="the"/><SP WIDTH="24" VPOS="848" HPOS="1197"/>
						<String ID="string_102" HPOS="1221" VPOS="846" WIDTH="283" HEIGHT="72" WC="0.88" CONTENT="beginning"/><SP WIDTH="24" VPOS="846" HPOS="1504"/>
						<String ID="string_103" HPOS="1528" VPOS="849" WIDTH="66" HEIGHT="51" WC="0.32" CONTENT="oſ"/><SP WIDTH="5" VPOS="849" HPOS="1594"/>
						<String ID="string_104" HPOS="1599" VPOS="850" WIDTH="88" HEIGHT="53" WC="0.32" CONTENT="the"/><SP WIDTH="24" VPOS="850" HPOS="1687"/>
						<String ID="string_105" HPOS="1711" VPOS="851" WIDTH="215" HEIGHT="67" WC="0.91" CONTENT="Chapter"/>
					</TextLine>
					<TextLine ID="line_18" HPOS="603" VPOS="911" WIDTH="1324" HEIGHT="78">
						<String ID="string_106" HPOS="603" VPOS="926" WIDTH="116" HEIGHT="55" WC="0.92" CONTENT="puts"/><SP WIDTH="11" VPOS="926" HPOS="719"/>
						<String ID="string_107" HPOS="730" VPOS="912" WIDTH="91" HEIGHT="52" WC="0.91" CONTENT="the"/><SP WIDTH="14" VPOS="912" HPOS="821"/>
						<String ID="string_108" HPOS="835" VPOS="911" WIDTH="299" HEIGHT="55" WC="0.59" CONTENT="Corinthians"/><SP WIDTH="14" VPOS="911" HPOS="1134"/>
						<String ID="string_109" HPOS="1148" VPOS="911" WIDTH="52" HEIGHT="53" WC="0.66" CONTENT="in"/><SP WIDTH="14" VPOS="911" HPOS="1200"/>
						<String ID="string_110" HPOS="1214" VPOS="912" WIDTH="142" HEIGHT="53" WC="0.47" CONTENT="mind"/><SP WIDTH="11" VPOS="912" HPOS="1356"/>
						<String ID="string_111" HPOS="1367" VPOS="915" WIDTH="62" HEIGHT="50" WC="0.85" CONTENT="of"/><SP WIDTH="16" VPOS="915" HPOS="1429"/>
						<String ID="string_112" HPOS="1445" VPOS="913" WIDTH="205" HEIGHT="54" WC="0.53" CONTENT="niercies"/><SP WIDTH="21" VPOS="913" HPOS="1650"/>
						<String ID="string_113" HPOS="1671" VPOS="924" WIDTH="113" HEIGHT="45" WC="0.83" CONTENT="trat"/><SP WIDTH="13" VPOS="924" HPOS="1784"/>
						<String ID="string_114" HPOS="1797" VPOS="918" WIDTH="130" HEIGHT="71" WC="0.68" CONTENT="vcre"/>
					</TextLine>
					<TextLine ID="line_19" HPOS="596" VPOS="976" WIDTH="1359" HEIGHT="75">
						<String ID="string_115" HPOS="596" VPOS="977" WIDTH="209" HEIGHT="68" WC="0.88" CONTENT="injoyed"/><SP WIDTH="11" VPOS="977" HPOS="805"/>
						<String ID="string_116" HPOS="816" VPOS="976" WIDTH="69" HEIGHT="70" WC="0.81" CONTENT="by"/><SP WIDTH="8" VPOS="976" HPOS="885"/>
						<String ID="string_117" HPOS="893" VPOS="980" WIDTH="86" HEIGHT="49" WC="0.81" CONTENT="the"/><SP WIDTH="11" VPOS="980" HPOS="979"/>
						<String ID="string_118" HPOS="990" VPOS="979" WIDTH="136" HEIGHT="67" WC="0.0" CONTENT="dems."/><SP WIDTH="20" VPOS="979" HPOS="1126"/>
						<String ID="string_119" HPOS="1146" VPOS="979" WIDTH="133" HEIGHT="51" WC="0.91" CONTENT="from"/><SP WIDTH="13" VPOS="979" HPOS="1279"/>
						<String ID="string_120" HPOS="1292" VPOS="980" WIDTH="86" HEIGHT="50" WC="0.92" CONTENT="the"/><SP WIDTH="12" VPOS="980" HPOS="1378"/>
						<String ID="string_121" HPOS="1390" VPOS="980" WIDTH="103" HEIGHT="53" WC="0.89" CONTENT="firſt"/><SP WIDTH="11" VPOS="980" HPOS="1493"/>
						<String ID="string_122" HPOS="1504" VPOS="980" WIDTH="112" HEIGHT="51" WC="0.91" CONTENT="veſe"/><SP WIDTH="11" VPOS="980" HPOS="1616"/>
						<String ID="string_123" HPOS="1627" VPOS="997" WIDTH="59" HEIGHT="37" WC="0.90" CONTENT="to"/><SP WIDTH="12" VPOS="997" HPOS="1686"/>
						<String ID="string_124" HPOS="1698" VPOS="985" WIDTH="87" HEIGHT="48" WC="0.85" CONTENT="the"/><SP WIDTH="10" VPOS="985" HPOS="1785"/>
						<String ID="string_125" HPOS="1795" VPOS="983" WIDTH="131" HEIGHT="68" WC="0.43" CONTENT="fifth."/>
					</TextLine>
					<TextLine ID="line_20" HPOS="598" VPOS="1042" WIDTH="1325" HEIGHT="71">
						<String ID="string_126" HPOS="598" VPOS="1044" WIDTH="93" HEIGHT="51" WC="0.47" CONTENT="but"/><SP WIDTH="29" VPOS="1044" HPOS="691"/>
						<String ID="string_127" HPOS="720" VPOS="1042" WIDTH="105" HEIGHT="54" WC="0.47" CONTENT="laith"/><SP WIDTH="11" VPOS="1042" HPOS="825"/>
						<String ID="string_128" HPOS="836" VPOS="1044" WIDTH="79" HEIGHT="65" WC="0.47" CONTENT="he,"/><SP WIDTH="17" VPOS="1044" HPOS="915"/>
						<String ID="string_129" HPOS="932" VPOS="1046" WIDTH="124" HEIGHT="50" WC="0.60" CONTENT="with"/><SP WIDTH="16" VPOS="1046" HPOS="1056"/>
						<String ID="string_130" HPOS="1072" VPOS="1062" WIDTH="152" HEIGHT="51" WC="0.91" CONTENT="many"/><SP WIDTH="12" VPOS="1062" HPOS="1224"/>
						<String ID="string_131" HPOS="1236" VPOS="1046" WIDTH="56" HEIGHT="49" WC="0.85" CONTENT="ot"/><SP WIDTH="11" VPOS="1046" HPOS="1292"/>
						<String ID="string_132" HPOS="1303" VPOS="1045" WIDTH="139" HEIGHT="53" WC="0.90" CONTENT="them"/><SP WIDTH="18" VPOS="1045" HPOS="1442"/>
						<String ID="string_133" HPOS="1460" VPOS="1048" WIDTH="119" HEIGHT="54" WC="0.81" CONTENT="God"/><SP WIDTH="16" VPOS="1048" HPOS="1579"/>
						<String ID="string_134" HPOS="1595" VPOS="1065" WIDTH="98" HEIGHT="35" WC="0.77" CONTENT="was"/><SP WIDTH="10" VPOS="1065" HPOS="1693"/>
						<String ID="string_135" HPOS="1703" VPOS="1066" WIDTH="92" HEIGHT="34" WC="0.89" CONTENT="not"/><SP WIDTH="11" VPOS="1066" HPOS="1795"/>
						<String ID="string_136" HPOS="1806" VPOS="1052" WIDTH="117" HEIGHT="50" WC="0.44" CONTENT="velĩ"/>
					</TextLine>
					<TextLine ID="line_21" HPOS="595" VPOS="1108" WIDTH="1327" HEIGHT="72">
						<String ID="string_137" HPOS="595" VPOS="1108" WIDTH="218" HEIGHT="72" WC="0.91" CONTENT="pleaſed,"/><SP WIDTH="20" VPOS="1108" HPOS="813"/>
						<String ID="string_138" HPOS="833" VPOS="1110" WIDTH="81" HEIGHT="54" WC="0.90" CONTENT="for"/><SP WIDTH="15" VPOS="1110" HPOS="914"/>
						<String ID="string_139" HPOS="929" VPOS="1111" WIDTH="122" HEIGHT="69" WC="0.91" CONTENT="they"/><SP WIDTH="26" VPOS="1111" HPOS="1051"/>
						<String ID="string_140" HPOS="1077" VPOS="1128" WIDTH="134" HEIGHT="38" WC="0.29" CONTENT="werẽ"/><SP WIDTH="33" VPOS="1128" HPOS="1211"/>
						<String ID="string_141" HPOS="1244" VPOS="1115" WIDTH="326" HEIGHT="54" WC="0.64" CONTENT="overthrovn"/><SP WIDTH="31" VPOS="1115" HPOS="1570"/>
						<String ID="string_142" HPOS="1601" VPOS="1113" WIDTH="50" HEIGHT="54" WC="0.91" CONTENT="in"/><SP WIDTH="25" VPOS="1113" HPOS="1651"/>
						<String ID="string_143" HPOS="1676" VPOS="1115" WIDTH="89" HEIGHT="52" WC="0.88" CONTENT="the"/><SP WIDTH="27" VPOS="1115" HPOS="1765"/>
						<String ID="string_144" HPOS="1792" VPOS="1118" WIDTH="130" HEIGHT="54" WC="0.90" CONTENT="wil."/>
					</TextLine>
					<TextLine ID="line_22" HPOS="594" VPOS="1176" WIDTH="1326" HEIGHT="71">
						<String ID="string_145" HPOS="594" VPOS="1176" WIDTH="198" HEIGHT="54" WC="0.79" CONTENT="derneſs"/><SP WIDTH="14" VPOS="1176" HPOS="792"/>
						<String ID="string_146" HPOS="806" VPOS="1197" WIDTH="51" HEIGHT="35" WC="0.79" CONTENT="v."/><SP WIDTH="28" VPOS="1197" HPOS="857"/>
						<String ID="string_147" HPOS="885" VPOS="1192" WIDTH="45" HEIGHT="47" WC="0.71" CONTENT="5."/><SP WIDTH="40" VPOS="1192" HPOS="930"/>
						<String ID="string_148" HPOS="970" VPOS="1176" WIDTH="138" HEIGHT="57" WC="0.32" CONTENT="Now"/><SP WIDTH="26" VPOS="1176" HPOS="1108"/>
						<String ID="string_149" HPOS="1134" VPOS="1177" WIDTH="136" HEIGHT="53" WC="0.90" CONTENT="theſe"/><SP WIDTH="22" VPOS="1177" HPOS="1270"/>
						<String ID="string_150" HPOS="1292" VPOS="1179" WIDTH="167" HEIGHT="68" WC="0.19" CONTENT="thngs"/><SP WIDTH="24" VPOS="1179" HPOS="1459"/>
						<String ID="string_151" HPOS="1483" VPOS="1196" WIDTH="133" HEIGHT="38" WC="0.90" CONTENT="were"/><SP WIDTH="22" VPOS="1196" HPOS="1616"/>
						<String ID="string_152" HPOS="1638" VPOS="1198" WIDTH="99" HEIGHT="35" WC="0.91" CONTENT="our"/><SP WIDTH="13" VPOS="1198" HPOS="1737"/>
						<String ID="string_153" HPOS="1750" VPOS="1200" WIDTH="170" HEIGHT="35" WC="0.91" CONTENT="exam-"/>
					</TextLine>
					<TextLine ID="line_23" HPOS="592" VPOS="1243" WIDTH="1329" HEIGHT="70">
						<String ID="string_154" HPOS="592" VPOS="1245" WIDTH="127" HEIGHT="68" WC="0.92" CONTENT="ples,"/><SP WIDTH="16" VPOS="1245" HPOS="719"/>
						<String ID="string_155" HPOS="735" VPOS="1258" WIDTH="55" HEIGHT="37" WC="0.92" CONTENT="to"/><SP WIDTH="14" VPOS="1258" HPOS="790"/>
						<String ID="string_156" HPOS="804" VPOS="1245" WIDTH="87" HEIGHT="53" WC="0.92" CONTENT="the"/><SP WIDTH="17" VPOS="1245" HPOS="891"/>
						<String ID="string_157" HPOS="908" VPOS="1243" WIDTH="162" HEIGHT="55" WC="0.91" CONTENT="intent"/><SP WIDTH="26" VPOS="1243" HPOS="1070"/>
						<String ID="string_158" HPOS="1096" VPOS="1262" WIDTH="92" HEIGHT="40" WC="0.90" CONTENT="we"/><SP WIDTH="16" VPOS="1262" HPOS="1188"/>
						<String ID="string_159" HPOS="1204" VPOS="1244" WIDTH="178" HEIGHT="63" WC="0.91" CONTENT="ſhould"/><SP WIDTH="26" VPOS="1244" HPOS="1382"/>
						<String ID="string_160" HPOS="1408" VPOS="1262" WIDTH="93" HEIGHT="37" WC="0.86" CONTENT="not"/><SP WIDTH="23" VPOS="1262" HPOS="1501"/>
						<String ID="string_161" HPOS="1524" VPOS="1246" WIDTH="97" HEIGHT="51" WC="0.91" CONTENT="luſt"/><SP WIDTH="29" VPOS="1246" HPOS="1621"/>
						<String ID="string_162" HPOS="1650" VPOS="1248" WIDTH="128" HEIGHT="52" WC="0.88" CONTENT="after"/><SP WIDTH="22" VPOS="1248" HPOS="1778"/>
						<String ID="string_163" HPOS="1800" VPOS="1251" WIDTH="121" HEIGHT="51" WC="0.92" CONTENT="evill"/>
					</TextLine>
					<TextLine ID="line_24" HPOS="590" VPOS="1309" WIDTH="1329" HEIGHT="75">
						<String ID="string_164" HPOS="590" VPOS="1309" WIDTH="188" HEIGHT="69" WC="0.83" CONTENT="things,"/><SP WIDTH="23" VPOS="1309" HPOS="778"/>
						<String ID="string_165" HPOS="801" VPOS="1327" WIDTH="52" HEIGHT="34" WC="0.92" CONTENT="as"/><SP WIDTH="12" VPOS="1327" HPOS="853"/>
						<String ID="string_166" HPOS="865" VPOS="1310" WIDTH="122" HEIGHT="70" WC="0.89" CONTENT="they"/><SP WIDTH="10" VPOS="1310" HPOS="987"/>
						<String ID="string_167" HPOS="997" VPOS="1313" WIDTH="179" HEIGHT="68" WC="0.89" CONTENT="luſted,"/><SP WIDTH="21" VPOS="1313" HPOS="1176"/>
						<String ID="string_168" HPOS="1197" VPOS="1313" WIDTH="89" HEIGHT="51" WC="0.87" CONTENT="&amp;c."/><SP WIDTH="12" VPOS="1313" HPOS="1286"/>
						<String ID="string_169" HPOS="1298" VPOS="1316" WIDTH="118" HEIGHT="68" WC="0.88" CONTENT="Pray"/><SP WIDTH="16" VPOS="1316" HPOS="1416"/>
						<String ID="string_170" HPOS="1432" VPOS="1305" WIDTH="239" HEIGHT="83" WC="0.48" CONTENT="conſider,"/><SP WIDTH="7" VPOS="1305" HPOS="1671"/>
						<String ID="string_171" HPOS="1678" VPOS="1332" WIDTH="91" HEIGHT="34" WC="0.89" CONTENT="wus"/><SP WIDTH="20" VPOS="1332" HPOS="1769"/>
						<String ID="string_172" HPOS="1789" VPOS="1316" WIDTH="130" HEIGHT="53" WC="0.85" CONTENT="their"/>
					</TextLine>
					<TextLine ID="line_25" HPOS="584" VPOS="1376" WIDTH="1333" HEIGHT="71">
						<String ID="string_173" HPOS="584" VPOS="1376" WIDTH="296" HEIGHT="53" WC="0.7" CONTENT="overthrox"/><SP WIDTH="13" VPOS="1376" HPOS="880"/>
						<String ID="string_174" HPOS="893" VPOS="1395" WIDTH="96" HEIGHT="34" WC="0.91" CONTENT="our"/><SP WIDTH="14" VPOS="1395" HPOS="989"/>
						<String ID="string_175" HPOS="1003" VPOS="1379" WIDTH="291" HEIGHT="67" WC="0.90" CONTENT="enſamples,"/><SP WIDTH="34" VPOS="1379" HPOS="1294"/>
						<String ID="string_176" HPOS="1328" VPOS="1380" WIDTH="100" HEIGHT="52" WC="0.91" CONTENT="and"/><SP WIDTH="43" VPOS="1380" HPOS="1428"/>
						<String ID="string_177" HPOS="1471" VPOS="1393" WIDTH="187" HEIGHT="45" WC="0.91" CONTENT="cannot"/><SP WIDTH="25" VPOS="1393" HPOS="1658"/>
						<String ID="string_178" HPOS="1683" VPOS="1399" WIDTH="79" HEIGHT="33" WC="0.43" CONTENT="ve"/><SP WIDTH="43" VPOS="1399" HPOS="1762"/>
						<String ID="string_179" HPOS="1805" VPOS="1382" WIDTH="112" HEIGHT="65" WC="0.86" CONTENT="lult,"/>
					</TextLine>
					<TextLine ID="line_26" HPOS="585" VPOS="1442" WIDTH="1338" HEIGHT="73">
						<String ID="string_180" HPOS="585" VPOS="1443" WIDTH="65" HEIGHT="52" WC="0.90" CONTENT="be"/><SP WIDTH="14" VPOS="1443" HPOS="650"/>
						<String ID="string_181" HPOS="664" VPOS="1444" WIDTH="260" HEIGHT="66" WC="0.83" CONTENT="Idolaters,"/><SP WIDTH="10" VPOS="1444" HPOS="924"/>
						<String ID="string_182" HPOS="934" VPOS="1458" WIDTH="162" HEIGHT="55" WC="0.83" CONTENT="tempt"/><SP WIDTH="25" VPOS="1458" HPOS="1096"/>
						<String ID="string_183" HPOS="1121" VPOS="1442" WIDTH="186" HEIGHT="71" WC="0.68" CONTENT="Chriſt,"/><SP WIDTH="15" VPOS="1442" HPOS="1307"/>
						<String ID="string_184" HPOS="1322" VPOS="1460" WIDTH="321" HEIGHT="40" WC="0.92" CONTENT="murmour"/><SP WIDTH="-77" VPOS="1460" HPOS="1643"/>
						<String ID="string_185" HPOS="1566" VPOS="1438" WIDTH="82" HEIGHT="81" WC="0.92" CONTENT="as"/><SP WIDTH="18" VPOS="1438" HPOS="1648"/>
						<String ID="string_186" HPOS="1666" VPOS="1450" WIDTH="122" HEIGHT="65" WC="0.88" CONTENT="they"/><SP WIDTH="17" VPOS="1450" HPOS="1788"/>
						<String ID="string_187" HPOS="1805" VPOS="1450" WIDTH="118" HEIGHT="65" WC="0.74" CONTENT="did;"/>
					</TextLine>
					<TextLine ID="line_27" HPOS="587" VPOS="1509" WIDTH="1330" HEIGHT="76">
						<String ID="string_188" HPOS="587" VPOS="1513" WIDTH="103" HEIGHT="50" WC="0.91" CONTENT="and"/><SP WIDTH="17" VPOS="1513" HPOS="690"/>
						<String ID="string_189" HPOS="707" VPOS="1511" WIDTH="52" HEIGHT="50" WC="0.92" CONTENT="ſo"/><SP WIDTH="13" VPOS="1511" HPOS="759"/>
						<String ID="string_190" HPOS="772" VPOS="1509" WIDTH="64" HEIGHT="51" WC="0.81" CONTENT="de"/><SP WIDTH="10" VPOS="1509" HPOS="836"/>
						<String ID="string_191" HPOS="846" VPOS="1512" WIDTH="329" HEIGHT="52" WC="0.32" CONTENT="overthioun"/><SP WIDTH="13" VPOS="1512" HPOS="1175"/>
						<String ID="string_192" HPOS="1188" VPOS="1529" WIDTH="50" HEIGHT="33" WC="0.92" CONTENT="as"/><SP WIDTH="14" VPOS="1529" HPOS="1238"/>
						<String ID="string_193" HPOS="1252" VPOS="1514" WIDTH="121" HEIGHT="66" WC="0.46" CONTENT="they"/><SP WIDTH="13" VPOS="1514" HPOS="1373"/>
						<String ID="string_194" HPOS="1386" VPOS="1516" WIDTH="157" HEIGHT="49" WC="0.70" CONTENT="wereꝰ"/><SP WIDTH="36" VPOS="1516" HPOS="1543"/>
						<String ID="string_195" HPOS="1579" VPOS="1532" WIDTH="109" HEIGHT="53" WC="0.66" CONTENT="vea,"/><SP WIDTH="13" VPOS="1532" HPOS="1688"/>
						<String ID="string_196" HPOS="1701" VPOS="1513" WIDTH="109" HEIGHT="53" WC="0.90" CONTENT="ſure"/><SP WIDTH="14" VPOS="1513" HPOS="1810"/>
						<String ID="string_197" HPOS="1824" VPOS="1515" WIDTH="41" HEIGHT="53" WC="0.66" CONTENT="it"/><SP WIDTH="14" VPOS="1515" HPOS="1865"/>
						<String ID="string_198" HPOS="1879" VPOS="1516" WIDTH="38" HEIGHT="54" WC="0.15" CONTENT="is"/>
					</TextLine>
				</TextBlock>
				<TextBlock ID="block_9" HPOS="521" VPOS="1576" WIDTH="1393" HEIGHT="71">
					<TextLine ID="line_28" HPOS="521" VPOS="1576" WIDTH="1393" HEIGHT="71">
						<String ID="string_199" HPOS="521" VPOS="1577" WIDTH="291" HEIGHT="67" WC="0.86" CONTENT="poſſible,"/><SP WIDTH="38" VPOS="1577" HPOS="812"/>
						<String ID="string_200" HPOS="850" VPOS="1576" WIDTH="82" HEIGHT="53" WC="0.81" CONTENT="for"/><SP WIDTH="17" VPOS="1576" HPOS="932"/>
						<String ID="string_201" HPOS="949" VPOS="1578" WIDTH="55" HEIGHT="52" WC="0.91" CONTENT="ſo"/><SP WIDTH="28" VPOS="1578" HPOS="1004"/>
						<String ID="string_202" HPOS="1032" VPOS="1580" WIDTH="85" HEIGHT="52" WC="0.89" CONTENT="the"/><SP WIDTH="26" VPOS="1580" HPOS="1117"/>
						<String ID="string_203" HPOS="1143" VPOS="1577" WIDTH="209" HEIGHT="70" WC="0.81" CONTENT="Apoſtlè"/><SP WIDTH="26" VPOS="1577" HPOS="1352"/>
						<String ID="string_204" HPOS="1378" VPOS="1582" WIDTH="174" HEIGHT="51" WC="0.86" CONTENT="telleth"/><SP WIDTH="25" VPOS="1582" HPOS="1552"/>
						<String ID="string_205" HPOS="1577" VPOS="1583" WIDTH="87" HEIGHT="52" WC="0.22" CONTENT="ihe"/><SP WIDTH="25" VPOS="1583" HPOS="1664"/>
						<String ID="string_206" HPOS="1689" VPOS="1583" WIDTH="225" HEIGHT="53" WC="0.6" CONTENT="Hbremes"/>
					</TextLine>
				</TextBlock>
				<TextBlock ID="block_10" HPOS="300" VPOS="1703" WIDTH="192" HEIGHT="88">
					<TextLine ID="line_29" HPOS="317" VPOS="1703" WIDTH="175" HEIGHT="44">
						<String ID="string_207" HPOS="317" VPOS="1703" WIDTH="96" HEIGHT="36" WC="0.57" CONTENT="Heb."/><SP WIDTH="17" VPOS="1703" HPOS="413"/>
						<String ID="string_208" HPOS="430" VPOS="1699" WIDTH="61" HEIGHT="52" WC="0.63" CONTENT="4t."/>
					</TextLine>
					<TextLine ID="line_30" HPOS="300" VPOS="1749" WIDTH="166" HEIGHT="42">
						<String ID="string_209" HPOS="300" VPOS="1749" WIDTH="90" HEIGHT="42" WC="0.0" CONTENT="Vetſ."/><SP WIDTH="22" VPOS="1749" HPOS="390"/>
						<String ID="string_210" HPOS="412" VPOS="1759" WIDTH="54" HEIGHT="28" WC="0.25" CONTENT="1i."/>
					</TextLine>
				</TextBlock>
				<TextBlock ID="block_11" HPOS="573" VPOS="1643" WIDTH="1370" HEIGHT="474">
					<TextLine ID="line_31" HPOS="585" VPOS="1643" WIDTH="1332" HEIGHT="74">
						<String ID="string_211" HPOS="585" VPOS="1643" WIDTH="257" HEIGHT="65" WC="0.27" CONTENT="likewiſe,"/><SP WIDTH="14" VPOS="1643" HPOS="842"/>
						<String ID="string_212" HPOS="856" VPOS="1647" WIDTH="69" HEIGHT="62" WC="0.90" CONTENT="let"/><SP WIDTH="11" VPOS="1647" HPOS="925"/>
						<String ID="string_213" HPOS="936" VPOS="1664" WIDTH="56" HEIGHT="33" WC="0.67" CONTENT="us"/><SP WIDTH="11" VPOS="1664" HPOS="992"/>
						<String ID="string_214" HPOS="1003" VPOS="1647" WIDTH="256" HEIGHT="51" WC="0.67" CONTENT="therefore"/><SP WIDTH="18" VPOS="1647" HPOS="1259"/>
						<String ID="string_215" HPOS="1277" VPOS="1647" WIDTH="134" HEIGHT="59" WC="0.91" CONTENT="fear,"/><SP WIDTH="39" VPOS="1647" HPOS="1411"/>
						<String ID="string_216" HPOS="1450" VPOS="1649" WIDTH="91" HEIGHT="51" WC="0.89" CONTENT="leſt"/><SP WIDTH="13" VPOS="1649" HPOS="1541"/>
						<String ID="string_217" HPOS="1554" VPOS="1669" WIDTH="29" HEIGHT="33" WC="0.89" CONTENT="a"/><SP WIDTH="14" VPOS="1669" HPOS="1583"/>
						<String ID="string_218" HPOS="1597" VPOS="1650" WIDTH="219" HEIGHT="67" WC="0.47" CONTENT="promiie"/><SP WIDTH="20" VPOS="1650" HPOS="1816"/>
						<String ID="string_219" HPOS="1836" VPOS="1651" WIDTH="81" HEIGHT="51" WC="0.88" CONTENT="be-"/>
					</TextLine>
					<TextLine ID="line_32" HPOS="580" VPOS="1710" WIDTH="1336" HEIGHT="74">
						<String ID="string_220" HPOS="580" VPOS="1710" WIDTH="91" HEIGHT="69" WC="0.89" CONTENT="ing"/><SP WIDTH="24" VPOS="1710" HPOS="671"/>
						<String ID="string_221" HPOS="695" VPOS="1711" WIDTH="90" HEIGHT="52" WC="0.72" CONTENT="left"/><SP WIDTH="27" VPOS="1711" HPOS="785"/>
						<String ID="string_222" HPOS="812" VPOS="1728" WIDTH="56" HEIGHT="33" WC="0.91" CONTENT="us"/><SP WIDTH="24" VPOS="1728" HPOS="868"/>
						<String ID="string_223" HPOS="892" VPOS="1714" WIDTH="53" HEIGHT="48" WC="0.91" CONTENT="ot"/><SP WIDTH="34" VPOS="1714" HPOS="945"/>
						<String ID="string_224" HPOS="979" VPOS="1712" WIDTH="206" HEIGHT="69" WC="0.92" CONTENT="entring"/><SP WIDTH="25" VPOS="1712" HPOS="1185"/>
						<String ID="string_225" HPOS="1210" VPOS="1710" WIDTH="113" HEIGHT="54" WC="0.88" CONTENT="into"/><SP WIDTH="21" VPOS="1710" HPOS="1323"/>
						<String ID="string_226" HPOS="1344" VPOS="1714" WIDTH="79" HEIGHT="51" WC="0.93" CONTENT="his"/><SP WIDTH="36" VPOS="1714" HPOS="1423"/>
						<String ID="string_227" HPOS="1459" VPOS="1715" WIDTH="111" HEIGHT="60" WC="0.91" CONTENT="reſt,"/><SP WIDTH="39" VPOS="1715" HPOS="1570"/>
						<String ID="string_228" HPOS="1609" VPOS="1734" WIDTH="98" HEIGHT="48" WC="0.92" CONTENT="any"/><SP WIDTH="23" VPOS="1734" HPOS="1707"/>
						<String ID="string_229" HPOS="1730" VPOS="1715" WIDTH="65" HEIGHT="53" WC="0.89" CONTENT="of"/><SP WIDTH="21" VPOS="1715" HPOS="1795"/>
						<String ID="string_230" HPOS="1816" VPOS="1722" WIDTH="100" HEIGHT="62" WC="0.81" CONTENT="you"/>
					</TextLine>
					<TextLine ID="line_33" HPOS="580" VPOS="1776" WIDTH="1336" HEIGHT="61">
						<String ID="string_231" HPOS="580" VPOS="1778" WIDTH="178" HEIGHT="52" WC="0.56" CONTENT="ſhõuld"/><SP WIDTH="42" VPOS="1778" HPOS="758"/>
						<String ID="string_232" HPOS="800" VPOS="1776" WIDTH="126" HEIGHT="52" WC="0.81" CONTENT="ſeem"/><SP WIDTH="28" VPOS="1776" HPOS="926"/>
						<String ID="string_233" HPOS="954" VPOS="1794" WIDTH="57" HEIGHT="33" WC="0.88" CONTENT="to"/><SP WIDTH="25" VPOS="1794" HPOS="1011"/>
						<String ID="string_234" HPOS="1036" VPOS="1795" WIDTH="147" HEIGHT="36" WC="0.33" CONTENT="come"/><SP WIDTH="28" VPOS="1795" HPOS="1183"/>
						<String ID="string_235" HPOS="1211" VPOS="1778" WIDTH="135" HEIGHT="53" WC="0.62" CONTENT="ſhort"/><SP WIDTH="25" VPOS="1778" HPOS="1346"/>
						<String ID="string_236" HPOS="1371" VPOS="1782" WIDTH="53" HEIGHT="51" WC="0.86" CONTENT="ot"/><SP WIDTH="14" VPOS="1782" HPOS="1424"/>
						<String ID="string_237" HPOS="1438" VPOS="1780" WIDTH="100" HEIGHT="54" WC="0.27" CONTENT="it."/><SP WIDTH="35" VPOS="1780" HPOS="1538"/>
						<String ID="string_238" HPOS="1573" VPOS="1782" WIDTH="67" HEIGHT="51" WC="0.90" CONTENT="let"/><SP WIDTH="16" VPOS="1782" HPOS="1640"/>
						<String ID="string_239" HPOS="1656" VPOS="1801" WIDTH="58" HEIGHT="34" WC="0.92" CONTENT="us"/><SP WIDTH="26" VPOS="1801" HPOS="1714"/>
						<String ID="string_240" HPOS="1740" VPOS="1782" WIDTH="176" HEIGHT="55" WC="0.86" CONTENT="labour"/>
					</TextLine>
					<TextLine ID="line_34" HPOS="580" VPOS="1843" WIDTH="1335" HEIGHT="73">
						<String ID="string_241" HPOS="580" VPOS="1845" WIDTH="249" HEIGHT="53" WC="0.87" CONTENT="therefore"/><SP WIDTH="11" VPOS="1845" HPOS="829"/>
						<String ID="string_242" HPOS="840" VPOS="1857" WIDTH="57" HEIGHT="39" WC="0.75" CONTENT="to"/><SP WIDTH="10" VPOS="1857" HPOS="897"/>
						<String ID="string_243" HPOS="907" VPOS="1860" WIDTH="138" HEIGHT="37" WC="0.75" CONTENT="enter"/><SP WIDTH="16" VPOS="1860" HPOS="1045"/>
						<String ID="string_244" HPOS="1061" VPOS="1843" WIDTH="113" HEIGHT="54" WC="0.90" CONTENT="into"/><SP WIDTH="14" VPOS="1843" HPOS="1174"/>
						<String ID="string_245" HPOS="1188" VPOS="1845" WIDTH="106" HEIGHT="53" WC="0.92" CONTENT="that"/><SP WIDTH="15" VPOS="1845" HPOS="1294"/>
						<String ID="string_246" HPOS="1309" VPOS="1850" WIDTH="133" HEIGHT="57" WC="0.91" CONTENT="Reſt"/><SP WIDTH="19" VPOS="1850" HPOS="1442"/>
						<String ID="string_247" HPOS="1461" VPOS="1847" WIDTH="91" HEIGHT="56" WC="0.90" CONTENT="leſt"/><SP WIDTH="16" VPOS="1847" HPOS="1552"/>
						<String ID="string_248" HPOS="1568" VPOS="1868" WIDTH="98" HEIGHT="48" WC="0.92" CONTENT="any"/><SP WIDTH="17" VPOS="1868" HPOS="1666"/>
						<String ID="string_249" HPOS="1683" VPOS="1868" WIDTH="116" HEIGHT="35" WC="0.93" CONTENT="man"/><SP WIDTH="28" VPOS="1868" HPOS="1799"/>
						<String ID="string_250" HPOS="1827" VPOS="1852" WIDTH="88" HEIGHT="53" WC="0.91" CONTENT="fall"/>
					</TextLine>
					<TextLine ID="line_35" HPOS="577" VPOS="1910" WIDTH="1366" HEIGHT="71">
						<String ID="string_251" HPOS="577" VPOS="1910" WIDTH="129" HEIGHT="54" WC="0.59" CONTENT="afier"/><SP WIDTH="18" VPOS="1910" HPOS="706"/>
						<String ID="string_252" HPOS="724" VPOS="1911" WIDTH="85" HEIGHT="51" WC="0.88" CONTENT="the"/><SP WIDTH="31" VPOS="1911" HPOS="809"/>
						<String ID="string_253" HPOS="840" VPOS="1910" WIDTH="133" HEIGHT="57" WC="0.89" CONTENT="ſame"/><SP WIDTH="22" VPOS="1910" HPOS="973"/>
						<String ID="string_254" HPOS="995" VPOS="1911" WIDTH="252" HEIGHT="69" WC="0.74" CONTENT="enſomple"/><SP WIDTH="19" VPOS="1911" HPOS="1247"/>
						<String ID="string_255" HPOS="1266" VPOS="1912" WIDTH="66" HEIGHT="51" WC="0.88" CONTENT="of"/><SP WIDTH="23" VPOS="1912" HPOS="1332"/>
						<String ID="string_256" HPOS="1355" VPOS="1913" WIDTH="240" HEIGHT="68" WC="0.88" CONTENT="unbeliet᷑,"/><SP WIDTH="35" VPOS="1913" HPOS="1595"/>
						<String ID="string_257" HPOS="1630" VPOS="1917" WIDTH="52" HEIGHT="60" WC="0.58" CONTENT="io"/><SP WIDTH="11" VPOS="1917" HPOS="1682"/>
						<String ID="string_258" HPOS="1693" VPOS="1917" WIDTH="114" HEIGHT="52" WC="0.86" CONTENT="that"/><SP WIDTH="15" VPOS="1917" HPOS="1807"/>
						<String ID="string_259" HPOS="1822" VPOS="1919" WIDTH="43" HEIGHT="53" WC="0.50" CONTENT="it"/><SP WIDTH="13" VPOS="1919" HPOS="1865"/>
						<String ID="string_260" HPOS="1878" VPOS="1919" WIDTH="40" HEIGHT="53" WC="0.90" CONTENT="is"/>
					</TextLine>
					<TextLine ID="line_36" HPOS="573" VPOS="1975" WIDTH="1345" HEIGHT="73">
						<String ID="string_261" HPOS="573" VPOS="1994" WIDTH="119" HEIGHT="51" WC="0.91" CONTENT="very"/><SP WIDTH="16" VPOS="1994" HPOS="692"/>
						<String ID="string_262" HPOS="708" VPOS="1975" WIDTH="213" HEIGHT="69" WC="0.88" CONTENT="poſſible"/><SP WIDTH="12" VPOS="1975" HPOS="921"/>
						<String ID="string_263" HPOS="933" VPOS="1981" WIDTH="76" HEIGHT="48" WC="0.78" CONTENT="we"/><SP WIDTH="10" VPOS="1981" HPOS="1009"/>
						<String ID="string_264" HPOS="1019" VPOS="1995" WIDTH="116" HEIGHT="53" WC="0.78" CONTENT="may"/><SP WIDTH="14" VPOS="1995" HPOS="1135"/>
						<String ID="string_265" HPOS="1149" VPOS="1979" WIDTH="109" HEIGHT="66" WC="0.39" CONTENT="luſt,"/><SP WIDTH="39" VPOS="1979" HPOS="1258"/>
						<String ID="string_266" HPOS="1297" VPOS="1983" WIDTH="100" HEIGHT="51" WC="0.90" CONTENT="and"/><SP WIDTH="15" VPOS="1983" HPOS="1397"/>
						<String ID="string_267" HPOS="1412" VPOS="1980" WIDTH="82" HEIGHT="65" WC="0.90" CONTENT="be"/><SP WIDTH="22" VPOS="1980" HPOS="1494"/>
						<String ID="string_268" HPOS="1516" VPOS="1982" WIDTH="327" HEIGHT="55" WC="0.51" CONTENT="overthrovn"/><SP WIDTH="26" VPOS="1982" HPOS="1843"/>
						<String ID="string_269" HPOS="1869" VPOS="2004" WIDTH="49" HEIGHT="35" WC="0.90" CONTENT="as"/>
					</TextLine>
					<TextLine ID="line_37" HPOS="575" VPOS="2044" WIDTH="1339" HEIGHT="73">
						<String ID="string_270" HPOS="575" VPOS="2045" WIDTH="288" HEIGHT="67" WC="0.58" CONTENT="theywerez"/><SP WIDTH="13" VPOS="2045" HPOS="863"/>
						<String ID="string_271" HPOS="876" VPOS="2044" WIDTH="80" HEIGHT="50" WC="0.67" CONTENT="for"/><SP WIDTH="12" VPOS="2044" HPOS="956"/>
						<String ID="string_272" HPOS="968" VPOS="2045" WIDTH="64" HEIGHT="52" WC="0.90" CONTENT="all"/><SP WIDTH="30" VPOS="2045" HPOS="1032"/>
						<String ID="string_273" HPOS="1062" VPOS="2045" WIDTH="138" HEIGHT="52" WC="0.77" CONTENT="theſe"/><SP WIDTH="14" VPOS="2045" HPOS="1200"/>
						<String ID="string_274" HPOS="1214" VPOS="2044" WIDTH="173" HEIGHT="72" WC="0.90" CONTENT="things"/><SP WIDTH="16" VPOS="2044" HPOS="1387"/>
						<String ID="string_275" HPOS="1403" VPOS="2049" WIDTH="204" HEIGHT="68" WC="0.92" CONTENT="hapned"/><SP WIDTH="26" VPOS="2049" HPOS="1607"/>
						<String ID="string_276" HPOS="1633" VPOS="2065" WIDTH="129" HEIGHT="37" WC="0.90" CONTENT="unto"/><SP WIDTH="12" VPOS="2065" HPOS="1762"/>
						<String ID="string_277" HPOS="1774" VPOS="2055" WIDTH="140" HEIGHT="50" WC="0.90" CONTENT="them"/>
					</TextLine>
				</TextBlock>
				<TextBlock ID="block_12" HPOS="549" VPOS="2109" WIDTH="1366" HEIGHT="71">
					<TextLine ID="line_38" HPOS="549" VPOS="2109" WIDTH="1366" HEIGHT="71">
						<String ID="string_278" HPOS="549" VPOS="2113" WIDTH="113" HEIGHT="49" WC="0.11" CONTENT="for"/><SP WIDTH="13" VPOS="2113" HPOS="662"/>
						<String ID="string_279" HPOS="675" VPOS="2110" WIDTH="294" HEIGHT="68" WC="0.90" CONTENT="enſamples,"/><SP WIDTH="11" VPOS="2110" HPOS="969"/>
						<String ID="string_280" HPOS="980" VPOS="2109" WIDTH="95" HEIGHT="56" WC="0.93" CONTENT="and"/><SP WIDTH="14" VPOS="2109" HPOS="1075"/>
						<String ID="string_281" HPOS="1089" VPOS="2113" WIDTH="121" HEIGHT="67" WC="0.83" CONTENT="they"/><SP WIDTH="13" VPOS="2113" HPOS="1210"/>
						<String ID="string_282" HPOS="1223" VPOS="2132" WIDTH="82" HEIGHT="33" WC="0.91" CONTENT="are"/><SP WIDTH="14" VPOS="2132" HPOS="1305"/>
						<String ID="string_283" HPOS="1319" VPOS="2115" WIDTH="201" HEIGHT="53" WC="0.47" CONTENT="vritten"/><SP WIDTH="15" VPOS="2115" HPOS="1520"/>
						<String ID="string_284" HPOS="1535" VPOS="2115" WIDTH="83" HEIGHT="51" WC="0.82" CONTENT="for"/><SP WIDTH="15" VPOS="2115" HPOS="1618"/>
						<String ID="string_285" HPOS="1633" VPOS="2134" WIDTH="96" HEIGHT="33" WC="0.93" CONTENT="our"/><SP WIDTH="12" VPOS="2134" HPOS="1729"/>
						<String ID="string_286" HPOS="1741" VPOS="2120" WIDTH="174" HEIGHT="51" WC="0.92" CONTENT="admo-"/>
					</TextLine>
				</TextBlock>
				<TextBlock ID="block_13" HPOS="273" VPOS="2227" WIDTH="275" HEIGHT="92">
					<TextLine ID="line_39" HPOS="299" VPOS="2227" WIDTH="249" HEIGHT="49">
						<String ID="string_287" HPOS="299" VPOS="2239" WIDTH="13" HEIGHT="24" WC="0.79" CONTENT="1"/><SP WIDTH="16" VPOS="2239" HPOS="312"/>
						<String ID="string_288" HPOS="328" VPOS="2223" WIDTH="84" HEIGHT="57" WC="0.40" CONTENT="Cor."/><SP WIDTH="8" VPOS="2223" HPOS="412"/>
						<String ID="string_289" HPOS="420" VPOS="2240" WIDTH="53" HEIGHT="29" WC="0.0" CONTENT="1o."/><SP WIDTH="17" VPOS="2240" HPOS="473"/>
						<String ID="string_290" HPOS="490" VPOS="2238" WIDTH="58" HEIGHT="38" WC="0.3" CONTENT="t1,"/>
					</TextLine>
					<TextLine ID="line_40" HPOS="273" VPOS="2281" WIDTH="78" HEIGHT="38">
						<String ID="string_291" HPOS="273" VPOS="2310" WIDTH="4" HEIGHT="4" WC="0.73" CONTENT="."/><SP WIDTH="13" VPOS="2310" HPOS="277"/>
						<String ID="string_292" HPOS="290" VPOS="2281" WIDTH="61" HEIGHT="38" WC="0.86" CONTENT="42."/>
					</TextLine>
				</TextBlock>
				<TextBlock ID="block_14" HPOS="548" VPOS="2176" WIDTH="1369" HEIGHT="68">
					<TextLine ID="line_41" HPOS="548" VPOS="2176" WIDTH="1369" HEIGHT="68">
						<String ID="string_293" HPOS="548" VPOS="2176" WIDTH="225" HEIGHT="68" WC="0.90" CONTENT="nition,"/><SP WIDTH="32" VPOS="2176" HPOS="773"/>
						<String ID="string_294" HPOS="805" VPOS="2194" WIDTH="63" HEIGHT="44" WC="0.48" CONTENT="ut"/><SP WIDTH="8" VPOS="2194" HPOS="868"/>
						<String ID="string_295" HPOS="876" VPOS="2182" WIDTH="75" HEIGHT="51" WC="0.50" CONTENT="on"/><SP WIDTH="36" VPOS="2182" HPOS="951"/>
						<String ID="string_296" HPOS="987" VPOS="2177" WIDTH="168" HEIGHT="58" WC="0.26" CONTENT="hem"/><SP WIDTH="26" VPOS="2177" HPOS="1155"/>
						<String ID="string_297" HPOS="1181" VPOS="2182" WIDTH="90" HEIGHT="49" WC="0.48" CONTENT="ihe"/><SP WIDTH="17" VPOS="2182" HPOS="1271"/>
						<String ID="string_298" HPOS="1288" VPOS="2183" WIDTH="124" HEIGHT="52" WC="0.92" CONTENT="ends"/><SP WIDTH="36" VPOS="2183" HPOS="1412"/>
						<String ID="string_299" HPOS="1448" VPOS="2181" WIDTH="65" HEIGHT="53" WC="0.12" CONTENT="of"/><SP WIDTH="13" VPOS="2181" HPOS="1513"/>
						<String ID="string_300" HPOS="1526" VPOS="2183" WIDTH="86" HEIGHT="50" WC="0.12" CONTENT="the"/><SP WIDTH="34" VPOS="2183" HPOS="1612"/>
						<String ID="string_301" HPOS="1646" VPOS="2186" WIDTH="164" HEIGHT="50" WC="0.91" CONTENT="world"/><SP WIDTH="26" VPOS="2186" HPOS="1810"/>
						<String ID="string_302" HPOS="1836" VPOS="2204" WIDTH="81" HEIGHT="36" WC="0.90" CONTENT="are"/>
					</TextLine>
				</TextBlock>
				<TextBlock ID="block_15" HPOS="557" VPOS="2243" WIDTH="1361" HEIGHT="213">
					<TextLine ID="line_42" HPOS="565" VPOS="2243" WIDTH="1350" HEIGHT="71">
						<String ID="string_303" HPOS="565" VPOS="2260" WIDTH="179" HEIGHT="44" WC="0.0" CONTENT="come?"/><SP WIDTH="32" VPOS="2260" HPOS="744"/>
						<String ID="string_304" HPOS="776" VPOS="2243" WIDTH="284" HEIGHT="53" WC="0.73" CONTENT="vherefore"/><SP WIDTH="16" VPOS="2243" HPOS="1060"/>
						<String ID="string_305" HPOS="1076" VPOS="2245" WIDTH="125" HEIGHT="54" WC="0.34" CONTENT="ſaith"/><SP WIDTH="12" VPOS="2245" HPOS="1201"/>
						<String ID="string_306" HPOS="1213" VPOS="2249" WIDTH="80" HEIGHT="65" WC="0.34" CONTENT="he,"/><SP WIDTH="26" VPOS="2249" HPOS="1293"/>
						<String ID="string_307" HPOS="1319" VPOS="2250" WIDTH="67" HEIGHT="51" WC="0.92" CONTENT="let"/><SP WIDTH="26" VPOS="2250" HPOS="1386"/>
						<String ID="string_308" HPOS="1412" VPOS="2248" WIDTH="104" HEIGHT="54" WC="0.92" CONTENT="him"/><SP WIDTH="29" VPOS="2248" HPOS="1516"/>
						<String ID="string_309" HPOS="1545" VPOS="2250" WIDTH="108" HEIGHT="52" WC="0.90" CONTENT="that"/><SP WIDTH="26" VPOS="2250" HPOS="1653"/>
						<String ID="string_310" HPOS="1679" VPOS="2250" WIDTH="236" HEIGHT="56" WC="0.90" CONTENT="thinketh"/>
					</TextLine>
					<TextLine ID="line_43" HPOS="557" VPOS="2310" WIDTH="1359" HEIGHT="78">
						<String ID="string_311" HPOS="557" VPOS="2312" WIDTH="87" HEIGHT="72" WC="0.53" CONTENT="he"/><SP WIDTH="13" VPOS="2312" HPOS="644"/>
						<String ID="string_312" HPOS="657" VPOS="2310" WIDTH="240" HEIGHT="63" WC="0.91" CONTENT="ſtandeth,"/><SP WIDTH="19" VPOS="2310" HPOS="897"/>
						<String ID="string_313" HPOS="916" VPOS="2311" WIDTH="116" HEIGHT="55" WC="0.57" CONTENT="take"/><SP WIDTH="10" VPOS="2311" HPOS="1032"/>
						<String ID="string_314" HPOS="1042" VPOS="2311" WIDTH="113" HEIGHT="58" WC="0.91" CONTENT="heed"/><SP WIDTH="33" VPOS="2311" HPOS="1155"/>
						<String ID="string_315" HPOS="1188" VPOS="2314" WIDTH="85" HEIGHT="55" WC="0.87" CONTENT="leſt"/><SP WIDTH="12" VPOS="2314" HPOS="1273"/>
						<String ID="string_316" HPOS="1285" VPOS="2316" WIDTH="64" HEIGHT="53" WC="0.87" CONTENT="he"/><SP WIDTH="23" VPOS="2316" HPOS="1349"/>
						<String ID="string_317" HPOS="1372" VPOS="2313" WIDTH="109" HEIGHT="75" WC="0.86" CONTENT="fall,"/><SP WIDTH="26" VPOS="2313" HPOS="1481"/>
						<String ID="string_318" HPOS="1507" VPOS="2333" WIDTH="106" HEIGHT="52" WC="0.91" CONTENT="you"/><SP WIDTH="16" VPOS="2333" HPOS="1613"/>
						<String ID="string_319" HPOS="1629" VPOS="2318" WIDTH="107" HEIGHT="54" WC="0.92" CONTENT="that"/><SP WIDTH="30" VPOS="2318" HPOS="1736"/>
						<String ID="string_320" HPOS="1766" VPOS="2320" WIDTH="150" HEIGHT="54" WC="0.65" CONTENT="thin"/>
					</TextLine>
					<TextLine ID="line_44" HPOS="657" VPOS="2404" WIDTH="1261" HEIGHT="52">
						<String ID="string_321" HPOS="657" VPOS="2411" WIDTH="152" HEIGHT="31" WC="0.0" CONTENT="U"/><SP WIDTH="1002" VPOS="2411" HPOS="809"/>
						<String ID="string_322" HPOS="1811" VPOS="2404" WIDTH="107" HEIGHT="52" WC="0.88" CONTENT="you"/>
					</TextLine>
				</TextBlock>
				<TextBlock ID="block_16" HPOS="1160" VPOS="2524" WIDTH="22" HEIGHT="24">
					<TextLine ID="line_45" HPOS="1160" VPOS="2524" WIDTH="22" HEIGHT="24">
						<String ID="string_323" HPOS="1160" VPOS="2524" WIDTH="22" HEIGHT="24" WC="0.79" CONTENT="9"/>
					</TextLine>
				</TextBlock>
				<TextBlock ID="block_17" HPOS="0" VPOS="2707" WIDTH="1957" HEIGHT="66">
					<TextLine ID="line_46" HPOS="0" VPOS="2707" WIDTH="1957" HEIGHT="66">
						<String ID="string_324" HPOS="0" VPOS="2707" WIDTH="1957" HEIGHT="66" WC="0.95" CONTENT=" "/>
					</TextLine>
				</TextBlock>
			</PrintSpace>
		</Page>
	</Layout>
</alto>
