1943 2773
325 136 102 107 42

859 136 81 77 A
960 133 280 100 Treatife
1273 134 294 111 touching

549 261 148 54 ftood
711 259 118 72 they
839 258 191 62 feemed
1041 275 56 36 to
1114 259 64 52 bé
1191 258 139 55 what
1339 260 131 64 they.
1488 276 128 36 were
1628 269 113 61 not,
1773 254 88 61 but

549 333 149 52 when
716 332 118 68 they
844 329 84 54 fell
942 329 119 63 they
1074 328 245 71 appeared
1343 341 59 39 to
1433 328 63 51 be
1528 330 134 52 what
1690 331 188 54 indeed

549 402 123 65 they
685 406 171 56 were,
886 414 119 36 now
1022 394 50 58 if
1078 400 109 49 Paul
1198 398 260 52 delivered
1482 400 143 49 them
1653 413 56 36 tu
1737 402 143 51 Satan

548 468 81 52 for
637 465 178 71 falling
829 467 172 50 froma
1020 463 215 70 feeming
1246 462 212 69 faith,he
1472 461 257 75 furelydid
1743 467 142 53 them.

551 541 305 62 wrong,vz.
894 533 118 64 they
1029 548 131 35 were
1172 532 254 51 delivered
1439 545 57 36 to
1512 535 148 52 Satan
1674 534 80 50 for
1766 535 114 53 dea-

548 605 107 67 ling
662 599 388 73 plainly,which
1063 601 123 68 they
1208 599 90 53 did
1324 600 149 67 when
1499 601 118 70 they
1647 600 105 62 fell,
1792 601 91 55 but

548 688 139 35 were
697 668 312 56 diffemblers
1023 669 146 52 when
1184 671 124 66 they
1328 667 145 53 ftood
1498 684 52 36 at
1573 670 94 52 the
1686 669 122 65 beft,
1842 671 49 54 if

546 736 223 70 theyhad
783 737 128 51 bura
932 735 218 68 feeming
1135 730 171 80 faith,
1315 730 128 80 which
1490 735 40 51 is
1541 740 207 63 none,&
1759 738 121 54 how

548 808 123 67 they
682 804 150 55 could
844 803 151 54 make
1006 802 278 71 fhipwrack
1298 803 176 53 ofthat
1488 803 392 70 theyneverhad
1937 808 5 4 —

549 872 510 70 isaparadoxtome.
1192 935 14 12 __
1507 934 15 13 ;

619 937 230 74 Again,
792 930 57 85 it
864 955 139 37 wasa
1015 952 112 38 true
1140 937 139 63 faith,
1292 952 73 36 no
1376 936 218 70 feeming
1606 934 128 56 faith
1750 976 16 25 ,
1795 938 86 54 be-

550 1008 144 58 caufe
705 1008 111 52 that
826 1005 170 55 which
1022 1008 122 66 they
1170 1006 148 51 made
1351 1005 280 67 fhipwrack
1656 1006 88 69 of,
1793 1009 86 52 the

548 1075 209 55 famehe
780 1075 202 52 exhorts
1004 1073 251 66 Timothy
1284 1086 55 37 to
1364 1072 147 69 hold,
1530 1072 202 67 holding
1751 1076 135 63 faith

548 1144 99 51 and
655 1164 27 28 a
694 1146 120 63 good
822 1142 248 68 con{cience
1084 1181 18 23 ,
1130 1139 144 51 which
1273 1139 130 68 fome
1419 1140 173 64 having
1612 1154 82 53 put
1716 1160 164 50 away,

549 1208 150 55 &c.fo
710 1210 111 52 that
830 1211 86 50 the
927 1208 128 51 fame
1071 1205 131 53 faith
1214 1207 190 51 theone
1416 1207 131 50 muft
1558 1206 321 68 hold(which

548 1290 184 40 cannot
750 1274 269 69 bedenyed
1040 1273 141 53 butit
1196 1287 265 38 wasatrue
1521 1271 133 55 faith
1701 1282 18 51 )
1767 1277 112 51 that

546 1345 92 51 the
660 1346 147 50 other
827 1356 92 56 put
949 1358 174 53 away:
1185 1342 165 51 which
1375 1340 50 51 if
1444 1342 91 49 the
1548 1338 189 69 fame,
1683 1334 56 83 it
1752 1349 130 47 muft

549 1409 150 55 needs
715 1409 66 52 be
795 1429 53 33 as
866 1425 143 49 true,
1044 1409 252 51 therefore
1309 1425 70 33 no
1392 1404 224 76 feeming
1630 1405 144 55 faith.

618 1475 301 70 Again,they
931 1475 107 52 that
1054 1474 90 53 fall
1157 1474 132 52 from
1304 1471 252 78 thefaith,
1592 1492 83 37 are
1697 1474 106 55 faid
1826 1491 56 38 to

550 1544 180 67 depart
745 1540 134 55 from
901 1544 89 51 the
1003 1540 163 69 living
1180 1541 150 56 God:
1367 1557 122 35 now
1513 1556 41 36 it
1593 1540 43 54 is
1655 1558 234 56 contrary

551 1627 60 36 to
627 1611 64 52 all
710 1610 243 54 reafonto
972 1607 115 72 fay,
1119 1611 120 66 they
1266 1609 73 49 do
1374 1608 181 66 depart
1578 1607 134 55 from
1751 1609 142 69 him,

495 1710 3 2 -
553 1679 119 51 who
706 1696 151 36 never
891 1693 133 38 were
1050 1673 123 57 with
1200 1676 140 52 him:
1407 1675 102 52 and
1565 1676 113 52 that
1723 1677 169 53 which

549 1745 176 68 brings
736 1744 199 68 perfons
946 1758 54 36 to
1014 1742 121 57 God
1150 1761 90 35 can
1253 1742 140 52 beno
1405 1741 223 71 feeming
1644 1742 128 54 faith
1791 1745 90 52 but

548 1833 28 31 a
609 1828 113 36 true
748 1806 148 72 faith,
947 1811 77 52 fee
1047 1812 109 51 Heb.
1177 1828 80 36 10.
1282 1826 79 36 22.
1372 1810 252 52 therefore
1636 1811 114 53 that
1761 1812 125 53 faith

550 1881 114 50 that
688 1878 41 53 is
757 1879 145 52 fallen
931 1878 131 56 from
1089 1877 53 52 in
1171 1876 266 70 departing
1453 1877 135 53 from
1606 1879 88 51 the
1721 1876 163 73 living

551 1946 137 65 God,
705 1946 374 53 muftbeatrue
1096 1943 144 54 faith
1660 1947 2 2 |

617 2012 185 67 Again,
832 2014 115 51 that
961 2007 128 57 faith
1110 2011 163 53 which
1287 2009 47 53 is
1343 2008 362 69 accompanied
1724 2013 164 52 witha

554 2081 137 68 good
709 2076 372 61 confcienceisa
1095 2078 259 51 truefaith.

656 2150 99 48 But
778 2145 87 50 the
891 2143 130 55 faith
1048 2144 171 52 which
1242 2148 246 45 Hemenews
1515 2142 101 52 and
1631 2145 259 51 Alexander

553 2210 146 53 made
709 2210 281 70 fhipwrack
1002 2210 68 52 of
1073 2228 102 36 was
1190 2208 359 69 accompanied
1566 2209 125 54 with
1706 2230 27 33 a
1754 2211 137 71 good

549 2277 311 68 eonf{cience(
865 2278 191 66 holding
1067 2277 127 70 faith
1204 2279 99 51 and
1317 2297 28 29 a
1353 2280 121 63 good
1484 2281 249 65 confcience
1743 2278 146 52 which

529 2346 132 67 fome
672 2346 173 68 having
854 2357 83 58 put
949 2363 156 54 away,
1113 2354 109 49 viz,
1254 2343 127 55 faith
1392 2345 139 55 anda
1550 2344 140 69 good
1703 2346 189 53 confci-

554 2428 135 38 ence,
715 2416 37 69 )
1786 2414 119 55 The
