2084 2773
448 104 61 24 wy
606 111 12 14 py.

438 103 262 109 Falling
704 103 167 106 from
884 99 232 95 Grace.
1603 111 100 110 é3

134 234 154 56 them,
311 226 95 53 and
420 226 252 67 narrowly
687 240 59 36 to
758 229 356 68 watchagainft
1140 234 79 53 his
1229 234 154 69 ‘fugec
1393 234 84 61 fti-

134 314 131 46 ons,
293 293 210 69 forthey
514 310 82 34 are
614 306 57 58 to
685 293 192 68 giveno
899 300 141 63 place
1066 313 55 43 to
1151 302 87 57 the
1267 304 158 53 devill
1450 338 18 25 ,

134 366 88 53 but
233 364 201 50 tolearn
447 361 127 53 with
587 362 93 52 the
692 368 25 56 A
724 362 170 66 poftle
906 379 94 37 not
1019 379 57 39 to
1088 364 390 73 beignorantof

134 435 75 54 his
223 430 207 68 devifes,
461 426 180 62 that
583 422 61 80 fo
652 428 184 70 having
851 433 170 59 onthe
1035 434 172 56 whole
1219 452 164 43 armor
1407 435 69 54 of

133 502 99 55 God
242 501 126 69 they
383 515 115 48 may
507 497 185 63 beable
703 511 57 41 to
768 501 202 66 quench
983 500 82 51 his
1079 500 128 72 fiery
1227 507 136 50 darts
1390 505 74 70 by

132 567 214 69 refifting
362 567 62 50 of
429 566 107 51 him
546 564 129 53 with
693 565 189 53 ftedtaft
897 567 151 55 faiths
1047 560 167 83 {eeing
1230 572 233 64 elfechey

133 655 115 48 may
275 637 68 49 be
362 633 366 65 overcome:by
751 635 126 64 him,
926 636 100 49 and
1052 641 210 49 catched
1292 639 53 51 in
1375 639 87 52 his

134 703 182 59 fnares,
324 700 208 55 likethe
540 718 111 48 filly
672 698 128 71 bird
804 702 171 50 whois
987 705 211 55 catched
1208 705 55 52 in
1276 708 85 48 the
1372 721 84 36 net

128 769 61 53 of
194 770 82 53 the
281 765 201 77 fowler.
1395 816 41 4 .
1682 834 4 4 |

261 840 47 47 It
318 832 234 55 teacheth
568 833 137 53 them
716 846 61 40 to
794 833 218 55 mortifie
1028 839 426 52 thedeedsofthe
1542 825 85 56 ~/
1665 840 70 31 1

143 902 110 53 fichh
268 924 32 46 ,
321 903 115 65 they
449 899 257 67 knowing
716 903 105 49 that
831 905 112 49 that
957 904 155 54 isalfo
1126 923 62 33 an
1205 923 177 50 enemy
1395 920 57 37 to

126 973 171 57 them,
328 983 61 37 to
403 966 163 53 which
582 968 124 65 duty
721 973 452 61 weareexhorted,
1218 971 233 58 mortifie

122 1054 132 53 your
267 1035 245 58 members
530 1035 107 51 that
655 1051 83 33 are
748 1053 135 48 upon
900 1039 84 51 the
998 1041 141 50 earth
1157 1080 19 27 ,
1200 1043 88 54 for
1317 1038 49 56 if
1381 1057 70 51 ye
1464 1053 125 51 Rom.
1605 1057 117 58 8.13.

124 1097 111 81 live
234 1097 224 81 after-the
484 1101 116 51 fleth
612 1120 62 47 ye
687 1102 114 51 fhall
823 1104 68 65 dy
907 1125 20 29 -
953 1107 92 51 but
1065 1107 49 51 if
1123 1125 65 49 ye
1213 1106 234 67 through
1654 1105 4 4 |

132 1173 85 50 the
244 1164 141 69 fpirit
412 1169 72 49 do
511 1167 221 60 mortific
747 1170 80 53 the
844 1172 475 69 deedsofthebody
1334 1215 17 24 ,
1385 1189 66 50 ye
1467 1158 191 59 79:
1682 1175 54 44 27

124 1235 265 63 fhalllives;
418 1234 92 55 the
518 1230 288 85 fervants.of
814 1230 184 85 Chrift
1005 1239 121 54 muft
1139 1256 91 36 not
1249 1242 101 51 live
1377 1240 70 50 af-
1477 1282 18 29 ;
1513 1262 131 49 pees,
1667 1279 50 32 ry

122 1305 174 54 zerthe
309 1295 143 79 flefh,
463 1304 123 66 they.
592 1303 875 67 wilthen.comeundercondemna-

130 1374 136 63 tion,
269 1363 131 82 verf.
422 1386 46 37 1.
503 1369 257 56 therefore
777 1371 82 50 the
875 1380 36 45 A
922 1376 163 63 poftle
1097 1379 104 49 paul
1215 1375 124 66 kept
1354 1394 94 32 un-

132 1443 84 50 der
226 1437 80 54 his
324 1438 164 66 bedy,
509 1439 95 54 and
620 1439 214 65 brought
868 1438 48 52 it
943 1445 160 50 under
1135 1441 275 72 fabjection
1429 1462 23 42 5

126 1506 101 53 and
240 1505 269 52 thereafon
528 1521 110 44 was,
665 1506 88 48 left
776 1507 250 58 heihould
1055 1510 61 49 bea
1126 1516 327 58 caftaway:

131 1574 86 52 the
228 1571 117 51 flefh
356 1571 100 52 and
468 1571 213 51 thelufts
693 1561 249 65 therofdo
966 1576 147 56 make
1125 1594 108 44 war
1248 1573 143 68 again
1404 1575 41 50 ft

130 1638 240 65 thefoul,
405 1638 121 65 they
537 1639 131 51 muft
679 1633 152 79 notbe
845 1639 223 62 fuffered
1088 1656 67 36 to.
1169 1643 60 51 be
1262 1641 187 67 predo-

124 1707 198 51 minant
334 1703 46 54 in
393 1706 94 51 the
499 1703 221 55 fervants
735 1704 57 51 of
797 1707 265 69 Chrilt,for
1077 1709 125 68 they
1214 1726 83 35 are
1305 1708 140 54 ftovt

129 1772 219 53 warriers
360 1774 100 50 and
449 1766 111 81 will
577 1766 120 81 flay,
729 1772 167 71 ifthey
911 1776 64 49 be
991 1792 96 39 not
1103 1776 178 66 flayed.

189 1844 46 48 Te
249 1838 235 54 teacheth
500 1839 88 49 the
601 1836 212 55 fervants
833 1844 60 49 of
905 1842 236 53 Chriftto
1161 1840 185 55 follow
1371 1844 73 50 af:
1530 1879 49 39 ;,
1572 1872 45 57 fe
1656 1886 56 33 13

517 1903 200 32 Late
965 1909 12 10 :
1273 1910 11 9 :
1684 1888 40 42 Ze

127 1922 70 38 ter
228 1921 151 54 peace
397 1906 102 54 and
512 1905 268 66 holineffe,
806 1908 244 70 knowing
1077 1911 114 54 that
1218 1913 223 66 without

127 1976 38 51 it
203 1990 207 40 noman_
438 1972 149 54 fhall
603 1989 124 43 ever
746 1972 75 63 fee
847 1978 85 53 the
956 1978 173 67 Lord,
1196 1978 394 68 -holynefs:1y-b
1602 2011 41 30 32.
1662 1980 66 75 14:

123 2037 414 72 becommiing.the
558 2040 156 56 houfe
714 2033 163 85 ofthe
878 2033 134 85 Lord
1030 2044 404 68 forever,tothis
1461 2054 235 60 Pfal.g3..5

115 2111 105 50 end
252 2121 100 40 was
387 2107 132 53 their
535 2109 356 66 Redemption
915 2115 242 63 wrought
1173 2113 124 56 that
1311 2114 122 64 they
1454 2116 115 44 Luke
1598 2131 111 43 1.73

120 2174 512 56 fhouldfervehimin
658 2176 238 56 holineffe
921 2182 98 60 and
1046 2179 386 69 rjghteoufnefle
1460 2192 5 3 ©

85 2279 2 3 _
122 2247 68 50 all
201 2245 85 51 the
302 2243 137 53 daies
452 2243 59 51 of
516 2238 126 82 their
641 2264 136 44 lifes
791 2250 193 57 evento
999 2265 120 39 now
1136 2249 147 67 yield
1299 2265 243 48 your...

103 2311 263 54 ‘members
380 2306 216 81 fervants
598 2306 129 81 yato
753 2306 374 81 yighteoufneffe
1131 2306 136 81 unto
1292 2312 135 59 holl-

1284 2379 152 69 nefle,

1478 947 193 60 Col.3.5.
