2068 2773
774 9 4 2 ltt
793 0 78 10 La
837 0 10 18 a
849 0 19 18 than
911 0 71 10 SL
944 0 14 18 ar
963 0 96 10 OD
1215 0 35 5 on
1256 0 261 4 ea

438 98 265 107 Falling
708 98 167 104 from
889 103 248 87 Grace,
1559 134 98 83 a9

98 257 3 2 -
138 226 51 52 he
221 219 100 54 that
349 216 291 55 overcometh:
656 219 98 50 and
770 221 127 67 keeps
920 244 72 44 my
1016 225 151 51 words
1190 232 60 50 to
1269 221 76 60 the
1359 232 113 66 end,

138 294 151 51 tohim
302 289 95 51 will
414 297 28 40 I
460 292 104 59 give
576 302 144 50 power
745 283 99 86 over
860 288 74 54 the
957 300 196 44 Nations
1175 291 93 74 (f)
1293 298 52 52 he
1350 297 120 52 that
1485 273 112 95 eee
1611 281 34 74 a
1654 282 90 75 ton

137 353 275 61 overcometh
433 355 75 50 the
528 354 130 69 fants
675 353 118 66 fhall
828 356 52 52 be
897 358 213 58 cloathed
1137 367 62 47 in
1224 364 135 53 white
1373 383 102 51 ray-

136 436 147 49 ment:
309 433 47 39 to
373 424 96 51 him
499 427 105 54 that
620 441 248 36 overcomes
882 427 100 49 will
997 438 174 55 Igrant
1190 443 48 41 to
1260 433 63 67 fit
1354 432 119 53 with

138 500 127 48 mein
283 508 69 47 my
366 490 158 52 throne
541 492 87 66 (g)
650 490 60 49 be
734 498 98 44 that
855 498 284 56 ovrrcometh
1153 500 121 65 fhall
1299 501 172 51 inherit

140 559 253 64 allihingss
408 558 136 51 Iwill
552 560 51 48 be
614 557 76 51 bis
704 557 115 67 God,
831 561 97 47 and
937 560 52 50 he
1001 564 120 59 fhall
1135 565 58 55 be
1208 585 76 47 my
1304 578 172 44 Sonne.

141 624 113 56 God
279 625 105 52 will
409 638 91 41 not
517 624 195 70 difown
738 642 52 36 us
816 627 208 56 becaufe
1047 630 66 55 of
1137 631 334 70 perfecution,

141 692 93 57 &&
269 693 93 52 but
377 691 108 54 will
510 697 192 48 reward
726 711 52 33 us
801 692 83 52 for
905 712 95 35 our
1029 694 277 74 fufferings,
1322 699 52 59 if
1389 717 81 35 we

143 779 77 37 are
266 775 112 46 not
403 775 273 36 overcome
724 761 64 64 by
813 760 157 65 them,
1009 766 52 52 be
1079 767 133 53 thou
1245 766 227 67 faith{ull

142 827 192 54 untothe
348 826 153 59 death,
514 828 98 55 avd
622 837 27 40 t
665 830 96 50 will
768 838 111 55 giwe
892 828 133 54 thee
988 822 43 83 a
1037 840 159 45 Crown
1211 836 61 65 of
1273 837 103 64 Life
1391 832 84 65 {0

109 888 183 129 anich
282 888 103 78 for
394 889 92 128 this
521 888 258 78 Argument
796 910 40 36 ¢
856 891 102 127 now
968 911 85 103 te
1069 898 316 66 tothenext..

101 1005 4 5 .
210 973 251 50 ‘Thefeventh
510 971 244 53 Argnment
770 964 131 63 from
943 982 73 34 Joh.
1045 969 178 51 10.98.
1257 985 48 34 wey
1370 985 68 37 {bee

146 1022 123 76 beare
279 956 71 141 Se
369 1046 150 49 voyce,
532 1029 94 49 Kc.
638 1044 128 35 none
770 1046 94 35 are
873 962 112 120 “oe
999 1046 54 37 to
1068 1033 151 67 pluck
1231 983 86 120 the
1323 962 133 145 thee
1489 1008 51 51 7-
1562 1005 112 58 Atg.

144 1100 56 51 of
208 1089 168 87 Chrift
384 1108 90 38 out
486 1093 65 55 of
558 1095 84 52 the
653 1094 152 55 hands
822 1096 65 54 of
886 1089 190 87 Chrift:
1090 1100 378 72 thereforethey

148 1178 178 40 cannot
334 1163 88 53 fall
435 1162 180 69 totally
627 1179 95 36 nor
746 1162 143 57 final!
1440 1175 3 3 }

214 1225 129 74 This
359 1225 280 132 Argument
650 1230 145 71 being
805 1233 247 71 thefame,
1077 1253 59 35 or
1162 1237 61 56 of
1237 1236 103 56 the
1365 1235 108 59 like
1526 1245 150 71 Anfw.

150 1301 190 68 import
350 1299 88 54 with
491 1296 242 73 thefixth,
766 1303 18 50 I
783 1303 135 51 fhall
931 1301 79 69 fay
1035 1303 134 57 lictle
1188 1307 127 67 toit,
1339 1302 136 60 forif
1607 1304 4 3 =~

149 1367 218 68 nothing
377 1384 90 37 can
480 1365 219 70 feperate
719 1369 153 66 them,
899 1372 120 56 then
1040 1388 135 41 none
1192 1391 100 41 can
1320 1371 157 71 pluck

151 1435 136 51 them
303 1450 92 37 cut
406 1432 61 54 of
474 1434 81 51 his
562 1434 178 53 hands.
1170 1445 16 20 ;

216 1504 143 67 Only
391 1497 136 81 this,
526 1497 82 81 Az
632 1503 128 67 foeep
788 1501 172 69 (faith
991 1503 166 57 Chrift
1184 1506 27 64 )
1249 1506 128 53 beare
1404 1525 79 49 my

153 1590 80 48 voy
244 1590 60 38 ce,
320 1569 98 53 and
434 1580 27 40 I
477 1573 133 58 know
637 1570 134 60 them,
792 1572 95 50 and
914 1574 99 68 they
1024 1575 167 67 follow
1224 1593 111 41 mes
1361 1573 121 61 fach
1901 1609 2 2 ,
2029 1601 39 41 i

154 1648 428 55 wegrantcannot
595 1635 68 51 be
684 1637 217 66 plucked
923 1654 99 37 out
1047 1640 60 54 of
1131 1641 84 51 the
1238 1640 162 57 hands
1424 1639 68 59 of
2063 1643 4 17 )

155 1704 180 68 Chrift,
350 1705 108 51 that
482 1704 117 51 hear
622 1703 78 53 his
724 1721 170 51 voyce,
906 1705 99 54 and
1030 1706 178 57 follow
1224 1707 130 69 him,
1378 1707 106 54 and

153 1772 59 54 he
224 1771 143 71 gives
371 1766 129 81 them
536 1773 215 63 eternall
770 1772 105 53 lite,
906 1773 97 56 and
1027 1775 125 68 they
1181 1775 122 59 hall
1326 1791 156 42 never

154 1840 155 69 perifh
323 1838 173 70 itthey
515 1839 65 52 be
605 1840 189 75 [ever’]
822 1839 251 57 followers
1097 1841 66 58 of
1179 1845 107 57 that
1308 1839 170 64 which

153 1910 41 60 is
200 1909 151 69 good
363 1906 87 67 (A)
465 1908 99 48 and
564 1909 163 66 follow
737 1915 71 46 the
823 1910 142 57 Laub
980 1909 293 70 wherefoever
1290 1911 53 54 be
1364 1925 158 53 goes,b
1534 1925 33 45 J
1597 1934 16 28 1
1641 1922 114 41 Theil!

55 1981 40 33 /.
143 1978 353 61 (@)nomanas
486 1967 119 83 the
613 1967 111 83 Text
735 1967 188 83 faith,
933 1967 97 83 can
1053 1979 154 67 pluck
1233 1981 144 61 them
1389 1993 96 45 our
1501 1984 29 78 3
1555 1983 55 36 3.

153 2042 67 55 of
228 2041 194 61 Chnifts
457 2040 185 67 hands:
684 2043 85 53 but
793 2045 92 51 the
914 2045 239 68 queftion
1180 2045 69 69 is,
1267 2047 219 61 whether
1534 2035 52 28 ““"
1602 2031 90 40 '*4

154 2113 188 64 Chrifts
355 2109 143 68 fheep
509 2128 117 51 may
641 2125 90 37 not
742 2112 151 51 refufe
903 2126 56 36 to
969 2113 118 52 hear
1104 2114 387 67 Chrifts-voyce?

153 2173 89 79 the
241 2173 126 79 time
395 2177 96 55 fhal
510 2194 164 51 come,
691 2179 126 52 faith
830 2180 125 62 Pasl,
981 2181 156 53 when
1145 2182 116 66 they
1273 2181 103 57 will
1390 2195 96 46 not

155 2245 181 54 indure
349 2246 155 50 found
519 2246 241 56 do@trine,
777 2247 91 54 but
880 2246 123 58 after
1015 2249 138 54 their
1181 2266 149 37 owne
1351 2250 142 66 lufts,,

148 2314 142 65 fhall
305 2314 121 69 they
450 2313 137 67 heap
614 2328 57 38 to
704 2312 295 62 themfelves
1027 2319 250 57 Teachers
1302 2316 186 68 having

1287 2383 207 69 itching.

1797 220 16 16 &
