2066 2773
464 100 234 110 falling
706 106 164 98 from
886 101 235 80 Grace.

168 246 92 42 not
274 241 79 58 yet
368 225 284 71 performed
670 239 55 38 to
741 230 166 64 //rael;
945 242 86 56 yet
1048 223 43 55 it
1118 226 45 52 is
1189 222 292 73 performed

170 320 53 32 to
234 297 258 69 believers.

239 364 245 77 Ianfwer,
498 360 118 52 then
637 359 364 72 believersmay
1025 379 95 37 not
1157 360 144 55 teach
1326 374 156 52 every

167 454 111 36 man
320 434 79 50 his
432 430 284 66 neighbour
759 466 19 25 ,
828 429 193 69 faying,
1051 431 157 52 know
1224 430 87 51 the
1329 429 156 57 Lerd,

153 502 186 57 forthe
350 512 247 40 covenant
619 495 266 71 faith,they
915 498 120 52 frall
1059 514 92 37 not
1174 497 140 53 teach
1340 494 147 51 them

166 571 123 55 after
306 564 305 61 thofedaies,
647 562 74 70 fo,
753 567 115 66 they
894 565 113 51 thall
1031 581 94 38 not
1151 564 181 68 depart
1352 560 135 52 from

168 640 104 55 him
286 638 126 51 after
425 632 145 79 thofe
580 631 153 70 daies,
763 634 79 50 for
859 634 120 51 then
996 635 61 52 he
1080 632 113 55 will
1223 628 148 58 write
1408 625 80 54 his

169 716 93 48 Jaw
276 705 50 51 in
343 704 132 51 their
487 703 186 65 hearts,
712 702 114 69 they
852 702 355 54 thallallkoow
1239 701 89 51 the
1348 695 140 55 Lord

169 780 132 50 from
325 774 84 49 the
421 770 116 50 leaft
560 776 133 44 unto
719 770 84 50 the
825 770 204 69 greateft
1059 770 61 51 of
1150 771 178 50 them:
1367 762 120 54 And

168 856 260 42 moteover
453 837 250 53 believers
726 855 127 36 now
872 855 116 53 may
1009 836 106 62 fall,
1144 833 184 57 ashath
1354 831 133 52 been

128 939 4 3 -
168 909 221 61 fhewed,
427 905 166 53 which
613 905 77 51 the
710 904 141 69 {pirit
863 907 119 50 harh
1001 905 225 52 likewife
1241 899 245 69 exprefle-

165 986 48 63 ly
238 974 252 75 faid,that
508 973 50 49 in
588 973 88 50 the
696 973 143 52 latter
881 973 135 52 daics
1035 989 113 35 men
1180 969 116 55 fhall
1310 969 179 68 depart

164 1052 134 50 from
312 1050 92 47 the
421 1039 332 70 faith,giving
766 1041 128 51 heed
909 1038 304 71 tofeducing
1236 1035 167 71 {pirits
1434 1038 54 49 &

171 1113 250 55 dottrines
433 1108 64 50 of
499 1099 191 81 devils:
718 1117 111 42 tiv,
853 1129 109 46 4.1.
977 1108 356 63 butthenthey
1361 1103 124 51 fhall

170 1195 125 46 nots
331 1177 99 54 and
458 1176 247 51 therefore
728 1176 139 51 thofe
889 1175 135 54 dsies
1061 1171 140 56 there
1223 1171 190 70 fpoken
1431 1167 68 53 of

162 1267 83 39 are
261 1259 186 53 notyet
463 1260 160 36 come,

340 1317 142 51 Thus
511 1309 136 54 thefe
670 1311 273 69 Scriptures
994 1308 168 55 which
1176 1326 81 36 are
1270 1309 118 51 here
1413 1304 73 54 al-

165 1383 176 70 ledged
362 1402 18 29 :
407 1382 235 51 orrather
656 1382 88 50 the
756 1379 240 67 {uppofed
1013 1379 224 68 ftrength
1254 1377 53 52 in
1341 1375 144 53 them
1542 1373 6 3 —

167 1452 205 66 tending
386 1464 54 36 to
456 1452 85 48 the
560 1448 312 67 prcofofthe
899 1448 326 65 affirmation,
1248 1445 42 51 is
1315 1442 168 63 taken

168 1541 142 46 away
330 1517 363 61 endremoved,

233 1588 114 53 The
372 1583 180 53 fecond
576 1581 212 69 thingis,
816 1580 145 54 Gods
996 1577 224 68 keeping
1242 1572 250 73 Juftifyed

168 1656 197 69 perfons
375 1653 68 69 by
463 1651 73 51 his
548 1650 280 67 power:the
838 1652 166 65 places
1016 1645 230 68 alledged
1260 1642 44 52 is
1323 1646 171 49 1.?et.1.

173 1722 153 69 g.and
344 1729 130 43 Row.
496 1721 138 62 8.30.

235 1795 146 53 Unto
394 1786 166 52 which
579 1787 141 67 place
731 1783 47 51 in
793 1794 125 42 Peter
932 1785 25 48 I
975 1783 117 49 thus
1104 1772 202 86 anfwer,
1318 1776 87 52 the
1421 1778 70 50 A-

170 1858 158 71 poftle
344 1855 206 62 takesan
566 1849 293 55 occaffonto
888 1848 153 54 bleffe
1065 1846 143 66 God,
1230 1846 81 52 for
1334 1844 79 51 his
1435 1863 55 33 a=

168 1926 226 56 bundant
411 1940 163 49 mercy
589 1922 71 66 by
673 1921 162 51 which
860 1922 119 63 they
1008 1933 134 36 were
1164 1912 243 71 begotten
1436 1930 55 32 a-

208 1994 78 53 ain
314 2005 128 38 unto
467 2010 27 32 a
520 1991 152 65 lively
687 1987 146 68 hope,
858 1987 68 68 by
951 1984 90 53 the
1071 1980 325 57 refurrection
1435 1972 65 57 of

174 2060 163 66 Chrift
349 2060 131 50 from
497 2060 87 51 the
596 2055 157 66 dead,
793 2054 55 53 in
862 2056 88 51 the
965 2052 177 52 fourth
1157 2047 134 53 verfe
1301 2048 68 50 he
1383 2045 112 51 tells

170 2134 138 50 them
325 2144 60 35 to
403 2127 139 52 what
552 2125 127 68 they
689 2122 401 70 werebegotten,
1123 2125 106 43 viz.
1269 2110 226 56 toanin-

172 2197 255 55 heritance
444 2190 365 69 incorruptible
825 2230 17 26 ,
872 2190 103 53 and
994 2182 269 69 undefiled,
1296 2180 112 53 that
1420 2177 77 53 fa-

173 2266 117 53 deth
304 2277 92 38 not
410 2259 390 69 away.referved
817 2257 54 52 in
888 2257 92 52 the
991 2258 244 53 heavens,
1271 2250 81 50 for
1392 2262 106 52 you

176 2354 81 47 ver
278 2349 46 51 5.
338 2331 217 54 whoare
567 2329 124 69 kept
709 2328 65 69 by
787 2326 88 53 the
888 2340 175 53 power
1073 2319 65 55 of
1141 2318 125 59 God
1277 2313 221 65 through

332 2406 110 24 oe
808 2399 108 50 C2
1374 2379 127 57 faith

1045 5 97 28 SRoceemeeeena
1153 5 24 28 eee
1176 5 36 28 ttae
1213 5 24 28 tan
1237 5 145 28 ipammbereitnainr
1384 5 21 28 ce
1405 5 34 28 See
1480 17 39 2 ce

1599 124 118 63 il
