2103 2773
139 170 92 128 Ag
231 170 86 128 Ye
327 170 256 128 MARES
604 170 33 128 MI
689 174 182 118 ei:
879 170 88 128 Me
967 170 96 128 iS
1073 210 108 63 Ae
1212 170 75 128 Ne.
1329 170 145 128 peme

531 352 123 51 Pos
680 360 338 41 T-ScRIPT.

150 495 226 129 Age
433 498 41 44 it
497 497 43 44 is
571 485 112 71 moft
706 482 270 69 undeniably
1002 480 188 55 evident
1204 480 103 55 that
1324 500 66 37 we
1404 501 74 34 are

271 583 102 31 now
373 563 143 66 fallen
529 564 98 46 into
644 555 121 67 thofe
775 553 90 52 lai
875 549 95 54 and
978 548 114 69 moft
1094 550 215 64 perillous
1323 559 156 58 times,

147 633 197 54 wherein
360 638 42 41 it
416 645 92 36 was
512 623 200 71 fore(een
726 622 91 51 and
829 617 289 70 accordingly
1130 620 238 66 forefhewn
1393 639 84 31 ex-

138 697 185 74 preffely
341 698 55 66 by
409 698 75 51 the
489 696 142 67 {pirit
644 691 105 50 that
760 690 117 65 fome
875 687 164 68 fhould
1059 688 157 70 depart
1258 688 120 62 frous
1403 689 73 50 the

146 772 128 67 faith
293 768 268 62 1Tim.4,t.
571 759 96 50 and
676 777 64 32 we
737 759 75 67 fee
823 765 41 43 zt
880 756 194 65 werified
1082 755 92 67 alfo
1186 754 52 70 by
1254 756 130 70 dayly
1395 774 84 32 ex-

148 841 198 65 perience
357 850 121 47 ween,
477 833 265 66 foueetinees
753 832 193 45 entinent
958 832 50 43 in
1025 824 191 63 religion
1227 860 15 25 ,
1255 822 228 66 becoming

152 910 149 47 lovers
319 907 59 64 of
380 899 281 68 themfelves,
678 893 95 53 and
784 896 145 48 lovers
940 890 62 68 of
1008 888 218 74 pleafures
1236 909 122 32 more
1374 888 106 52 then

152 975 148 52 lovers
314 974 63 66 of
377 964 220 65 God,and
594 958 229 75 ftrangely
840 956 250 54 mannered
1098 964 52 44 in
1165 976 128 49 every
1318 978 46 31 re
1363 954 121 72 {pect

154 1037 243 67 according
413 1053 52 31 as
476 1046 113 41 twas
590 1031 206 68 foretold
804 1028 98 68 they
906 1026 227 66 foouldin
1158 1025 76 52 the
1261 1029 140 48 latter
1430 1045 54 30 a-

151 1128 75 50 ges
238 1107 55 69 by
304 1108 109 50 Paul
423 1104 69 53 aT
499 1115 253 42 im.2.1,2.
770 1096 104 58 Oc.
878 1108 81 53 yet
980 1105 28 41 I
1019 1093 134 63 keow
1167 1092 95 54 this
1277 1093 207 54 dottrine

154 1176 98 53 will
262 1187 81 41 not
358 1171 261 56 bereceived
627 1169 84 69 for
729 1165 124 54 trath
865 1163 54 69 by
937 1180 164 50 many:
1170 1160 317 72 nevertheleffe

157 1257 29 41 1
197 1246 115 52 have
325 1242 265 67 difcharged
600 1258 70 47 my
689 1234 246 69 confcience
950 1253 52 30 as
1017 1238 53 44 in
1100 1229 78 53 the
1205 1227 203 70 prefence
1434 1226 52 71 of

157 1297 112 87 God,
269 1297 102 87 that
393 1309 217 52 believers
621 1306 155 64 therby
788 1301 142 66 might
945 1302 51 48 be
1006 1309 81 56 put
1106 1304 52 45 iz
1171 1297 135 51 mind
1316 1311 48 38 to
1376 1295 112 54 hold

155 1378 93 68 faft
256 1380 104 50 that
373 1374 98 69 they
484 1374 133 69 have,
629 1373 74 53 the
701 1369 183 70 fucceffe
895 1368 58 68 of
964 1364 144 54 which
1125 1375 30 41 I
1172 1366 127 51 leave
1332 1376 48 40 to
1412 1363 76 54 the

159 1449 144 48 Lord:

164 1783 1329 134 PVYVFVVIIY.VHY
1128 1779 323 176 PITY
