1936 2773
311 129 91 99 36
867 129 74 76 A
968 126 280 103 Treatiſe
1267 129 291 108 touching

516 245 134 55 their
683 246 228 67 Rulers,
957 250 100 51 and
1095 248 132 52 their
1263 246 261 69 brethren,
1541 248 97 53 and
1651 251 222 60 hardenè

516 315 153 51 them
696 314 188 69 againſt
913 317 86 49 the
1033 317 196 65 danger
1252 314 118 51 laid
1400 315 172 52 betcie
1608 318 138 52 them
1781 324 86 52 for

517 381 131 52 their
666 381 54 51 ſo
732 385 177 65 coing,
932 383 101 50 and
1045 384 87 50 the
1144 382 316 67 judgements
1474 383 98 50 and
1588 384 209 71 ſeverity
1811 394 64 50 of

519 446 122 56 God
655 447 189 69 againſt
861 453 136 49 tnem
1013 451 108 51 that
1137 450 53 50 ſo
1205 451 105 50 do?
1338 448 82 51 for
1438 448 293 58 ifbelievers
1746 474 115 36 can-

515 531 95 36 not
628 515 86 54 fall
725 516 133 55 from
875 535 169 52 grace,
1083 518 120 54 then
1222 525 117 60 may
1353 519 122 66 they
1506 518 156 71 ſlight
1693 540 167 51 repre-

511 579 246 79 henſions,
759 586 91 52 and
871 586 97 68 fay,
981 589 121 50 take
1113 603 67 34 no
1196 602 110 34 care
1317 584 79 50 for
1406 604 96 48 me,
1518 587 179 55 Inom
1713 594 22 48 I
1756 592 97 53 ſhal

514 668 150 36 never
676 652 254 68 faltotally
980 656 99 49 and
1095 652 204 64 finally,
1311 653 251 53 therefore
1579 658 82 49 tell
1675 673 93 37 not
1786 679 79 34 me

520 715 57 81 otf
585 722 87 48 the
687 719 183 66 danger
886 721 107 50 that
1011 720 58 67 is:
1083 722 200 50 IEnov
1309 736 136 33 none
1470 724 139 48 there
1623 722 69 70 is,
1707 743 68 34 no
1786 726 69 53 ſe-

512 787 173 65 verity
712 787 50 50 in
781 787 105 50 Sod
896 786 188 67 againſt
1097 806 96 41 me,
1212 789 78 48 for
1304 803 86 49 my
1410 785 94 56 ſins
1517 805 84 33 are
1618 779 240 77 pardond

516 854 99 52 and
635 854 112 50 ſnhall
765 869 147 36 never
924 855 64 50 be
1001 851 104 55 laĩd
1118 869 54 37 to
1188 872 86 50 my
1291 853 197 68 charge,
1502 856 121 51 God
1639 859 104 52 will
1756 875 96 36 not

517 934 141 38 enter
670 921 113 53 into
796 921 298 70 judgement
1112 920 254 66 withme:
1382 921 90 69 ſay
1484 939 105 51 you
1603 923 135 54 what
1753 935 105 58 yon

503 987 153 65 will:
685 989 117 52 thus
819 1007 119 49 may
957 988 283 68 diſorderly
1255 987 197 69 perſons
1469 988 66 52 be
1546 990 228 53 hardned
1802 1014 55 32 a-

470 1055 211 68 gainſt
691 1056 389 69 reprehenſions,
1093 1058 45 52 if
1147 1057 235 52 belicvers
1395 1072 187 37 cannot
1607 1059 88 53 fall
1722 1060 132 55 from

520 1117 160 78 Zrace.
1218 1152 69 34 u

212 1211 217 57 Abſurd.
458 1218 43 44 g.
588 1194 44 47 It
650 1190 281 53 hardeneth
945 1191 138 52 them
1097 1189 103 54 alſo
1214 1190 194 67 againſt
1418 1192 200 54 Church
1639 1193 229 70 cenſures

435 1257 189 51 Jthat
649 1275 83 34 are
769 1258 263 52 ſentenced
1072 1259 80 50 for
1177 1256 133 52 their
1350 1257 379 71 impenitency,
1776 1263 81 51 ſor

519 1326 131 51 what
675 1324 104 52 will
797 1324 119 68 they
930 1324 115 69 ſay,
1072 1325 134 51 what
1221 1324 127 51 need
1362 1326 24 49 I
1406 1339 178 38 matter
1596 1344 130 48 yout
1738 1344 115 36 cen-

521 1385 159 80 ſures?
683 1385 191 80 though
888 1411 103 47 you
1008 1389 435 54 excommunicate
1454 1385 97 80 me,
1558 1399 93 46 and
1671 1394 97 53 caſt
1781 1416 77 31 me

521 1473 93 38 out
643 1457 133 53 ſrom
803 1476 149 50 Jou,
991 1474 87 56 yet
1109 1461 22 48 I
1155 1459 156 49 Enon
1339 1460 120 54 God
1483 1460 111 54 will
1633 1477 123 52 not,
1778 1463 82 51 for

518 1528 65 50 he
601 1527 212 51 willnot
826 1524 199 54 forſake
1038 1543 100 49 me,
1179 1526 175 52 Lſhall
1383 1541 95 37 not
1509 1527 62 52 be
1595 1527 260 70 ſeperated

521 1594 133 51 from
667 1592 125 67 him,
802 1591 80 53 for
899 1592 221 66 nothing
1148 1611 89 32 can
1260 1593 70 51 do
1356 1593 126 51 that.
1554 1596 145 51 Thus
1728 1596 126 52 doth

522 1663 100 51 this
632 1660 228 53 doctrine
872 1659 62 51 ot
940 1658 349 70 impoſſibility
1310 1662 55 48 ot
1376 1660 177 69 falling
1563 1662 131 53 from
1713 1681 144 49 grace

522 1729 188 53 harden
728 1725 310 70 impenitent
1053 1727 144 51 ſiners
1210 1726 186 69 againſt
1412 1730 204 52 Church
1617 1721 100 79 cen
1728 1721 127 79 ſures

522 1796 171 54 vhich
708 1813 82 35 are
801 1795 209 68 ratityed
1021 1796 52 48 in
1090 1796 206 66 heaven,
1301 1791 121 79 Mat.
1434 1798 103 51 id.
1518 1791 84 79 18.
1603 1798 69 68 by
1689 1799 168 53 Chriſt

518 1861 211 56 himſelf.

590 1936 46 46 It
658 1927 141 68 gives
825 1933 152 48 Satan
1000 1947 60 33 an
1085 1929 279 68 advantage
1376 1931 189 65 againſt
1589 1931 264 67 believers,

521 1999 151 51 when
685 1997 64 50 he
759 2006 162 54 tempts
935 1997 121 51 them
1071 2008 58 36 to
1143 1995 69 52 ſin
1231 1999 64 49 he
1306 2015 89 33 can
1415 1998 125 51 back
1554 1997 39 52 it
1609 1999 125 52 with
1749 1998 105 52 this

519 2077 442 52 encouragemont,
976 2070 102 44 vis.
1095 2061 41 54 it
1150 2062 39 55 is
1200 2062 284 69 impoſſible
1495 2079 57 36 to
1574 2064 115 58 fall,
1728 2067 126 51 with

519 2131 99 52 cnis
629 2129 108 53 baĩt
749 2131 62 49 de
823 2128 235 54 deccived
1071 2138 109 60 Fc-,
1206 2131 100 52 nà
1317 2132 82 51 me
1414 2136 207 63 Serpent
1638 2128 104 56 faid
1757 2145 97 39 un-

244 2221 132 56 Gen.
394 2234 107 48 34.5.
521 2212 56 51 to
594 2201 85 48 the
692 2212 204 38 woman
909 2213 63 48 ve
985 2198 117 57 ſnall
1119 2211 94 38 not
1229 2198 160 69 ſurely
1403 2201 97 63 dy;
1545 2198 97 52 and
1660 2193 107 93 thus
1784 2201 61 57 he

477 2264 183 51 decei
666 2264 94 63 ved
777 2262 87 51 her
872 2263 76 60 sſo
962 2266 36 47 it
1015 2263 39 52 is
1063 2263 283 65 impoſſible
1361 2279 57 38 to
1429 2265 90 65 fal.
1530 2283 111 48 may
1659 2266 67 50 he
1739 2264 105 67 ſay,

520 2329 249 54 therefore
778 2342 137 51 cate,
927 2330 118 53 take
1057 2329 229 71 delight,
1343 2330 112 57 ſeck
1467 2330 140 55 after
1620 2324 174 130 Flenſe

633 2430 4 3 —
1753 2415 65 37 an

241 411 150 48 Rom.
357 407 79 60 ti.
446 424 54 35 2.

242 1908 187 60 Abſurd.
456 1927 45 41 9.
