2070 2773
507 138 231 109 falling
751 139 161 103 from
932 140 71 76 G
1004 102 143 117 race.

152 266 264 132 withitand
446 276 53 46 in
530 271 74 52 the
622 275 96 46 evil
744 269 119 68 day,
897 270 100 49 and
1020 266 179 66 having
1219 261 113 55 done
1363 257 63 57 all
1444 273 48 41 to

208 365 105 33 and,

155 346 52 72 f
241 411 141 51 Now
407 404 138 55 thefe
576 417 284 55 arguments
887 402 156 68 being
1075 397 282 67 anfwered,
1395 394 101 54 and

175 473 455 60 theabfurdities
567 457 66 88 of
640 473 112 50 that
763 470 230 53 doGrine
1004 472 168 50 fhewn,
1225 461 272 59 itremains

176 549 78 51 for
278 562 81 35 me
375 559 72 46 to
470 540 187 54 betake
691 555 84 52 my
788 537 94 52 felf
895 552 61 38 to
982 556 85 51 my
1104 532 310 71 propofition
1444 544 54 36 as

178 616 42 53 it
234 612 227 63 wasthen
478 607 153 55 ftated
650 605 65 71 by
727 619 99 40 me:
861 605 89 54 but
965 602 186 57 denied
1163 602 70 69 by
1247 601 90 54 the
1350 597 151 55 other

179 696 51 39 at
241 697 93 37 our
347 672 307 59 conference.

184 845 1323 106 BVYSYVVVIVYY
1008 818 219 138 VSS
1226 818 277 138 VIVY

175 951 411 61 PORSSSSET
537 937 86 83 SE
628 941 883 61 SESPEE
862 937 160 83 SESS
1021 937 167 83 SEES
1187 937 126 83 OSE
1312 937 201 83 SETSS

185 1072 307 85 Thirteen
509 1072 297 105 Reafons
838 1068 78 99 by
947 1063 215 82 which
1195 1070 90 70 its
1310 1060 203 105 plain-

292 1180 58 95 ly
378 1174 251 110 proved
642 1172 135 79 that
808 1170 337 81 Believers
1179 1175 68 79 in
1278 1162 236 88 Chrift

285 1312 136 71 may
437 1279 137 108 fall
575 1281 172 101 from
762 1276 244 80 Grace.

333 1511 3 2 'Y
417 1483 98 55 firft
534 1476 563 69 reafonisbecaufethey
1109 1491 87 38 are
1221 1470 299 56 command-

191 1491 149 126 M
353 1547 429 57 edtotakeheed.
1545 1567 148 41 Realon
1728 1576 40 31 i.

261 1620 116 57 The
414 1616 236 70 Apoftles
676 1611 65 55 of
762 1609 165 56 Chrift
948 1626 134 38 were
1105 1609 138 68 truly
1268 1603 257 69 believing

192 1707 134 50 men,
349 1687 102 52 and
472 1699 84 56 yet
568 1702 94 34 our
676 1679 133 55 Lord
822 1678 126 55 faith
964 1680 314 66 untothem,
1299 1674 103 70 take
1416 1672 110 68 heed

193 1759 101 50 that
307 1774 59 34 no
381 1774 106 33 man
486 1733 195 87 deceive
696 1764 99 47 yous
812 1748 194 63 andthe
1033 1743 173 55 reafon
1196 1733 107 87 is,
1313 1733 208 87 becaufe

194 1837 146 54 many
351 1821 120 53 falfe
485 1817 190 57 Chrifts
698 1818 109 51 hall
819 1833 130 35 come
972 1814 52 52 in
1035 1812 78 53 his
1127 1831 167 48 name:
1310 1808 180 70 faying
1518 1843 17 25 »

195 1904 27 40 1
238 1911 72 32 au
326 1889 188 65 Chrift,
525 1885 95 53 and
622 1885 113 66 (ball
747 1887 175 48 deceive
936 1900 169 48 many,
1129 1877 253 57 therefore
1406 1878 116 50 take

195 1976 104 52 you
324 1956 127 51 heed
491 1955 115 51 that
628 1966 75 36 no
722 1968 110 34 man
861 1946 205 53 deceive
1095 1964 104 52 you
1231 1960 18 34 :
1296 1945 119 51 take
1437 1960 95 53 yee
1552 1984 50 46 M

192 2025 150 59 heed,
347 2005 160 83 watch
535 2020 100 52 and
654 2031 137 53 pray,
807 2016 79 51 for
899 2032 65 51 ye
994 2015 156 53 know
1167 2027 91 39 not
1272 2012 149 52 when
1442 2012 108 56 the.
1600 1991 155 100 Mat,
1766 2000 51 43 4:

195 2090 209 55 timeis:
432 2087 118 61 Take
562 2085 167 55 heed
671 2074 55 93 to
732 2102 109 49 your
852 2082 154 69 felves
1019 2079 110 74 leat
1145 2093 50 39 at
1208 2098 86 49 any
1307 2086 109 43 time
1416 2096 119 50 your
1548 2078 64 85 5,
1640 2104 62 45 Ty
1742 2057 46 92 ao

196 2164 154 50 hearts
363 2156 52 53 he
424 2150 306 69 overcharged
738 2152 113 53 with
853 2150 233 71 firfeting
1095 2147 101 55 and
1205 2145 328 69 drunkennefs,
1561 2138 72 87 24,
1729 2129 44 87 —_

199 2225 92 57 and
306 2245 126 35 cares
447 2228 60 66 of
508 2224 96 50 this
619 2221 104 66 life,
746 2219 98 64 and
859 2218 55 58 fo
941 2218 105 52 that
1070 2218 91 64 day
1187 2234 120 34 come
1321 2230 120 53 upon
1441 2212 93 70 you

196 2312 256 36 unawares.
526 2287 168 58 Thefe
718 2285 198 70 fayings
953 2286 103 51 doe
1118 2281 163 70 plainly
1301 2282 143 52 teach
1474 2282 84 51 us,

200 2363 120 54 that
333 2363 120 69 they
468 2356 169 72 might
651 2355 65 54 be
727 2353 240 57 deceived
980 2353 69 70 by
1082 2350 99 57 falfe
1203 2348 208 66 Chrifts,
1435 2342 95 131 and
1553 2325 5 95 |
