2092 2773
316 115 351 109 falling
679 109 175 114 ſrom
863 116 235 81 Grace.

140 243 117 54 heat
271 238 315 71 conſtantly,
620 256 94 54 yea
733 231 51 59 ſo
797 254 57 37 to
865 240 115 53 hear
993 258 51 36 as
1062 254 61 38 to
1135 236 71 53 do
1227 234 136 56 what
1376 235 89 52 the

140 314 84 53 the
236 308 108 55 will
357 306 54 78 of
427 310 121 51 God
559 307 75 53 ĩs:?
669 307 81 52 for
770 309 262 52 otherwies
1061 325 79 36 we
1156 307 203 51 deceive
1371 320 93 35 our

138 378 150 52 ſelves
306 398 19 43 ;
358 390 42 38 it
414 393 40 36 is
467 390 92 38 not
571 376 89 51 the
674 376 171 52 hearer
863 378 64 49 of
934 379 85 50 the
1031 378 96 50 lamw
1144 373 162 54 which
1322 387 42 36 is
1381 373 86 66 ju-

1487 271 110 72 Jam.
1616 288 41 33 t.
1685 287 68 34 22.

105 445 235 70 ſtityed,
375 443 193 57 butthe
580 443 143 66 doer,
760 445 246 59 therefore
1023 443 124 52 ſaith
1170 440 209 67 Chriſt,
1405 441 65 48 he
1492 453 123 42 Rom.
1632 465 39 30 2.
1688 463 69 32 12.

137 515 104 51 that
255 514 207 51 heareth
478 509 137 53 theſe
626 509 188 70 ſayings
829 505 67 57 of
901 512 135 52 mine
1051 512 100 50 and
1168 509 122 53 doth
1311 508 162 56 them.

138 580 145 54 will
300 578 134 54 liken
448 581 108 50 him
577 593 61 36 to
653 598 26 32 a
695 580 228 51 viſeman
942 583 97 55 &c.
1059 581 91 49 but
1165 579 39 51 it
1226 596 81 35 we
1322 571 154 54 refuſe
1497 580 186 59 Mat.
1621 567 42 83 .
1694 600 38 39 24.

82 664 114 41 to
206 650 150 55 hear,
394 648 119 53 God
525 645 107 53 will
645 645 119 53 ſend
781 665 21 31 a
830 647 216 66 famine,
1093 662 96 36 not
1216 665 28 32 a
1285 640 193 54 famine

140 715 60 53 of
208 715 153 58 bread
375 733 94 33 nor
482 715 58 50 ot
551 712 178 63 thirſt,
770 712 84 52 but
867 715 62 49 of
935 714 211 69 hearing
1160 715 87 62 the
1262 710 137 53 word
1425 727 33 33 o

142 786 88 51 the
246 784 157 52 Lordt
418 783 119 52 hom
546 781 132 52 doth
696 782 38 51 it
747 784 119 50 thea
879 781 198 52 behove
1094 787 89 46 tne
1195 781 216 51 ſervants
1424 775 66 53 ol

142 851 164 55 Chriſt
320 853 131 50 tobe
478 849 217 68 diligent
723 852 188 49 hearers
941 852 56 49 ot
1018 851 83 50 the
1116 849 146 51 word
1277 847 52 52 in
1342 849 82 48 the
1435 846 45 51 ſe
1501 875 125 42 Amcs
1647 874 113 46 S.rr.

142 918 135 52 daĩes
288 914 60 55 of
361 921 194 65 plenty,
591 916 102 50 and
716 931 57 35 to
785 917 130 52 walk
933 917 303 65 thankfully
1263 913 216 51 towards

143 986 118 54 God
279 984 54 53 in
348 986 64 52 all
428 984 117 53 well
561 980 240 73 plcaſing,
843 982 120 53 leaſt
981 985 65 50 he
1062 984 175 51 ſnhould
1265 979 213 70 deprive

143 1054 136 53 them
294 1052 118 53 ofſo
421 1053 174 68 great,
628 1049 109 53 rich
752 1052 97 52 and
900 1049 340 70 unſpeakable
1269 1069 28 32 a
1344 1063 132 37 mer-

145 1127 88 47 cy⸗

214 1192 47 50 It
276 1187 229 69 oblĩgeth
520 1188 98 53 and
633 1187 322 69 incourageth
975 1189 86 51 the
1073 1186 220 56 ſervants
1307 1182 52 53 ot
1387 1182 91 52 the
1540 1173 85 58 Vſe
1641 1186 71 34 ro.

143 1258 134 56 Lord
294 1273 56 36 to
366 1256 150 52 ſuffer
525 1255 317 69 perſecution
872 1258 285 66 conſtantly
1181 1257 81 49 for
1291 1253 85 53 the
1400 1265 75 36 te-

146 1325 218 67 ſtimony
374 1323 58 52 of
444 1324 275 64 Cheiſt,they
764 1322 241 69 knowing
1021 1325 105 50 that
1144 1324 166 67 ifthey
1326 1318 149 52 ſuffer
1504 1335 24 29 2
1529 1321 106 45 Tim.
1643 1335 115 32 2.12.

144 1396 117 66 they
275 1392 121 51 ſhall
415 1391 62 51 be
490 1389 239 72 glorilyed
757 1387 121 54 vith
897 1390 156 67 him,
1079 1392 92 51 but
1188 1390 172 65 iftniey
1378 1387 93 51 de-

145 1482 66 50 ny
222 1458 192 65 himzhe
426 1462 101 51 wiſ
539 1458 101 55 alſo
654 1459 298 68 denythem,
1000 1457 96 54 this
1107 1459 42 52 is
1163 1461 110 50 that
1301 1454 168 55 which

145 1533 90 50 tne
252 1529 144 52 word
414 1529 55 52 ot
484 1529 118 52 God
615 1527 129 51 doth
759 1527 148 51 much
925 1525 145 54 mind
1083 1528 140 65 usot,
1239 1534 102 44 vis.
1361 1527 110 50 that

145 1600 117 63 they
278 1595 131 51 muſt
428 1594 151 53 ſuffer
597 1592 347 68 perſecution:
1007 1597 103 64 fear
1131 1609 115 34 none
1285 1589 184 69 oftheſs
1496 1631 41 43 R

147 1663 157 65 —
375 1663 37 52 ⏑
437 1683 2 30 :
482 1663 106 56 —
589 1663 121 66 ⏑:
714 1660 178 70 —
925 1660 161 52 —
1135 1659 31 52 ⏑
1197 1660 146 52 —
1357 1656 118 68 —
1537 1645 184 34 1
1693 1641 31 93 —

144 1730 92 68 caſt
233 1730 131 68 ſome
379 1733 142 66 ofvou
537 1737 100 43 into
647 1729 167 69 priſon,
852 1728 101 52 hat
960 1747 59 47 ye
1029 1747 98 50 may
1146 1728 52 50 be
1211 1733 153 63 tryed,
1380 1724 97 52 and

142 1820 52 49 ye
212 1799 118 66 ſpall
351 1797 114 53 have
491 1799 275 50 tribulàtion
789 1807 75 42 ten
882 1797 161 60 daies,
1076 1799 51 48 Se
1140 1797 111 50 thou
1259 1793 219 71 faithlull

145 1865 273 60 untodeath,
453 1866 96 50 and
558 1875 28 41 I
603 1863 96 52 mill
700 1873 105 58 give
818 1863 96 52 thee
929 1883 25 29 a
972 1873 158 42 Cromn
1149 1863 170 67 oflife.
1359 1863 117 52 The

145 1933 135 55 Lord,
288 1932 133 67 here
438 1932 177 69 gĩves
586 1924 41 81 a
632 1934 221 67 gracious
871 1949 91 35 enc
971 1944 358 54 ouragement,
1370 1928 107 52 fear

148 2016 112 54 not,
286 2000 122 53 ſaith
426 2003 95 65 hne,
571 2017 137 35 none
734 1999 61 53 of
807 1997 141 55 theſe
973 1999 171 67 things
1176 1998 160 51 which
1349 1998 135 50 thou

147 2071 120 52 ſhaſt
278 2066 185 70 ſuffer,
498 2086 52 35 as
563 2066 47 54 if
613 2070 87 51 the
715 2068 125 54 Lord
858 2067 181 53 ſnould
1052 2066 99 68 ſay,
1164 2064 151 55 ſuffer
1345 2065 125 52 thou

148 2139 160 61 muſt,
346 2138 90 53 but
450 2138 63 51 be
530 2137 130 53 thou
673 2136 216 54 faithfull
905 2151 129 38 unto
1048 2135 144 52 death,
1198 2134 117 65 and
1328 2136 23 49 I
1371 2133 102 51 vill

150 2205 117 71 give
284 2206 113 57 thee
411 2226 27 32 a
455 2209 189 52 Croun
656 2204 167 69 oflife,
858 2206 126 51 thou
1003 2203 124 54 ſhalt
1140 2203 63 52 be
1218 2201 257 56 remarded

150 2273 125 54 vith
290 2294 27 32 a
331 2272 238 56 ſufficient
582 2289 319 53 recompence,
958 2273 81 67 for
1055 2290 79 33 our
1147 2269 118 66 light
1290 2270 185 69 aflicti-

151 2360 88 52 en,
254 2341 287 58 mhich
394 2333 58 85 is
451 2341 90 58 but
552 2343 116 71 fora
684 2356 225 55 monent,
947 2337 200 64 vorleth
1158 2341 82 67 for
1265 2357 102 35 ua
1390 2343 96 59 far

1353 2422 133 35 more

1459 708 25 51 f
1500 686 110 44 Lule
1625 690 40 42 6.
1683 700 76 48 47.
