2061 2773
1594 157 1679 237 19

463 124 726 237 Falling
734 137 905 236 from
918 159 1134 240 grace.

148 250 281 305 thers
292 245 418 316 will,
448 261 547 296 not
557 264 648 315 my
663 246 763 301 will
776 290 793 315 ,
815 250 903 305 but
918 254 1010 322 thy
1024 256 1127 306 will
1139 275 1161 308 :
1204 271 1325 307 now
1341 249 1392 307 if
1396 264 1473 307 we

143 651 247 702 him
260 667 362 703 was
382 650 755 714 accomplihed.

590 354 606 378 ,
641 317 749 367 that
759 317 834 368 his
858 338 1037 386 prayer
1070 338 1172 374 was
1202 319 1441 387 potive
1454 360 1473 382 ,
334 314 578 367 conclude
149 317 322 371 hould

147 386 254 437 that
271 383 325 432 o
341 382 381 432 it
394 380 522 431 mu
536 381 611 436 be,
640 384 759 434 then
779 385 839 433 he
854 403 954 436 was
973 401 1068 437 not
1090 388 1264 448 heard;
1295 388 1378 438 for
1387 388 1475 438 the

147 457 260 516 Cup
277 447 368 500 did
384 461 476 499 not
495 444 629 512 pae
647 453 771 500 from
786 449 920 502 him:
934 453 1029 507 but
1041 453 1105 504 he
1118 454 1329 522 praying
1343 453 1473 507 with

147 517 331 585 repe
341 517 440 568 and
453 513 744 568 ubmion
762 530 822 567 to
835 517 914 569 his
938 521 1119 573 fathers
1137 522 1266 588 will,
1289 524 1356 572 he
1372 540 1475 576 was

151 584 320 651 heard,
332 581 581 636 inamuch
613 601 664 632 as
689 585 776 635 the
794 585 918 639 Will
950 587 1009 639 of
1018 589 1139 644 God
1165 591 1472 659 concerning

207 719 392 783 Again,
415 714 582 769 Chri
597 723 777 785 prayed
804 722 885 773 for
905 723 992 772 the
1010 724 1193 791 world,
1221 722 1332 773 that
1342 724 1466 792 they

143 785 302 852 might
316 786 473 834 know
497 781 606 833 him
638 800 653 833 :
691 788 843 856 Now,
873 788 914 840 if
938 789 1130 842 Chris
1153 807 1331 860 prayer
1361 789 1465 843 had

141 1585 434 1654 accomplih
475 1588 561 1638 the
587 1592 702 1656 end,
745 1592 832 1645 did
857 1595 977 1667 they
1019 1611 1112 1651 not
1145 1616 1239 1667 put
1260 1599 1303 1653 it
1329 1602 1460 1654 from

143 852 262 903 been
278 849 523 908 abolute,
558 849 773 906 without
803 855 989 925 repe
1015 870 1075 907 to
1101 861 1207 910 this
1240 875 1302 910 or
1336 858 1467 917 that,

141 919 256 968 then
286 918 404 986 they
430 915 558 967 mu
593 915 749 972 know
758 921 886 992 him,
923 925 1019 975 and
1046 924 1239 978 believe
1265 927 1316 976 in
1342 925 1471 991 him,

144 982 308 1036 which
336 1000 394 1034 to
419 983 518 1034 doe
553 983 595 1035 is
631 985 722 1037 life
749 992 976 1043 eternall.
1009 993 1138 1045 ver.
1181 1009 1228 1058 3.
1300 994 1470 1046 Chri

145 1051 398 1101 therefore
406 1048 460 1100 in
472 1049 550 1102 his
564 1067 743 1120 prayer
753 1057 849 1107 had
866 1059 1051 1125 repe
1064 1072 1122 1109 to
1153 1061 1464 1120 themeanes,

143 1116 210 1185 by
224 1115 390 1169 which
404 1113 524 1184 they
554 1118 728 1170 hould
755 1141 901 1176 come
912 1140 966 1178 to
984 1124 1147 1180 know
1162 1127 1282 1188 him,
1297 1128 1463 1179 which

141 1184 179 1236 if
190 1185 276 1237 the
302 1201 468 1235 means
485 1203 619 1238 were
629 1187 751 1241 ued
759 1191 829 1259 by
844 1193 999 1261 them,
1012 1197 1100 1248 the
1109 1196 1207 1247 end
1221 1193 1384 1261 might
1401 1194 1465 1245 be

141 1252 342 1306 eeed
357 1251 408 1303 in
424 1253 587 1318 them;
617 1254 700 1307 for
717 1259 801 1309 the
822 1277 1023 1313 meanes
1040 1279 1144 1317 was
1356 1277 1464 1315 ten
1171 1263 1237 1315 of
1244 1263 1342 1316 this

141 1323 317 1384 dance,
339 1319 439 1370 and
464 1336 617 1387 every
653 1341 763 1391 way
790 1330 1201 1393 correpondent,
1227 1348 1280 1380 as
1307 1343 1361 1380 to
1372 1333 1464 1384 the

141 1385 372 1454 bringing
382 1385 518 1435 them
532 1405 657 1438 even
671 1392 734 1440 all
750 1395 831 1443 the
848 1399 1007 1448 world
1022 1410 1078 1447 to
1090 1400 1174 1449 the
1189 1397 1465 1464 knowledg

141 1654 295 1704 them.

137 1455 199 1504 of
217 1454 382 1508 Chri
411 1467 425 1500 :
457 1450 510 1502 in
537 1456 700 1507 which
723 1460 885 1513 Chri
908 1481 1011 1515 was
1042 1463 1192 1516 heard
1210 1486 1229 1516 :
1245 1465 1324 1515 for
1346 1467 1461 1518 uch

141 1536 336 1572 meanes
350 1520 470 1572 God
486 1521 602 1573 hath
616 1522 844 1580 aorded
868 1530 955 1580 the
969 1532 1149 1597 world,
1172 1536 1278 1585 that
1293 1535 1464 1589 would

206 1718 449 1787 Thirdly,
486 1723 653 1778 Chri
687 1730 873 1795 prayed
898 1732 1009 1783 that
1049 1733 1138 1785 the
1150 1736 1295 1807 Jewes
1339 1742 1459 1794 who

146 1784 376 1839 crucied
390 1789 495 1839 him
510 1791 685 1845 hould
695 1794 755 1844 be
766 1796 1018 1865 forgiven.

204 1855 360 1905 Now,
379 1857 423 1904 If
443 1857 609 1911 Chri
620 1861 736 1913 here
750 1864 846 1916 had
873 1866 1002 1916 been
1368 1894 1466 1943 po
1020 1866 1249 1924 abolute
1256 1875 1356 1925 and

138 2341 264 2395 way,
294 2329 346 2379 in
382 2329 546 2386 which
573 2333 879 2404 forgivenes
917 2356 1020 2393 was
1042 2346 1295 2414 promied
1331 2362 1463 2402 unto

140 1920 296 1988 tive,
318 1927 429 1973 viz.
473 1924 515 1976 it
540 1928 670 1978 mu
694 1928 754 1979 be
780 1930 832 1981 o
856 1933 1070 1987 without
1082 1938 1268 2008 repe
1289 1957 1344 1992 to
1360 1943 1461 1997 this

137 2007 194 2039 or
225 1988 354 2055 that,
378 1990 494 2042 then
521 1992 562 2044 it
587 1996 756 2048 hould
769 1999 900 2051 have
925 2000 1054 2053 been
1077 2000 1157 2068 o;
1192 2015 1298 2062 viz.
1343 2012 1462 2081 they

138 2056 309 2108 hould
324 2055 388 2107 be
397 2058 649 2132 forgiven,
660 2063 757 2116 and
767 2067 887 2117 then
899 2068 1023 2137 they
1040 2075 1187 2126 could
1214 2090 1307 2130 hot
1334 2080 1464 2133 have

136 2123 261 2174 been
285 2138 368 2175 cut
396 2124 490 2194 o,
526 2131 606 2180 for
627 2141 723 2182 not
754 2131 1012 2203 receiving
1040 2138 1225 2208 Chri,
1257 2145 1464 2198 becaue

139 2190 272 2243 their
286 2191 422 2244 nne
435 2211 536 2248 was
545 2195 771 2265 forgiven
801 2219 817 2252 :
854 2203 1023 2259 Chri
1035 2206 1286 2265 therefore
1294 2213 1347 2265 in
1357 2212 1462 2264 this

139 2274 317 2326 prayer
331 2260 463 2311 mu
475 2262 537 2315 be
553 2266 851 2320 underood
858 2282 923 2321 to
954 2272 1083 2327 have
1100 2278 1285 2347 repe
1303 2296 1357 2335 to
1371 2282 1461 2336 the

1303 2417 1459 2481 them,

773 2406 828 2456 D
866 2422 893 2457 2

1482 1807 1574 1845 Luke
1591 1818 1649 1853 23.
1672 1817 1729 1853 24.

1484 785 1563 834 Joh.
1604 798 1661 833 17.
1697 794 1739 822 21.

1491 844 1550 880 23.
