1586 2731
384 282 51 46 55
604 286 530 37 PHILADELPHU.s

384 371 95 46 wijze
514 378 69 27 met
613 370 40 35 de
690 371 198 39 rmenfchen,
925 373 53 34 die
1016 374 105 35 federt
1147 373 66 38 den
1243 372 114 40 Zond-

385 420 101 36 vloed
511 430 50 24 tot
581 419 165 37 Abraham
777 419 132 47 geleefd
936 423 152 40 hebben,
1116 435 123 38 zegge:
1266 452 25 16 „
1312 427 45 37 Al

384 496 24 19 »
438 477 67 39 wat
531 470 33 34 ik
592 470 47 34 zie
665 471 26 33 is
719 470 172 47 algemeen
920 482 38 24 en
986 472 25 34 ’t
1033 469 140 50 ganfche
1202 477 156 35 mensche

382 541 26 24 3
433 519 77 35 dom
539 519 163 43 rakende;
738 530 88 24 maar
861 531 139 38 nergens
1035 523 94 34 word
1160 525 32 34 ik
1221 525 41 34 de
1294 537 62 33 op-

382 595 24 18 »
432 570 123 45 rigting
574 579 60 23 van
658 576 59 26 een
740 569 161 35 Verbond
926 581 69 24 met
1016 572 190 50 bijzondere
1233 576 124 46 geflag-

379 644 27 20 2»
431 628 77 32 ten,
543 617 43 36 of
602 617 247 48 afgezonderde.
875 621 176 34 menfchen
1076 632 151 36 gewaar;
1254 635 102 24 waare

431 679 57 25 om
515 667 33 35 ik
571 668 135 40 befluit,
736 668 54 34 dat
809 670 31 32 in
871 669 46 34 dit
937 670 121 44 tijdvak
1084 671 63 35 alle
1177 674 178 44 menfchen

377 743 28 19 »
431 718 105 35 onder
563 716 147 46 dezelfde
744 717 131 46 belofte,
909 717 42 48 of
971 730 57 25 zoo
1060 721 65 47 gij
1139 723 91 40 wilt,
1267 723 35 34 in
1329 722 26 37 ’t

375 787 30 24 se
432 766 107 47 zelfde
576 766 154 36 Verbond
760 777 147 37 geweest
943 768 103 44 zijn.”
1104 770 76 36 Zoo
1221 772 138 35 fchreef'

373 817 60 39 ik,
460 822 56 28 om
546 825 32 24 te
613 816 93 34 beter
733 817 144 34 verftaan
907 826 32 25 te
965 817 158 43 worden,
1156 831 40 23 en
1231 821 123 34 onder-

374 864 157 37 tusfchen
560 864 93 35 heeft
677 865 48 33 dit
752 865 220 46 gelegenheid
999 875 169 39 gegeven,
1194 869 55 34 dat
1275 881 77 24 men

372 914 61 46 mij
455 915 33 32 in
553 914 118 46 geheel
699 915 69 32 niet
794 913 142 36 verftaan
958 915 100 35 heeft.
1109 917 84 48 Dog
1215 920 31 33 ik
1268 920 86 45 twije

372 964 51 35 fel
460 964 87 40 niet,
584 962 44 35 of
660 970 63 26 een
761 963 109 42 ieder,
904 964 54 34 die
990 965 172 36 bekwaam
1192 968 45 41 is,
1269 968 82 35 deze

372 1013 105 45 mijne
504 1009 293 50 verantwoording
823 1021 82 26 over
935 1014 48 35 dit
1010 1015 72 34 ftuk
1112 1023 69 26 met
1210 1017 139 36 oordeel

374 1066 35 31 te
438 1061 113 41 lezen,
587 1061 49 34 zal
672 1060 65 34 wel
766 1062 179 47 overtuigd
979 1063 83 44 zijn,
1103 1063 55 34 dat
1194 1066 34 34 in
1267 1066 83 34 deze

372 1108 101 48 mijne
511 1107 258 49 uitdrukkingen
804 1121 65 25 zoo
906 1112 313 48 onnaauwkeurig
1196 1103 42 61 ,
1256 1116 91 39 noch

371 1171 67 25 zoo
470 1163 158 31 ontrouw
662 1160 69 34 niet
765 1167 146 39 geweest
938 1162 92 41 ‘ben,
1067 1163 47 33 als
1141 1162 32 35 ik
1203 1163 57 35 het
1287 1176 61 23 on=

370 1209 103 48 geluk
501 1208 113 47 gehad
644 1209 83 41 heb,
765 1210 30 33 in
827 1210 57 34 het
915 1221 72 38 oog
1017 1221 64 24 van
1118 1211 64 35 den
1210 1211 62 35 Hr.
1303 1213 45 45 A,

370 1262 33 32 te
430 1258 157 42 fchijnen.
637 1257 55 35 En
720 1258 72 34 hier
825 1258 97 37 mede
945 1259 117 35 houde
1090 1260 35 34 ik
1156 1260 48 40 dit
1234 1273 113 24 woor-

369 1307 189 47 dengefchil
585 1317 86 25 voor
695 1307 180 47 afgedaän,
914 1319 55 27 om
997 1314 46 29 hu
1070 1318 51 25 tot
1149 1320 62 24 een
1240 1312 103 35 ander

368 1357 72 37 ftuk
467 1365 218 36 overtegaan,
710 1357 157 46 namelijk
888 1367 52 25 tot
967 1358 56 34 het
1042 1359 99 34 derde
1165 1360 180 42 bezwaar,

366 1407 87 34 door
480 1405 63 34 den
575 1404 63 35 Hr.
662 1405 44 36 A,
739 1413 97 38 tegen
867 1407 54 45 mij
950 1407 193 47 ingebragt,
1178 1418 41 24 en
1256 1418 88 26 waar

363 1465 83 26 over
477 1455 35 33 ik
547 1465 46 34 op
630 1454 56 46 mij
721 1464 170 37 genomen
925 1454 91 45 heb,
1059 1458 57 45 mij
1154 1467 32 31 te
1216 1468 129 26 verant»

357 1503 175 37 woorden,

754 1552 13 18 *

411 1614 77 26 DIT
525 1606 148 31 DERDE
708 1611 216 27 BEZWAAR
960 1603 97 36 komt
1092 1604 249 47 hoofdzaaklijk

360 1654 74 36 hier
457 1665 46 33 op
534 1651 69 41 uit,
627 1651 66 33 dat
721 1651 35 34 ik
777 1652 67 35 niet
872 1652 148 35 bewezen
1045 1653 82 39 heb,
1155 1653 26 36 t
1202 1664 83 37 geen
1304 1655 38 36 ik

359 1703 74 35 had
456 1708 128 30 moeten
609 1698 179 45 bewijzen;
822 1700 77 36 Zoo
931 1712 76 24 men
1036 1702 41 34 de
1107 1703 140 34 Brieven
1276 1710 65 28 van

356 1751 68 35 den
462 1751 62 36 Hr.
562 1749 43 35 A.
641 1757 151 35 naleest,
825 1749 50 36 zal
910 1758 79 28 men
1024 1745 154 51 hierover
1189 1751 149 37 telkens

355 1800 137 49 klagten
504 1803 220 34 ontmoeten.

404 1902 85 34 HET
516 1901 40 46 zij
588 1898 56 46 mij
674 1898 235 47 geoorloofd
879 1894 39 57 „
927 1904 148 31 omtrent
1106 1900 49 35 dit
1182 1903 152 35 bezwaar

354 1960 63 24 een
446 1961 78 34 paar
553 1950 194 49 algemeené
771 1950 257 48 aanmerkingen
1059 1960 32 25 te
1118 1949 86 38 läten
1232 1962 100 26 voor

350 1995 127 58 afgaan.

367 2110 9 9 ‘
874 2120 5 4 :
1283 2107 46 28 EK
