1583 2702
393 289 423 329 6

615 298 1137 327 PHILADELPHUS

402 383 508 429 Doop.
558 382 674 419 Dezen
699 381 825 416 worden
849 377 1013 425 gerekend
1040 378 1076 412 in
1098 379 1155 411 dat
1177 375 1329 411 Verbond
1343 385 1375 410 te

403 434 540 478 blijven,
569 442 723 466 wanneer
750 430 797 474 zij
820 429 953 462 hunnen
976 427 1065 472 Doop
1094 427 1160 460 niet
1186 426 1376 474 herroepen.

405 483 448 519 bl.
471 491 528 527 95.
558 481 611 517 De
629 480 801 515 Kinderen
823 478 891 521 zijn
910 478 945 510 in
967 476 991 510 't
1012 476 1176 515 Verbond,
1206 476 1252 508 dit
1273 475 1377 508 wordt

406 533 483 567 door
509 531 664 565 niemand
684 529 816 563 betwist.
869 525 952 571 Dog
979 535 1037 558 van
1060 524 1165 558 welke
1185 523 1378 557 Kinderen?

405 590 468 615 van
503 579 613 614 welke
643 578 773 613 Ouders
802 574 910 610 wordt
942 575 1011 608 hier
1041 574 1250 620 geproken?
1287 572 1381 606 Hoe

407 630 506 676 danig
532 630 557 663 is
583 628 607 662 't
626 625 785 661 Verbond
812 636 896 659 waar
923 625 955 657 in
982 623 1020 669 zij
1052 622 1137 666 zijn?
1165 621 1240 656 Hoe
1262 622 1321 667 zijn
1341 620 1382 665 zij

408 679 484 714 daar
518 678 576 712 in?
614 677 666 711 En
704 685 769 710 wat
802 676 829 709 is
866 675 923 708 het
957 673 1105 719 gezegd,
1142 673 1182 705 de
1216 672 1384 705 Kinderen

410 727 548 762 worden
577 726 743 773 gerekend
773 725 848 758 daar
875 726 907 756 in
938 732 969 755 te
1000 722 1150 767 blijven?
1178 721 1207 755 Is
1231 722 1312 755 deze
1334 730 1385 753 re

411 778 534 824 kening
561 778 621 810 iets
648 774 816 818 zakelijks,
844 772 887 807 of
908 772 1012 806 alleen
1040 770 1287 816 denkbeeldig?

459 837 537 860 UIT
566 825 623 859 het
649 828 732 871 gene
760 823 800 857 de
829 821 890 856 Hr.
910 822 953 854 A.
983 820 1059 863 mij,
1087 821 1269 866 aangaande
1290 817 1387 853 Gods

411 875 572 910 Verbond
604 884 672 908 met
700 873 888 912 Abraham,
914 870 1011 903 Isral
1041 880 1081 903 en
1112 870 1151 903 de
1172 870 1388 907 Christenen,

412 935 478 959 zoo
505 923 727 958 ruimchoots
752 921 906 959 toeaat,
932 929 975 953 en
1006 919 1048 953 bl.
1079 929 1137 963 9I.
1170 921 1218 951 uit
1244 916 1392 962 vergelij

413 975 496 1019 king
524 984 585 1007 van
616 973 656 1005 de
678 982 762 1005 twee
784 967 1065 1015 laatstgenoemde
1089 968 1306 1006 Verbonden,
1334 976 1394 998 on

415 1023 475 1057 der
501 1022 562 1056 den
592 1032 684 1056 naam
712 1030 772 1053 van
800 1018 856 1052 het
877 1019 976 1052 Oude
1005 1028 1045 1049 en
1068 1016 1211 1050 Nieuwe
1231 1013 1394 1049 Verbond

415 1071 609 1110 redeneert,
648 1070 764 1115 chijnt
797 1078 873 1101 men
904 1078 935 1100 te
964 1076 1097 1099 moeten
1127 1065 1305 1104 beuiten,
1343 1063 1398 1095 dat

417 1122 463 1166 hij
493 1122 532 1154 de
562 1119 733 1154 Kinderen
761 1128 826 1150 van
854 1118 918 1150 alle
944 1117 1098 1162 gedoopte
1124 1114 1319 1147 Christenen
1346 1120 1397 1145 tot

417 1171 482 1204 den
510 1169 617 1212 Doop
647 1165 819 1213 geregtigd
850 1164 1012 1199 oordeelt.
1066 1163 1162 1196 Maar
1194 1163 1236 1196 bl.
1259 1172 1316 1208 97.
1340 1160 1397 1193 wil

421 1268 577 1305 landche
604 1263 971 1311 Geloofsbelijdenise:
1011 1262 1085 1296 Dat
1120 1262 1178 1305 wij
1210 1261 1271 1295 den
1301 1260 1398 1304 Doop

419 1220 465 1264 hij
500 1219 579 1253 deze
614 1217 775 1251 woorden
804 1226 865 1248 van
891 1214 962 1248 Art.
990 1212 1152 1247 XXXIV.
1182 1212 1239 1244 der
1268 1209 1398 1245 Neder

422 1317 604 1364 ontfangen
640 1323 686 1350 tot
715 1326 770 1349 een
796 1313 986 1359 getuigenis
1011 1313 1070 1346 dat
1099 1311 1171 1345 God
1198 1311 1234 1345 in
1261 1309 1404 1353 eeuwig

426 1367 505 1402 heid
535 1375 614 1400 onze
641 1365 712 1398 God
739 1363 809 1407 zijn
831 1363 916 1401 zal,
950 1373 1005 1395 ons
1037 1360 1144 1405 zijnde
1173 1371 1229 1393 een
1255 1357 1403 1405 genadig

425 1416 561 1457 Vader;
674 1413 752 1448 Dat
784 1412 916 1458 gedoopt
952 1419 1076 1444 moeten
1104 1409 1237 1443 worden
1268 1407 1335 1441 alle
1363 1407 1404 1439 de

426 1475 535 1513 genen
572 1463 625 1496 die
654 1462 691 1495 de
722 1462 835 1505 zijnen
863 1470 958 1504 zijn;
1058 1458 1134 1492 Dat
1166 1458 1203 1491 de
1237 1455 1407 1491 Kinderen

431 1514 486 1549 het
512 1512 708 1547 Sacrament
734 1510 931 1556 ontfangen,
958 1520 1022 1542 van
1043 1508 1096 1541 het
1110 1519 1191 1553 geen
1213 1508 1271 1539 dat
1293 1504 1407 1538 Chris

441 2065 528 2098 nen,
554 2063 630 2087 naar
656 2051 750 2087 Gods
776 2050 960 2097 oogmerk,
988 2059 1121 2083 moeten
1151 2047 1300 2094 gedoopt
1331 2054 1417 2077 wor

432 1572 484 1599 tus
507 1572 587 1597 voor
617 1559 686 1593 hun
711 1560 842 1604 gedaan
867 1556 977 1602 heeft:
1012 1556 1106 1590 Deze
1134 1554 1312 1593 woorden,
1347 1563 1408 1597 zeg

433 1612 491 1651 ik,
526 1609 583 1644 wil
620 1608 663 1653 hij
693 1608 800 1642 alleen
830 1617 890 1640 van
919 1616 1013 1640 ware
1043 1604 1241 1639 Christenen
1266 1602 1411 1636 veraan

433 1660 590 1700 hebben,
616 1664 653 1704 op
675 1664 778 1703 poene
804 1656 857 1689 dat
884 1656 937 1696 ik,
965 1655 1118 1688 dezelven
1148 1652 1262 1687 anders
1289 1650 1413 1685 verkla

435 1709 555 1751 rende,
583 1706 645 1740 dan
666 1706 728 1740 alle
750 1704 1072 1739 charakterizerende
1094 1703 1300 1736 leerukken
1321 1709 1413 1733 moet

435 1759 520 1794 laten
556 1766 676 1798 varen;
714 1766 799 1789 waar
835 1754 879 1797 bij
917 1764 991 1786 men
1028 1753 1094 1787 ook
1122 1752 1203 1797 zijne
1232 1750 1416 1794 verklaring

436 1818 498 1844 van
524 1807 581 1840 het
608 1804 795 1839 Formulier
821 1804 876 1837 des
902 1802 1154 1845 Kinderdoops,
1190 1801 1231 1836 bl.
1260 1800 1325 1845 98,
1355 1808 1414 1842 99.

439 1859 503 1892 kan
530 1855 742 1902 vergelijken.
795 1853 878 1898 Dog
904 1853 968 1886 hoe
990 1852 1143 1885 rooken
1164 1861 1209 1884 nu
1229 1850 1308 1883 deze
1330 1856 1416 1881 twee

438 1907 560 1953 dingen
593 1914 660 1938 met
688 1902 897 1936 malkander?
925 1902 985 1934 Uit
1013 1902 1069 1934 het
1093 1910 1176 1945 gene
1199 1900 1240 1943 hij
1265 1898 1319 1941 mij
1342 1907 1420 1929 aan

438 1955 564 2004 gaande
596 1953 636 1988 de
667 1953 871 1986 Verbonden
895 1951 1046 1991 toeaat,
1075 1950 1190 1994 chijnt
1212 1948 1272 1981 wel
1296 1956 1326 1979 te
1348 1944 1420 1979 vol

440 2016 526 2052 gen,
555 2003 608 2036 dat
635 2003 675 2036 de
702 2001 867 2034 Kinderen
896 2011 955 2033 van
985 1999 1047 2032 alle
1076 1999 1244 2044 gedoopte
1267 1996 1419 2029 Christe

1335 2094 1418 2137 den;
