1471 2690
306 254 664 58 VERANTWOORDING.
1114 273 26 37 9

160 350 55 36 die
240 361 83 24 onze
349 350 157 36 fchriften
532 351 172 49 aandagtig
729 363 145 38 nagaan,
899 365 57 24 om
977 364 159 38 aangaan-

163 400 43 34 de
240 411 60 23 een
334 400 110 43 fluk,'
465 402 53 33 dat
550 402 106 34 federt
676 402 89 45 jaren
795 403 143 45 waarlijk
963 414 68 25 met
1062 404 80 35 vele

163 449 230 34 duisterheden
431 450 25 34 is
485 451 155 44 omringd
666 461 167 36 geweest,
869 453 155 46 eindelijk
1052 464 80 24 eens

162 498 90 34 klare
277 509 41 24 en
344 499 158 44 bepaalde
528 499 227 36 denkbeelden
781 510 32 25 te
837 502 145 46 krijgen,
1008 501 30 36 al
1056 514 79 26 eens

162 557 139 37 mogten
326 549 176 46 overtuigd
529 550 156 42 worden,
714 550 54 35 dat
795 552 33 33 in
850 551 42 35 de
911 552 139 35 Brieven
1071 564 63 24 van

160 596 64 34 den
256 595 61 37 Hr.
343 597 43 34 A.
413 599 84 32 niets
523 598 116 35 anders
668 608 31 25 te
726 600 121 35 vinden
872 602 50 39 is,
957 601 62 35 dan
1049 612 83 25 eene

157 646 245 46 ingewikkelde
442 657 44 24 en
524 648 83 34 niets
643 647 165 36 afdoende
847 650 175 41 kortheid,
1066 662 66 25 zoo

159 695 120 34 maken
305 695 98 35 zulke
432 696 180 35 menfchen
638 707 60 37 tog
725 709 87 24 maar
838 710 62 24 een
927 700 88 35 klein
1041 699 88 47 getal

157 744 69 40 uit,
252 744 127 35 welker
406 745 79 35 {tem
508 742 104 39 onder
640 747 42 34 de
708 750 169 46 meenigte
902 750 68 34 niet
990 749 62 34 kan
1072 761 61 36 ge-

154 792 110 36 hoord
292 793 149 36 worden.

205 854 185 24 voorAL
421 844 139 48 beklaag
587 845 35 34 ik
650 846 56 45 mij
724 858 82 25 over
822 859 61 24 een
902 859 66 25 zoo
990 850 138 44 korten,

155 900 44 25 en
233 891 41 34 de
299 892 222 44 wezenlijkfte
548 893 229 45 hoofdzaken,
813 909 142 24 waarom
986 900 57 34 het
1072 900 56 46 mij

155 950 44 24 en
225 940 62 34 alle
315 940 171 36 denkende
514 942 200 36 Christenen
742 955 32 24 te
801 946 86 35 doen
912 947 45 41 is,
985 951 147 43 voorbije

158 989 147 43 gaanden
330 989 212 45 fchrijftrant,
569 992 74 33 daar
670 994 34 32 ik
733 994 72 34 hier
832 996 86 33 door
937 997 32 32 in
990 997 57 34 het
1067 1008 62 23 on-

153 1046 198 37 aangenaam
382 1038 95 46 geval
507 1040 87 40 ben,
629 1051 61 24 van
720 1052 62 25 een
808 1054 65 24 zoo
903 1044 226 37 duifter-kort

153 1086 143 45 boekjen
332 1097 32 24 te
397 1097 130 26 moeten
562 1089 215 44 beftuderen;
833 1093 132 35 hoewel
994 1095 34 35 ik
1057 1096 71 34 ook

153 1136 167 35 erkennen
347 1147 91 24 moet
465 1138 54 34 dat
546 1138 48 35 dit
614 1141 78 44 mijn
713 1142 96 45 eigen
831 1142 115 35 fchuld
964 1145 45 40 is,
1036 1154 90 25 want

151 1194 67 25 wat
252 1185 166 36 behoefde
445 1188 34 33 ik
507 1187 41 34 de
583 1191 194 46 verguizing
810 1201 60 24 van
899 1192 41 34 de
967 1192 90 37 Leer
1082 1204 44 24 en

151 1235 140 45 praktijk
321 1236 94 43 mijns
441 1235 337 50 Kerkgenootfchaps
809 1250 50 25 ter
887 1242 90 34 harte
1005 1252 33 25 te
1065 1253 61 24 ne-

149 1283 101 34 men?
278 1285 156 35 Waarom
461 1297 67 24 was
553 1287 33 34 ik
613 1298 65 24 zoo
707 1291 188 46 voorzigtig
922 1293 69 33 niet
1015 1292 46 35 als
1081 1293 42 34 de

148 1329 63 38 Hr.
237 1332 69 35 A.?
332 1333 96 35 Toen
459 1335 57 35 het
544 1336 107 41 boek,
678 1339 39 33 de
740 1338 212 47 Kinderdoop
978 1352 142 24 verwor-

141 1388 69 39 Pen
237 1390 29 26 te
294 1383 187 47 voorfchijn
510 1385 128 41 kwam,
665 1386 46 34 las
732 1387 46 43 hij
800 1387 75 41 het,
901 1389 42 33 Zl.
970 1401 34 32 4.
1032 1390 88 35 Vóór

149 1429 57 37 het
240 1432 94 36 lezen
366 1444 69 24 van
464 1433 52 35 dit
541 1433 89 35 Boek
659 1446 71 24 was
757 1435 55 46 hij
839 1437 69 33 niet
933 1449 186 37 ongenegen

148 1490 52 24 om
224 1478 55 37 het
306 1488 32 27 te
362 1480 137 47 toetfen,
526 1493 40 23 en
584 1482 86 44 zijne
690 1484 268 48 aanmerkingen
977 1488 52 34 als
1046 1489 68 33 dan

142 1528 136 46 publiek
309 1537 33 27 te
376 1530 142 43 maken;
554 1541 87 24 maar
676 1542 79 25 toen
792 1534 44 46 hij
872 1535 32 34 in
936 1535 56 35 het
1020 1536 96 35 lezen

147 1576 137 35 daarvan
322 1590 63 35 #0g
420 1579 68 34 niet
515 1590 97 25 verre
637 1583 185 44 gevorderd
844 1594 88 29 was,
970 1596 68 36 zac
1064 1585 55 47 hij

142 1625 119 47 geheel
285 1638 41 22 en
352 1628 39 34 al
413 1638 66 24 van
504 1629 74 43 zijn
600 1631 154 45 oogmerk
771 1631 50 48 af.
873 1634 174 45 Waarlijk!
1074 1634 41 37 Ik

140 1674 127 47 geloof
287 1675 65 35 wel
380 1676 54 34 dat
461 1676 41 34 de
525 1677 59 35 Hr.
605 1678 43 35 A.
668 1679 75 35 daar
761 1692 75 23 zeer
855 1683 181 47 verftandig
1054 1695 62 24 aan

141 1724 126 46 gedaan
298 1725 111 43 heeft;
447 1736 88 25 maar
568 1727 34 35 ik
633 1728 68 34 ben
730 1739 94 38 egter
850 1742 66 24 zoo
943 1733 72 46 wijs
1042 1735 70 34 niet

138 1783 167 36 geweest,
329 1783 43 26 en
398 1785 93 25 moet
509 1775 132 36 daarom
664 1779 99 46 mijne
782 1780 260 48 gedienftigheid
1063 1794 46 24 nu

136 1822 145 42 boeten,
316 1822 78 37 met'
412 1834 33 25 te
476 1826 216 36 antwoorden
723 1840 48 33 op
797 1840 61 23 een
885 1831 111 43 boek,
1024 1843 87 25 waar

136 1871 36 34 in
205 1871 42 35 de
279 1872 186 46 Schrijver,
501 1884 54 24 ten
588 1878 132 33 aanzien
757 1889 61 24 van
846 1880 98 44 mijne
974 1880 137 36 Hoofd.

136 1920 101 42 zaak,
273 1931 139 37 nergens
447 1923 157 46 duidelijk
639 1935 99 37 zegt,
775 1937 66 25 wat
877 1929 44 45 hij
951 1930 78 43 wil,
1064 1942 44 25 en

130 1978 68 25 wat
226 1970 45 46 hij
296 1972 67 33 niet
389 1970 80 35 wil?
494 1971 64 35 Dit
586 1984 44 24 nu
656 1976 26 32 is
712 1986 60 36 tog
795 1988 84 34 geen
907 1990 201 36 aangename

133 2018 97 45 taak,
264 2021 90 35 noch
388 2020 69 37 ook
491 2031 77 26 zeer
600 2024 245 49 gemakkelijk;
882 2029 115 35 vooral
1028 2030 77 34 daar

577 2074 80 45 A5
1052 2079 55 45 ik,

268 2161 35 22 ”
