1572 2695
387 282 468 310 XXX

588 278 1209 306 VOORREDEN.

389 361 643 408 oordeelkundig
682 359 762 395 noch
805 358 1002 407 edelmoedig
1044 358 1233 406 gehandeld
1267 358 1366 406 heeft.

388 429 434 464 bl.
463 438 545 473 232.

521 489 640 535 Tegen
678 487 742 523 den
777 494 1105 524 AGTTIENDEN
1138 497 1272 524 BRIEF
1312 490 1367 523 doe

387 940 586 975 Christenen
614 939 740 972 bleven.
766 935 812 969 bl.
843 935 925 978 236.

393 556 426 592 ik
446 554 644 602 opmerken,
672 553 731 588 dat
746 551 785 586 de
804 550 871 584 Hr.
891 549 936 583 A.
958 560 1008 588 om
1025 548 1053 585 t
1069 562 1151 597 geen
1170 551 1235 596 hij,
1263 563 1308 586 na
1328 553 1366 586 in

395 618 578 656 Mattheus
612 628 654 651 en
691 616 729 651 de
757 613 995 660 Handelingen
1029 614 1089 648 der
1115 615 1288 660 Apostelen
1316 616 1367 649 be

392 686 519 730 wijzen
543 690 658 729 gezogt
685 688 720 715 te
746 679 882 719 hebben,
912 689 957 711 nu
981 676 1036 712 ook
1063 678 1117 713 uit
1138 680 1182 713 de
1202 679 1367 723 Apostoli

386 748 464 797 che
485 747 636 784 Brieven
660 753 695 779 te
717 744 910 789 vervolgen,
937 743 991 776 uit
1015 743 1067 776 die
1086 744 1233 777 Brieven
1255 743 1370 787 geheel

391 816 452 850 iets
485 812 607 847 anders
631 817 718 855 gaat
744 808 927 853 bewijzen,
964 806 1032 838 dan
1062 805 1124 838 dat
1150 808 1187 841 de
1218 808 1368 842 Christe

390 890 472 920 nen,
500 878 550 911 die
577 874 635 920 zig
661 873 731 906 niet
761 868 1029 917 oogenblikkelijk
1058 869 1257 912 bekeerden,
1281 882 1367 918 geen

440 1016 503 1039 NA
543 1003 639 1038 aldus
677 1000 778 1044 mijne
814 1000 881 1033 leer
920 998 974 1031 uit
1015 998 1054 1031 de
1090 996 1136 1030 H.
1175 997 1306 1044 Schrift
1336 1008 1368 1033 te

390 1068 512 1103 hebben
541 1066 744 1112 verdedigd,
777 1061 1019 1096 verantwoord
1043 1059 1075 1093 ik
1106 1061 1169 1104 mij
1194 1063 1230 1094 in
1263 1063 1288 1096 t
1314 1064 1366 1095 al

387 1142 523 1180 gemeen
547 1138 644 1177 tegen
673 1131 713 1163 de
742 1126 1024 1172 Tegenwerping,
1052 1124 1116 1158 dat
1140 1123 1173 1157 ik
1194 1125 1270 1159 door
1291 1125 1371 1169 mij

389 1209 430 1232 ne
457 1195 546 1231 Leer
569 1193 649 1228 noch
676 1192 711 1226 in
739 1192 778 1224 de
806 1189 951 1228 theorie,
980 1186 1060 1222 noch
1087 1188 1123 1221 in
1151 1188 1191 1221 de
1214 1188 1367 1234 praijk

389 1262 446 1297 iets
469 1255 658 1306 gevorderd
682 1255 752 1289 ben.
780 1253 825 1287 bl.
855 1264 937 1296 24I.

442 1523 543 1547 TEN
580 1510 728 1545 aanzien
767 1517 835 1542 van
872 1507 929 1541 het
963 1507 1122 1554 noodigen
1162 1516 1231 1540 aan
1266 1505 1294 1540 t
1321 1505 1371 1542 H.

389 1574 619 1615 Avondmaal.
647 1572 694 1608 bl.
724 1572 806 1618 258.

389 1830 496 1878 bragt
519 1830 703 1870 hebbende,
730 1838 789 1863 zoo
814 1827 906 1861 kome
931 1825 967 1860 ik

438 1713 586 1748 MNE
634 1698 936 1745 Verantwoording
982 1709 1118 1745 wegens
1152 1698 1176 1734 t
1212 1709 1297 1745 gene
1322 1697 1373 1734 ik

390 1767 446 1803 uit
481 1767 521 1802 de
557 1765 605 1800 H.
638 1765 673 1800 S.
697 1764 831 1810 geleerd
855 1762 944 1803 had,
974 1764 1078 1798 aldus
1105 1771 1161 1797 ten
1191 1761 1285 1795 einde
1311 1759 1372 1808 ge

440 1906 540 1931 TEN
567 1902 836 1930 LAATSTEN
863 1898 908 1925 tot
935 1889 988 1924 het
1015 1900 1102 1937 gene
1131 1888 1166 1922 ik
1196 1899 1277 1922 over
1304 1888 1367 1925 den

390 1970 511 1996 waren
550 1960 612 1994 zin
652 1968 693 1992 en
732 1954 888 2000 meening
925 1964 1030 1989 onzer
1063 1961 1299 1987 LITURGIE
1330 1960 1370 1984 en

388 2029 883 2061 KERKFORMULIEREN
912 2017 985 2054 had
1008 2014 1213 2065 gechreven.

1310 2088 1372 2113 DE

440 1333 582 1359 DAAR
618 1329 666 1354 na
692 1316 772 1364 geef
791 1317 825 1351 ik
856 1327 915 1350 een
944 1315 1112 1360 bijzonder
1141 1317 1328 1350 antwoord.

439 1396 537 1423 TEN
567 1383 715 1420 aanzien
742 1383 803 1415 der
827 1391 955 1427 genen,
989 1380 1040 1414 die
1066 1390 1150 1426 geen
1181 1378 1366 1426 Belijdenis

392 1451 483 1486 doen.
510 1448 557 1483 bl.
585 1457 668 1492 254.
