1582 2694
386 285 7 9 8

390 293 26 34 4
609 271 390 58 pnNLADELD
1027 287 114 29 L.VS

396 369 106 51 Mogt
523 372 47 35 ib
603 373 69 33 niet
707 372 132 45 hopen,
875 369 54 34 dat
963 368 40 35 de
1025 366 75 37 Hr.
1134 368 44 34 A.
1215 367 56 44 mij.
1299 367 74 35 dien

399 424 101 42 cenen
530 421 76 46 ſtap
635 421 74 34 dien
740 422 33 33 iſe
801 430 68 36 nog
896 417 96 36 maar
1009 418 61 34 had
1102 427 132 25 moeten
1265 416 109 41 doen,

400 482 57 24 om
495 471 40 33 de
573 470 165 34 vaarheid
770 479 32 24 te
830 468 143 42 vinden,
1009 478 40 22 en
1082 477 86 23 waar
1195 468 32 32 in
1255 466 31 33 ik
1316 465 60 34 dus

398 530 67 25 z00
502 518 71 35 veel
601 519 119 45 belang
749 518 83 42 had,
868 528 45 33 op
943 527 81 23 eene
1054 515 176 45 duidelijbe
1258 516 117 43 wijze,

398 579 67 25 zou
497 568 128 35 hebben
656 567 244 46 aangewezen?
936 566 51 34 Te
1017 575 90 24 meer
1137 565 74 33 daar
1241 563 54 41 ib,
1330 562 46 45 bij

395 618 129 43 gebrek
554 627 60 24 van
641 618 46 33 dit
711 627 33 25 te
771 626 132 32 weten,
929 616 74 33 daar
1030 614 44 44 bij
1096 615 69 32 niet
1184 613 104 34 alleen
1309 622 67 24 was

399 666 123 45 blijven
549 667 107 42 ſtaan,
683 676 88 25 maar
797 666 84 34 zelfs
907 665 68 34 ook
995 664 119 35 verder
1138 661 241 49 afgeduaald?

398 714 158 41 Immers,
583 726 41 23 en
655 716 33 33 in
718 714 85 35 allen
830 713 150 48 gevalle,
1007 723 40 23 na
1076 711 95 35 zulke
1198 710 180 36 voorrede-

398 774 64 25 nen
501 774 107 25 moest
645 774 75 25 men
758 763 169 42 denken,
948 762 55 34 dat
1041 761 79 34 deze
1155 762 132 33 brieven
1316 769 61 24 van

397 813 65 35 den
492 811 62 37 Hr.
581 814 41 34 A.
650 824 47 34 op
722 823 84 24 eene
829 812 155 45 redelijke
1004 821 40 23 en
1066 809 217 35 verſtaanbare
1304 809 73 41 wij-

395 872 61 32 ze,
482 862 130 36 zouden
638 872 210 31 aantoonen,
874 870 66 25 wat
968 871 36 22 er
1033 859 61 33 dan
1125 868 60 37 tog
1205 856 173 45 wezenlijB

395 921 64 25 van
487 911 63 34 den
579 911 220 44 Rinderdoop
828 921 108 30 ware,
969 909 52 34 die
1051 908 85 35 door
1162 908 63 33 den
1253 906 124 44 Schrii-

396 970 61 25 ver
490 970 61 25 van
582 960 56 34 het
667 959 89 35 boek
790 960 38 34 de
854 959 210 44 AHinderdodp
1097 963 187 37 veruorpen
1312 965 66 24 200

398 1009 108 46 ſtreng
532 1008 193 41 beſtreden,
757 1018 40 23 en
824 1008 85 33 door
935 1005 256 44 Philadelphus,
1219 1014 76 24 naar
1322 1004 57 33 het

397 1057 138 36 oordcel
573 1068 60 23 van
668 1057 63 34 den
766 1055 62 35 Ur.
861 1056 42 34 A.
934 1066 65 23 z00
1028 1054 205 45 ongelubig
1262 1052 117 34 verde-

396 1106 82 47 digd
513 1116 90 32 was;
639 1105 147 47 gepaard
821 1113 69 25 met
927 1114 81 23 eene
1039 1100 188 36 voldoende
1254 1100 128 35 verkla-

399 1157 98 45 ring,
533 1154 66 35 hoe
628 1165 58 24 ver
715 1164 75 24 men
820 1153 75 34 dien
926 1152 106 44 Doòp
1063 1151 28 33 al
1122 1150 43 34 of
1192 1152 68 32 niet
1287 1151 91 40 kon,

398 1205 47 35 of
464 1213 115 37 mogt,
605 1204 44 35 of
669 1212 109 26 moest
807 1201 225 42 uitſtrecten,
1057 1201 123 34 zonder
1204 1199 176 46 gemoeds-

397 1254 156 35 bezwaar
580 1263 86 25 voor
685 1252 179 42 Leeraars,
891 1250 134 36 Ouders
1056 1261 41 22 en
1118 1249 188 45 Getuigen,
1334 1258 43 24 en

399 1313 145 37 nogtans
571 1301 289 48 overeenkomſtig
885 1301 41 34 de
946 1299 85 36 door
1050 1300 63 33 den
1133 1296 62 37 Hr.
1215 1298 43 34 A.
1278 1308 101 24 voor-

399 1351 41 36 af
464 1350 142 48 gelegde
630 1351 162 46 gronden.

450 1411 93 24 e
577 1400 130 34 herſece
734 1397 155 48 nogmaal
925 1398 57 35 het
1010 1397 211 47 getuigenis,
1252 1396 54 34 dat
1333 1394 44 35 de

400 1447 64 38 Hr.
500 1449 61 35 A..
579 1449 32 33 in
643 1449 63 33 den
736 1458 148 35 aanvang
911 1447 97 43 zijner
1036 1448 168 37 brieven,
1224 1456 58 23 aan
1313 1446 69 45 zig-

402 1498 117 35 zelven
544 1497 111 47 geeft;
681 1508 76 23 men
785 1506 111 35 voege
924 1496 74 33 daar
1023 1496 72 40 bij,
1120 1504 68 25 met
1214 1494 85 35 welk
1318 1504 63 24 een

401 1546 113 46 ophef
543 1556 77 24 mnen
655 1546 57 34 het
740 1544 142 36 Publiek
915 1545 32 33 in
980 1544 40 34 de
1048 1544 193 36 Couranten
1271 1553 111 24 verae-

400 1595 123 43 kerde,
550 1595 71 44 (zie
642 1595 41 34 de
703 1593 276 37 Rotterdamſche
996 1593 154 35 Courant
1169 1603 63 24 van
1252 1602 21 35 5
1293 1590 86 46 Meij

406 1646 121 46 1789.
543 1643 57 37 No
624 1643 83 47 53.)
731 1642 121 44 „Dat
877 1643 33 32 in
937 1642 61 35 den
1026 1642 143 45 perſoon
1195 1653 63 22 van
1282 1650 99 25 ALL-

455 1703 250 26 TuopniLVS
725 1703 60 23 een
806 1692 233 46 doorkundig,
1062 1691 202 46 verſtandig,
1283 1700 103 24 waar-

455 1742 207 36 heidlievend
687 1740 257 48 Godgeleerde,
979 1742 33 33 in
1047 1740 80 34 deze
1154 1740 142 34 Brieven
1325 1747 57 25 ten

454 1791 189 45 voorſchijn
677 1791 130 41 Ewam,
844 1790 74 42 die,
954 1790 85 35 door
1070 1799 99 37 tegen
1206 1789 56 45 mij
1296 1789 34 33 in
1359 1786 27 36 1

417 1841 209 46 ſtrijdperſ
653 1850 33 24 te
715 1840 136 39 treden,
885 1839 157 46 eindelij
1071 1849 58 24 aan
1158 1838 62 34 den
1251 1835 129 37 vensc

403 1891 110 43 5det
534 1889 123 41 Natie
690 1887 177 38 voldocdt.“
918 1888 54 35 En
1003 1899 75 23 men
1106 1897 200 36 overwege,
1341 1883 47 37 of

400 1947 81 28 men
512 1938 174 43 derhalve,
724 1938 74 47 (als
826 1936 97 36 mede
953 1938 57 33 het
1037 1937 95 34 Boek
1161 1937 53 33 dat
1243 1937 55 39 ik,
1335 1943 50 25 ter

404 1988 213 47 handhaving
644 1997 61 25 van
734 1987 40 34 de
799 1985 89 35 Leer
916 1997 101 24 onter
1036 1985 113 35 Rerke
1179 1982 204 39 beoordeeld

403 2037 84 46 had,
522 2038 35 36 in
589 2037 213 49 àanmerking
835 2045 168 39 genomen
1039 2034 139 49 2zijnde)
1211 2032 43 37 of
1281 2043 100 31 men,

1324 2091 63 38 —

402 1867 12 19 2
