1554 2722
305 280 605 49 VERANTMNOONDIN
913 280 58 49 G.
1086 282 47 37 25

169 375 137 39 worden
333 372 206 50 uitgevoerd.
588 370 85 47 Dog
698 380 56 24 om
781 368 56 35 dat
859 365 41 36 de.
929 366 69 34 vier
1024 362 114 37 Preci-

177 428 119 34 Kanten
328 423 156 47 eigenlijs
523 432 83 36 geen
641 421 150 33 derwaar
825 415 128 35 hadden
984 423 90 39 tegen
1099 414 40 34 de

173 477 103 35 detter
305 473 128 34 vande
456 470 214 37 formulieren
698 479 39 23 en
763 464 256 48 vraagſtubten,
1051 473 88 24 waar

176 534 55 27 toe
272 522 39 35 de
348 520 135 46 Synode
521 521 63 33 hen
622 516 139 47 bepaald
797 515 85 42 had,
922 523 87 24 maar
1047 520 93 39 tegen

176 575 39 34 de
239 572 181 46 applicatie
447 580 61 24 van
539 569 52 34 die
617 568 114 39 letter,
768 563 122 37 ſtelden
918 562 40 41 zij
991 571 62 24 een
1081 570 60 38 ge-

174 621 114 37 ſchriftk
325 631 65 34 op,
424 630 86 24 waar
545 619 32 33 in
610 617 40 45 zij
679 617 111 33 hunne
824 612 141 36 redenen
994 621 61 24 van
1082 612 62 33 be-

173 681 127 29 zvraar,
337 679 98 36 tegen
470 668 57 34 het
562 664 194 44 woordeliib
789 661 178 37 voorlezxen
1004 671 62 23 van
1100 659 44 35 de

175 719 152 36 bekende
361 718 102 34 cerſte
492 726 98 36 vraag
617 714 56 35 des
707 711 233 44 Kinderdoops
967 720 176 34 opgeven,

175 779 42 24 en
247 768 120 47 ernſtig
403 766 216 46 aandringen,
657 762 149 49 gevende
837 760 47 35 dit
913 759 72 35 ſtub
1014 769 58 24 aan
1103 759 42 33 de

176 818 166 44 Synodale
366 815 218 48 vergaderiug
619 814 122 34 binnen
775 809 146 40 Utrecht
947 817 102 35 over,
1082 808 64 35 den

174 878 24 35 7
227 866 196 45 September
451 864 105 47 1728.

164 927 136 24 yrr
325 914 158 47 geſchriſt
507 923 68 25 was
594 911 70 36 oob
681 910 94 35 mede
796 906 246 38 onderteetend
1062 905 86 36 qoor

177 963 65 36 Ds.
271 974 85 25 vAdN
382 969 377 38 scnuivENBEEG,
786 958 38 35 V.
853 958 48 35 D.
921 957 54 34 Il.
993 957 37 34 in
1054 954 97 38 Tien-

177 1013 116 38 hoven,
331 1012 53 34 die
412 1011 95 33 reeds
541 1019 32 23 te
607 1018 125 30 voren,
769 1009 33 30 in
830 1006 25 33 t
882 1007 67 42 jaar
978 1005 103 45 1718.
1114 1005 35 32 in

177 1061 41 34 de
247 1059 118 37 Clasſis
388 1069 63 25 van
477 1057 165 39 Utrecht,
669 1056 84 34 door
778 1064 61 25 een
867 1054 151 34 Lidmaat
1046 1053 104 44 zijner

177 1110 188 35 Gemeente
392 1119 68 25 was
494 1104 223 49 aangeblaagd
749 1113 166 39 geweest,
953 1104 58 34 dat
1038 1101 53 46 ij
1112 1101 39 36 in

179 1158 27 37 t
229 1159 90 37 Lren
343 1169 67 26 van
438 1157 27 36 't
487 1155 178 49 fumulier
695 1165 65 24 van
788 1154 62 35 den
878 1151 45 36 H.
951 1150 96 48 Doop
1076 1160 75 25 ver-

169 1206 156 50 ſeheiden
349 1206 265 47 veranderingen
631 1202 144 37 maabte.
811 1202 101 35 Waar
931 1212 45 34 op
996 1200 40 35 de
1054 1199 98 36 Clas-

179 1257 39 36 ſis
245 1256 64 35 had
335 1255 166 36 beſloten:
541 1254 122 43 Dat
691 1263 77 24 men
796 1261 31 25 te
853 1250 200 35 Tienhoven
1080 1249 74 35 hier

179 1317 97 34 „op
306 1305 187 35 onderaoeb
518 1315 66 24 zou
609 1302 109 42 doen,
746 1312 42 24 en
816 1300 65 36 den
907 1299 178 35 Predikant
1103 1308 51 24 ter

178 1354 297 47 „gerustſtelling
510 1363 62 25 van
608 1351 85 45 zijne
731 1351 214 39 Gemeente,
991 1347 85 35 door
1111 1346 44 35 de

231 1404 131 38 leeren
390 1401 282 46 Gedeputeerden
697 1399 171 47 gelasten,
895 1409 58 24 om
972 1398 54 45 ꝛig
1049 1395 44 45 bij
1111 1394 43 36 de

181 1453 279 43 3voornoemde
488 1449 232 38 Formulieren
747 1447 156 44 ſtiptelijs
934 1455 32 25 te
995 1444 156 43 houden,

181 1503 121 42 ook
324 1502 70 34 den
422 1500 228 45 Ouderlingen
677 1495 219 42 aanbevelen,
932 1505 57 25 om
1019 1504 136 26 naaum-

233 1552 118 44 eurig
374 1550 75 33 daar
476 1561 46 33 op
547 1558 32 23 te
606 1544 140 37 letten.

233 1611 54 35 de
315 1598 136 45 Synode
478 1609 61 25 van
571 1595 146 39 Utrecht
746 1594 97 36 ſtelde
876 1593 58 35 het
964 1591 191 49 ingeleverd

172 1647 272 42 bezwaarfchrift
469 1659 61 23 van
561 1646 79 38 dere
671 1643 65 47 vijf
766 1642 218 37 Predikanten
1011 1643 33 33 in
1073 1642 83 35 han-

164 1699 80 33 den
264 1708 62 24 van
349 1698 75 34 hare
446 1694 216 48 Deputaten,
690 1705 57 25 om
773 1694 97 41 haar,
898 1703 65 23 z0o
984 1703 49 24 ras
1052 1690 106 39 doen-

175 1748 87 45 lijk,
288 1748 34 35 in
352 1747 127 44 ſcriptis
505 1756 32 29 te
569 1745 118 38 dienen
717 1754 61 27 van
805 1743 111 34 hunne
946 1736 211 50 conſiderati-

179 1807 63 32 en;
269 1796 101 47 gelijk
389 1796 47 34 dit
465 1796 71 35 ook
554 1792 198 50 geſchiedde
775 1794 32 32 in
827 1791 198 46 September
1050 1800 106 35 1729.

173 1856 163 30 wanneer
362 1845 53 40 die
440 1844 134 36 Heeren
609 1848 62 29 een
698 1840 181 48 wijdluftig
914 1839 158 48 geſchrift
1095 1849 61 24 aan

181 1894 43 34 de
266 1895 136 43 Synode
441 1892 287 46 overhandigden,
775 1900 88 24 waar
897 1890 34 33 in
965 1888 61 46 aij,
1071 1888 86 35 huns

181 1943 174 43 oordeels,
384 1943 39 39 de
453 1942 184 51 geopperde
663 1941 179 37 heznaren
869 1937 183 39 volkomen
1079 1947 79 39 weg

181 2002 127 30 namen.

634 2087 28 38 B
688 2098 23 37 5
1043 2094 118 30 VAN-

318 2060 41 24 2
399 2064 61 18 —
