<?xml version="1.0" encoding="UTF-8"?>
<alto xmlns="http://www.loc.gov/standards/alto/ns-v3#" xmlns:xlink="http://www.w3.org/1999/xlink" xmlns:xsi="http://www.w3.org/2001/XMLSchema-instance" xsi:schemaLocation="http://www.loc.gov/standards/alto/ns-v3# http://www.loc.gov/alto/v3/alto-3-0.xsd">
	<Description>
		<MeasurementUnit>pixel</MeasurementUnit>
		<sourceImageInformation>
			<fileName>			</fileName>
		</sourceImageInformation>
		<OCRProcessing ID="OCR_0">
			<ocrProcessingStep>
				<processingSoftware>
					<softwareName>tesseract v4.1.0-elag2019</softwareName>
				</processingSoftware>
			</ocrProcessingStep>
		</OCRProcessing>
	</Description>
	<Layout>
		<Page WIDTH="1561" HEIGHT="2720" PHYSICAL_IMG_NR="0" ID="page_0">
			<PrintSpace HPOS="0" VPOS="0" WIDTH="1561" HEIGHT="2720">
				<TextBlock ID="block_0" HPOS="0" VPOS="1628" WIDTH="58" HEIGHT="1050">
					<TextLine ID="line_0" HPOS="0" VPOS="1628" WIDTH="58" HEIGHT="1050">
						<String ID="string_0" HPOS="0" VPOS="1628" WIDTH="58" HEIGHT="1050" WC="0.95" CONTENT=" "/>
					</TextLine>
				</TextBlock>
				<TextBlock ID="block_1" HPOS="386" VPOS="142" WIDTH="9" HEIGHT="10">
					<TextLine ID="line_1" HPOS="386" VPOS="142" WIDTH="9" HEIGHT="10">
						<String ID="string_1" HPOS="386" VPOS="142" WIDTH="9" HEIGHT="10" WC="0.58" CONTENT="IN"/>
					</TextLine>
				</TextBlock>
				<TextBlock ID="block_2" HPOS="296" VPOS="271" WIDTH="828" HEIGHT="62">
					<TextLine ID="line_2" HPOS="296" VPOS="271" WIDTH="828" HEIGHT="62">
						<String ID="string_2" HPOS="296" VPOS="283" WIDTH="608" HEIGHT="42" WC="0.85" CONTENT="VERANTWOORDIN"/><SP WIDTH="13" VPOS="283" HPOS="904"/>
						<String ID="string_3" HPOS="917" VPOS="271" WIDTH="47" HEIGHT="62" WC="0.49" CONTENT="Ge"/><SP WIDTH="114" VPOS="271" HPOS="964"/>
						<String ID="string_4" HPOS="1078" VPOS="276" WIDTH="46" HEIGHT="39" WC="0.96" CONTENT="47"/>
					</TextLine>
				</TextBlock>
				<TextBlock ID="block_3" HPOS="148" VPOS="358" WIDTH="987" HEIGHT="211">
					<TextLine ID="line_3" HPOS="148" VPOS="358" WIDTH="977" HEIGHT="61">
						<String ID="string_5" HPOS="148" VPOS="379" WIDTH="109" HEIGHT="40" WC="0.96" CONTENT="ander"/><SP WIDTH="26" VPOS="379" HPOS="257"/>
						<String ID="string_6" HPOS="283" VPOS="381" WIDTH="79" HEIGHT="33" WC="0.92" CONTENT="niet"/><SP WIDTH="17" VPOS="381" HPOS="362"/>
						<String ID="string_7" HPOS="379" VPOS="375" WIDTH="115" HEIGHT="36" WC="0.77" CONTENT="artders"/><SP WIDTH="28" VPOS="375" HPOS="494"/>
						<String ID="string_8" HPOS="522" VPOS="381" WIDTH="90" HEIGHT="26" WC="0.88" CONTENT="weet"/><SP WIDTH="27" VPOS="381" HPOS="612"/>
						<String ID="string_9" HPOS="639" VPOS="380" WIDTH="32" HEIGHT="23" WC="0.95" CONTENT="te"/><SP WIDTH="28" VPOS="380" HPOS="671"/>
						<String ID="string_10" HPOS="699" VPOS="365" WIDTH="202" HEIGHT="45" WC="0.96" CONTENT="verhelpen,"/><SP WIDTH="37" VPOS="365" HPOS="901"/>
						<String ID="string_11" HPOS="938" VPOS="362" WIDTH="68" HEIGHT="34" WC="0.92" CONTENT="dan"/><SP WIDTH="33" VPOS="362" HPOS="1006"/>
						<String ID="string_12" HPOS="1039" VPOS="358" WIDTH="86" HEIGHT="36" WC="0.96" CONTENT="door"/>
					</TextLine>
					<TextLine ID="line_4" HPOS="155" VPOS="404" WIDTH="973" HEIGHT="69">
						<String ID="string_13" HPOS="155" VPOS="413" WIDTH="240" HEIGHT="64" WC="0.91" CONTENT="denkbeeldige"/><SP WIDTH="12" VPOS="413" HPOS="395"/>
						<String ID="string_14" HPOS="407" VPOS="413" WIDTH="305" HEIGHT="64" WC="0.90" CONTENT="onderftellingen,"/><SP WIDTH="26" VPOS="413" HPOS="712"/>
						<String ID="string_15" HPOS="738" VPOS="417" WIDTH="50" HEIGHT="34" WC="0.94" CONTENT="die"/><SP WIDTH="34" VPOS="417" HPOS="788"/>
						<String ID="string_16" HPOS="822" VPOS="424" WIDTH="73" HEIGHT="25" WC="0.94" CONTENT="men"/><SP WIDTH="31" VPOS="424" HPOS="895"/>
						<String ID="string_17" HPOS="926" VPOS="404" WIDTH="202" HEIGHT="56" WC="0.96" CONTENT="voorshands"/>
					</TextLine>
					<TextLine ID="line_5" HPOS="153" VPOS="466" WIDTH="982" HEIGHT="56">
						<String ID="string_18" HPOS="153" VPOS="490" WIDTH="109" HEIGHT="32" WC="0.96" CONTENT="weet,"/><SP WIDTH="32" VPOS="490" HPOS="262"/>
						<String ID="string_19" HPOS="294" VPOS="479" WIDTH="69" HEIGHT="33" WC="0.75" CONTENT="niet"/><SP WIDTH="31" VPOS="479" HPOS="363"/>
						<String ID="string_20" HPOS="394" VPOS="486" WIDTH="68" HEIGHT="24" WC="0.93" CONTENT="met"/><SP WIDTH="26" VPOS="486" HPOS="462"/>
						<String ID="string_21" HPOS="488" VPOS="474" WIDTH="39" HEIGHT="34" WC="0.97" CONTENT="de"/><SP WIDTH="29" VPOS="474" HPOS="527"/>
						<String ID="string_22" HPOS="556" VPOS="468" WIDTH="165" HEIGHT="39" WC="0.95" CONTENT="waarheid"/><SP WIDTH="27" VPOS="468" HPOS="721"/>
						<String ID="string_23" HPOS="748" VPOS="467" WIDTH="57" HEIGHT="34" WC="0.96" CONTENT="der"/><SP WIDTH="26" VPOS="467" HPOS="805"/>
						<String ID="string_24" HPOS="831" VPOS="466" WIDTH="80" HEIGHT="34" WC="0.92" CONTENT="zake"/><SP WIDTH="28" VPOS="466" HPOS="911"/>
						<String ID="string_25" HPOS="939" VPOS="468" WIDTH="196" HEIGHT="29" WC="0.2" CONTENT="overeenté."/>
					</TextLine>
					<TextLine ID="line_6" HPOS="151" VPOS="532" WIDTH="171" HEIGHT="37">
						<String ID="string_26" HPOS="151" VPOS="532" WIDTH="137" HEIGHT="37" WC="0.85" CONTENT="konten."/><SP WIDTH="29" VPOS="532" HPOS="288"/>
						<String ID="string_27" HPOS="317" VPOS="561" WIDTH="5" HEIGHT="3" WC="0.37" CONTENT="."/>
					</TextLine>
				</TextBlock>
				<TextBlock ID="block_4" HPOS="156" VPOS="566" WIDTH="1027" HEIGHT="1571">
					<TextLine ID="line_7" HPOS="210" VPOS="566" WIDTH="932" HEIGHT="100">
						<String ID="string_28" HPOS="210" VPOS="638" WIDTH="109" HEIGHT="28" WC="0.72" CONTENT="gier"/><SP WIDTH="29" VPOS="638" HPOS="319"/>
						<String ID="string_29" HPOS="348" VPOS="625" WIDTH="96" HEIGHT="35" WC="0.96" CONTENT="mede"/><SP WIDTH="29" VPOS="625" HPOS="444"/>
						<String ID="string_30" HPOS="473" VPOS="623" WIDTH="94" HEIGHT="43" WC="0.96" CONTENT="hoop"/><SP WIDTH="25" VPOS="623" HPOS="567"/>
						<String ID="string_31" HPOS="592" VPOS="620" WIDTH="34" HEIGHT="34" WC="0.96" CONTENT="ik"/><SP WIDTH="27" VPOS="620" HPOS="626"/>
						<String ID="string_32" HPOS="653" VPOS="616" WIDTH="156" HEIGHT="38" WC="0.96" CONTENT="Geliefde"/><SP WIDTH="25" VPOS="616" HPOS="809"/>
						<String ID="string_33" HPOS="834" VPOS="566" WIDTH="167" HEIGHT="96" WC="0.60" CONTENT="Brodder!"/><SP WIDTH="28" VPOS="566" HPOS="1001"/>
						<String ID="string_34" HPOS="1029" VPOS="608" WIDTH="54" HEIGHT="36" WC="0.75" CONTENT="dar"/><SP WIDTH="21" VPOS="608" HPOS="1083"/>
						<String ID="string_35" HPOS="1104" VPOS="606" WIDTH="38" HEIGHT="36" WC="0.96" CONTENT="ik"/>
					</TextLine>
					<TextLine ID="line_8" HPOS="156" VPOS="657" WIDTH="986" HEIGHT="65">
						<String ID="string_36" HPOS="156" VPOS="677" WIDTH="51" HEIGHT="45" WC="0.0" CONTENT="us"/><SP WIDTH="8" VPOS="677" HPOS="207"/>
						<String ID="string_37" HPOS="215" VPOS="653" WIDTH="77" HEIGHT="73" WC="0.0" CONTENT="“en”"/><SP WIDTH="12" VPOS="653" HPOS="292"/>
						<String ID="string_38" HPOS="304" VPOS="676" WIDTH="75" HEIGHT="35" WC="0.92" CONTENT="alle"/><SP WIDTH="13" VPOS="676" HPOS="379"/>
						<String ID="string_39" HPOS="392" VPOS="669" WIDTH="235" HEIGHT="48" WC="0.76" CONTENT="“oripartijdige"/><SP WIDTH="30" VPOS="669" HPOS="627"/>
						<String ID="string_40" HPOS="657" VPOS="668" WIDTH="146" HEIGHT="46" WC="0.76" CONTENT="Lezers,"/><SP WIDTH="22" VPOS="668" HPOS="803"/>
						<String ID="string_41" HPOS="825" VPOS="669" WIDTH="95" HEIGHT="31" WC="0.76" CONTENT="‘over"/><SP WIDTH="29" VPOS="669" HPOS="920"/>
						<String ID="string_42" HPOS="949" VPOS="661" WIDTH="72" HEIGHT="36" WC="0.38" CONTENT="het?"/><SP WIDTH="18" VPOS="661" HPOS="1021"/>
						<String ID="string_43" HPOS="1039" VPOS="657" WIDTH="103" HEIGHT="36" WC="0.89" CONTENT="eerfte"/>
					</TextLine>
					<TextLine ID="line_9" HPOS="162" VPOS="702" WIDTH="979" HEIGHT="76">
						<String ID="string_44" HPOS="162" VPOS="726" WIDTH="74" HEIGHT="52" WC="0.82" CONTENT="ftuk"/><SP WIDTH="28" VPOS="726" HPOS="236"/>
						<String ID="string_45" HPOS="264" VPOS="723" WIDTH="118" HEIGHT="49" WC="0.96" CONTENT="mijner"/><SP WIDTH="27" VPOS="723" HPOS="382"/>
						<String ID="string_46" HPOS="409" VPOS="719" WIDTH="304" HEIGHT="48" WC="0.68" CONTENT="Verancwoording"/><SP WIDTH="28" VPOS="719" HPOS="713"/>
						<String ID="string_47" HPOS="741" VPOS="716" WIDTH="49" HEIGHT="35" WC="0.93" CONTENT="zal"/><SP WIDTH="26" VPOS="716" HPOS="790"/>
						<String ID="string_48" HPOS="816" VPOS="714" WIDTH="137" HEIGHT="35" WC="0.54" CONTENT="hébbef"/><SP WIDTH="24" VPOS="714" HPOS="953"/>
						<String ID="string_49" HPOS="977" VPOS="702" WIDTH="164" HEIGHT="52" WC="0.41" CONTENT="voldaan;"/>
					</TextLine>
					<TextLine ID="line_10" HPOS="161" VPOS="757" WIDTH="984" HEIGHT="57">
						<String ID="string_50" HPOS="161" VPOS="787" WIDTH="47" HEIGHT="27" WC="0.71" CONTENT="en"/><SP WIDTH="20" VPOS="787" HPOS="208"/>
						<String ID="string_51" HPOS="228" VPOS="778" WIDTH="54" HEIGHT="35" WC="0.93" CONTENT="dat"/><SP WIDTH="25" VPOS="778" HPOS="282"/>
						<String ID="string_52" HPOS="307" VPOS="776" WIDTH="41" HEIGHT="34" WC="0.96" CONTENT="de"/><SP WIDTH="28" VPOS="776" HPOS="348"/>
						<String ID="string_53" HPOS="376" VPOS="772" WIDTH="63" HEIGHT="37" WC="0.87" CONTENT="Hr."/><SP WIDTH="27" VPOS="772" HPOS="439"/>
						<String ID="string_54" HPOS="466" VPOS="774" WIDTH="41" HEIGHT="33" WC="0.87" CONTENT="A."/><SP WIDTH="27" VPOS="774" HPOS="507"/>
						<String ID="string_55" HPOS="534" VPOS="770" WIDTH="41" HEIGHT="35" WC="0.94" CONTENT="de"/><SP WIDTH="24" VPOS="770" HPOS="575"/>
						<String ID="string_56" HPOS="599" VPOS="767" WIDTH="254" HEIGHT="47" WC="0.96" CONTENT="zwarigheden,"/><SP WIDTH="27" VPOS="767" HPOS="853"/>
						<String ID="string_57" HPOS="880" VPOS="764" WIDTH="52" HEIGHT="32" WC="0.95" CONTENT="die"/><SP WIDTH="29" VPOS="764" HPOS="932"/>
						<String ID="string_58" HPOS="961" VPOS="770" WIDTH="99" HEIGHT="37" WC="0.95" CONTENT="tegen"/><SP WIDTH="19" VPOS="770" HPOS="1060"/>
						<String ID="string_59" HPOS="1079" VPOS="757" WIDTH="66" HEIGHT="34" WC="0.95" CONTENT="den"/>
					</TextLine>
					<TextLine ID="line_11" HPOS="165" VPOS="809" WIDTH="984" HEIGHT="60">
						<String ID="string_60" HPOS="165" VPOS="825" WIDTH="219" HEIGHT="44" WC="0.92" CONTENT="Kinderdoop"/><SP WIDTH="41" VPOS="825" HPOS="384"/>
						<String ID="string_61" HPOS="425" VPOS="823" WIDTH="48" HEIGHT="33" WC="0.91" CONTENT="uit"/><SP WIDTH="40" VPOS="823" HPOS="473"/>
						<String ID="string_62" HPOS="513" VPOS="820" WIDTH="57" HEIGHT="41" WC="0.93" CONTENT="het"/><SP WIDTH="33" VPOS="820" HPOS="570"/>
						<String ID="string_63" HPOS="603" VPOS="815" WIDTH="226" HEIGHT="37" WC="0.85" CONTENT="Labadistisch"/><SP WIDTH="35" VPOS="815" HPOS="829"/>
						<String ID="string_64" HPOS="864" VPOS="809" WIDTH="193" HEIGHT="38" WC="0.47" CONTENT="Leerftelfel"/><SP WIDTH="26" VPOS="809" HPOS="1057"/>
						<String ID="string_65" HPOS="1083" VPOS="817" WIDTH="66" HEIGHT="33" WC="0.88" CONTENT="op-"/>
					</TextLine>
					<TextLine ID="line_12" HPOS="168" VPOS="852" WIDTH="982" HEIGHT="65">
						<String ID="string_66" HPOS="168" VPOS="880" WIDTH="146" HEIGHT="37" WC="0.76" CONTENT="komen,"/><SP WIDTH="46" VPOS="880" HPOS="314"/>
						<String ID="string_67" HPOS="360" VPOS="871" WIDTH="220" HEIGHT="45" WC="0.81" CONTENT="niet-langer"/><SP WIDTH="34" VPOS="871" HPOS="580"/>
						<String ID="string_68" HPOS="614" VPOS="866" WIDTH="48" HEIGHT="34" WC="0.96" CONTENT="zal"/><SP WIDTH="40" VPOS="866" HPOS="662"/>
						<String ID="string_69" HPOS="702" VPOS="865" WIDTH="225" HEIGHT="43" WC="0.95" CONTENT="aanmerken,"/><SP WIDTH="27" VPOS="865" HPOS="927"/>
						<String ID="string_70" HPOS="954" VPOS="861" WIDTH="63" HEIGHT="34" WC="0.95" CONTENT="als"/><SP WIDTH="31" VPOS="861" HPOS="1017"/>
						<String ID="string_71" HPOS="1048" VPOS="852" WIDTH="102" HEIGHT="56" WC="0.92" CONTENT="mijne"/>
					</TextLine>
					<TextLine ID="line_13" HPOS="173" VPOS="909" WIDTH="979" HEIGHT="66">
						<String ID="string_72" HPOS="173" VPOS="908" WIDTH="275" HEIGHT="71" WC="0.7" CONTENT="zwarigheden,"/><SP WIDTH="13" VPOS="908" HPOS="448"/>
						<String ID="string_73" HPOS="461" VPOS="908" WIDTH="87" HEIGHT="71" WC="0.93" CONTENT="maar"/><SP WIDTH="19" VPOS="908" HPOS="548"/>
						<String ID="string_74" HPOS="567" VPOS="918" WIDTH="48" HEIGHT="34" WC="0.96" CONTENT="als"/><SP WIDTH="26" VPOS="918" HPOS="615"/>
						<String ID="string_75" HPOS="641" VPOS="914" WIDTH="251" HEIGHT="47" WC="0.96" CONTENT="zwarigheden,"/><SP WIDTH="27" VPOS="914" HPOS="892"/>
						<String ID="string_76" HPOS="919" VPOS="912" WIDTH="52" HEIGHT="33" WC="0.96" CONTENT="die"/><SP WIDTH="26" VPOS="912" HPOS="971"/>
						<String ID="string_77" HPOS="997" VPOS="909" WIDTH="79" HEIGHT="35" WC="0.93" CONTENT="deze"/><SP WIDTH="17" VPOS="909" HPOS="1076"/>
						<String ID="string_78" HPOS="1093" VPOS="915" WIDTH="59" HEIGHT="36" WC="0.92" CONTENT="ge-"/>
					</TextLine>
					<TextLine ID="line_14" HPOS="169" VPOS="949" WIDTH="985" HEIGHT="67">
						<String ID="string_79" HPOS="169" VPOS="975" WIDTH="98" HEIGHT="36" WC="0.94" CONTENT="heele"/><SP WIDTH="28" VPOS="975" HPOS="267"/>
						<String ID="string_80" HPOS="295" VPOS="973" WIDTH="129" HEIGHT="40" WC="0.96" CONTENT="Eeuw,"/><SP WIDTH="29" VPOS="973" HPOS="424"/>
						<String ID="string_81" HPOS="453" VPOS="965" WIDTH="68" HEIGHT="39" WC="0.42" CONTENT="‘een"/><SP WIDTH="29" VPOS="965" HPOS="521"/>
						<String ID="string_82" HPOS="550" VPOS="977" WIDTH="75" HEIGHT="26" WC="0.96" CONTENT="zeer"/><SP WIDTH="30" VPOS="977" HPOS="625"/>
						<String ID="string_83" HPOS="655" VPOS="949" WIDTH="192" HEIGHT="67" WC="0.74" CONTENT="aanzienlijk"/><SP WIDTH="11" VPOS="949" HPOS="847"/>
						<String ID="string_84" HPOS="858" VPOS="988" WIDTH="12" HEIGHT="17" WC="0.56" CONTENT=","/><SP WIDTH="37" VPOS="988" HPOS="870"/>
						<String ID="string_85" HPOS="907" VPOS="964" WIDTH="42" HEIGHT="30" WC="0.81" CONTENT="en"/><SP WIDTH="30" VPOS="964" HPOS="949"/>
						<String ID="string_86" HPOS="979" VPOS="956" WIDTH="175" HEIGHT="50" WC="0.95" CONTENT="geenszins"/>
					</TextLine>
					<TextLine ID="line_15" HPOS="171" VPOS="1007" WIDTH="985" HEIGHT="62">
						<String ID="string_87" HPOS="171" VPOS="1027" WIDTH="59" HEIGHT="32" WC="0.92" CONTENT="het"/><SP WIDTH="25" VPOS="1027" HPOS="230"/>
						<String ID="string_88" HPOS="255" VPOS="1022" WIDTH="131" HEIGHT="47" WC="0.79" CONTENT="flegtfte"/><SP WIDTH="31" VPOS="1022" HPOS="386"/>
						<String ID="string_89" HPOS="417" VPOS="1019" WIDTH="83" HEIGHT="46" WC="0.87" CONTENT="deel."/><SP WIDTH="20" VPOS="1019" HPOS="500"/>
						<String ID="string_90" HPOS="520" VPOS="1018" WIDTH="59" HEIGHT="33" WC="0.96" CONTENT="der"/><SP WIDTH="28" VPOS="1018" HPOS="579"/>
						<String ID="string_91" HPOS="607" VPOS="1011" WIDTH="270" HEIGHT="39" WC="0.87" CONTENT="Nederlandfche"/><SP WIDTH="28" VPOS="1011" HPOS="877"/>
						<String ID="string_92" HPOS="905" VPOS="1009" WIDTH="92" HEIGHT="34" WC="0.93" CONTENT="Kerk"/><SP WIDTH="28" VPOS="1009" HPOS="997"/>
						<String ID="string_93" HPOS="1025" VPOS="1007" WIDTH="131" HEIGHT="34" WC="0.92" CONTENT="ontrust"/>
					</TextLine>
					<TextLine ID="line_16" HPOS="165" VPOS="1051" WIDTH="996" HEIGHT="73">
						<String ID="string_94" HPOS="165" VPOS="1074" WIDTH="164" HEIGHT="50" WC="0.96" CONTENT="hebben,"/><SP WIDTH="18" VPOS="1074" HPOS="329"/>
						<String ID="string_95" HPOS="347" VPOS="1064" WIDTH="92" HEIGHT="64" WC="0.43" CONTENT="erv"/><SP WIDTH="11" VPOS="1064" HPOS="439"/>
						<String ID="string_96" HPOS="450" VPOS="1064" WIDTH="69" HEIGHT="64" WC="0.71" CONTENT="nóg"/><SP WIDTH="30" VPOS="1064" HPOS="519"/>
						<String ID="string_97" HPOS="549" VPOS="1060" WIDTH="181" HEIGHT="40" WC="0.18" CONTENT="batraften."/><SP WIDTH="51" VPOS="1060" HPOS="730"/>
						<String ID="string_98" HPOS="781" VPOS="1060" WIDTH="82" HEIGHT="35" WC="0.96" CONTENT="Ook"/><SP WIDTH="30" VPOS="1060" HPOS="863"/>
						<String ID="string_99" HPOS="893" VPOS="1057" WIDTH="48" HEIGHT="35" WC="0.91" CONTENT="zal"/><SP WIDTH="31" VPOS="1057" HPOS="941"/>
						<String ID="string_100" HPOS="972" VPOS="1054" WIDTH="66" HEIGHT="48" WC="0.88" CONTENT="hij,"/><SP WIDTH="43" VPOS="1054" HPOS="1038"/>
						<String ID="string_101" HPOS="1081" VPOS="1051" WIDTH="80" HEIGHT="36" WC="0.29" CONTENT="ver-"/>
					</TextLine>
					<TextLine ID="line_17" HPOS="176" VPOS="1100" WIDTH="982" HEIGHT="61">
						<String ID="string_102" HPOS="176" VPOS="1131" WIDTH="112" HEIGHT="27" WC="0.95" CONTENT="trouw"/><SP WIDTH="35" VPOS="1131" HPOS="288"/>
						<String ID="string_103" HPOS="323" VPOS="1121" WIDTH="56" HEIGHT="40" WC="0.93" CONTENT="ik,"/><SP WIDTH="28" VPOS="1121" HPOS="379"/>
						<String ID="string_104" HPOS="407" VPOS="1117" WIDTH="52" HEIGHT="35" WC="0.92" CONTENT="die"/><SP WIDTH="22" VPOS="1117" HPOS="459"/>
						<String ID="string_105" HPOS="481" VPOS="1112" WIDTH="240" HEIGHT="49" WC="0.80" CONTENT="‘zwarigheden"/><SP WIDTH="22" VPOS="1112" HPOS="721"/>
						<String ID="string_106" HPOS="743" VPOS="1110" WIDTH="67" HEIGHT="35" WC="0.84" CONTENT="niet"/><SP WIDTH="28" VPOS="1110" HPOS="810"/>
						<String ID="string_107" HPOS="838" VPOS="1110" WIDTH="91" HEIGHT="33" WC="0.96" CONTENT="meer"/><SP WIDTH="28" VPOS="1110" HPOS="929"/>
						<String ID="string_108" HPOS="957" VPOS="1106" WIDTH="47" HEIGHT="35" WC="0.96" CONTENT="als"/><SP WIDTH="7" VPOS="1106" HPOS="1004"/>
						<String ID="string_109" HPOS="1011" VPOS="1096" WIDTH="93" HEIGHT="69" WC="0.88" CONTENT="veel"/><SP WIDTH="10" VPOS="1096" HPOS="1104"/>
						<String ID="string_110" HPOS="1114" VPOS="1101" WIDTH="42" HEIGHT="34" WC="0.96" CONTENT="te"/>
					</TextLine>
					<TextLine ID="line_18" HPOS="176" VPOS="1149" WIDTH="983" HEIGHT="75">
						<String ID="string_111" HPOS="176" VPOS="1168" WIDTH="118" HEIGHT="56" WC="0.96" CONTENT="gering"/><SP WIDTH="31" VPOS="1168" HPOS="294"/>
						<String ID="string_112" HPOS="325" VPOS="1169" WIDTH="153" HEIGHT="40" WC="0.96" CONTENT="aanzien,"/><SP WIDTH="33" VPOS="1169" HPOS="478"/>
						<String ID="string_113" HPOS="511" VPOS="1165" WIDTH="62" HEIGHT="33" WC="0.95" CONTENT="dan"/><SP WIDTH="29" VPOS="1165" HPOS="573"/>
						<String ID="string_114" HPOS="602" VPOS="1164" WIDTH="52" HEIGHT="33" WC="0.92" CONTENT="dat"/><SP WIDTH="30" VPOS="1164" HPOS="654"/>
						<String ID="string_115" HPOS="684" VPOS="1171" WIDTH="97" HEIGHT="29" WC="0.93" CONTENT="men,"/><SP WIDTH="29" VPOS="1171" HPOS="781"/>
						<String ID="string_116" HPOS="810" VPOS="1156" WIDTH="219" HEIGHT="37" WC="0.90" CONTENT="uitderzelver"/><SP WIDTH="27" VPOS="1156" HPOS="1029"/>
						<String ID="string_117" HPOS="1056" VPOS="1149" WIDTH="103" HEIGHT="38" WC="0.88" CONTENT="hoof-"/>
					</TextLine>
					<TextLine ID="line_19" HPOS="160" VPOS="1199" WIDTH="1001" HEIGHT="73">
						<String ID="string_118" HPOS="160" VPOS="1217" WIDTH="80" HEIGHT="55" WC="0.38" CONTENT="de&#39;s"/><SP WIDTH="11" VPOS="1217" HPOS="240"/>
						<String ID="string_119" HPOS="251" VPOS="1217" WIDTH="80" HEIGHT="55" WC="0.38" CONTENT="den"/><SP WIDTH="28" VPOS="1217" HPOS="331"/>
						<String ID="string_120" HPOS="359" VPOS="1216" WIDTH="108" HEIGHT="47" WC="0.96" CONTENT="Bijbel"/><SP WIDTH="21" VPOS="1216" HPOS="467"/>
						<String ID="string_121" HPOS="488" VPOS="1225" WIDTH="61" HEIGHT="30" WC="0.96" CONTENT="van"/><SP WIDTH="22" VPOS="1225" HPOS="549"/>
						<String ID="string_122" HPOS="571" VPOS="1215" WIDTH="127" HEIGHT="32" WC="0.96" CONTENT="nieuws"/><SP WIDTH="27" VPOS="1215" HPOS="698"/>
						<String ID="string_123" HPOS="725" VPOS="1222" WIDTH="66" HEIGHT="23" WC="0.96" CONTENT="zou"/><SP WIDTH="19" VPOS="1222" HPOS="791"/>
						<String ID="string_124" HPOS="810" VPOS="1217" WIDTH="133" HEIGHT="26" WC="0.96" CONTENT="moeten"/><SP WIDTH="27" VPOS="1217" HPOS="943"/>
						<String ID="string_125" HPOS="970" VPOS="1215" WIDTH="83" HEIGHT="38" WC="0.96" CONTENT="gaan"/><SP WIDTH="16" VPOS="1215" HPOS="1053"/>
						<String ID="string_126" HPOS="1069" VPOS="1199" WIDTH="92" HEIGHT="37" WC="0.91" CONTENT="raad-"/>
					</TextLine>
					<TextLine ID="line_20" HPOS="162" VPOS="1245" WIDTH="1001" HEIGHT="84">
						<String ID="string_127" HPOS="162" VPOS="1266" WIDTH="164" HEIGHT="63" WC="0.86" CONTENT="plegen;"/><SP WIDTH="26" VPOS="1266" HPOS="326"/>
						<String ID="string_128" HPOS="352" VPOS="1278" WIDTH="56" HEIGHT="24" WC="0.96" CONTENT="om"/><SP WIDTH="23" VPOS="1278" HPOS="408"/>
						<String ID="string_129" HPOS="431" VPOS="1276" WIDTH="31" HEIGHT="24" WC="0.95" CONTENT="te"/><SP WIDTH="19" VPOS="1276" HPOS="462"/>
						<String ID="string_130" HPOS="481" VPOS="1266" WIDTH="94" HEIGHT="39" WC="0.95" CONTENT="zien,"/><SP WIDTH="36" VPOS="1266" HPOS="575"/>
						<String ID="string_131" HPOS="611" VPOS="1262" WIDTH="43" HEIGHT="35" WC="0.94" CONTENT="of"/><SP WIDTH="20" VPOS="1262" HPOS="654"/>
						<String ID="string_132" HPOS="674" VPOS="1262" WIDTH="57" HEIGHT="34" WC="0.96" CONTENT="het"/><SP WIDTH="19" VPOS="1262" HPOS="731"/>
						<String ID="string_133" HPOS="750" VPOS="1267" WIDTH="227" HEIGHT="39" WC="0.96" CONTENT="aangenomen"/><SP WIDTH="22" VPOS="1267" HPOS="977"/>
						<String ID="string_134" HPOS="999" VPOS="1245" WIDTH="164" HEIGHT="54" WC="0.74" CONTENT="Leerftel-"/>
					</TextLine>
					<TextLine ID="line_21" HPOS="185" VPOS="1301" WIDTH="981" HEIGHT="55">
						<String ID="string_135" HPOS="185" VPOS="1320" WIDTH="45" HEIGHT="36" WC="0.69" CONTENT="fel"/><SP WIDTH="14" VPOS="1320" HPOS="230"/>
						<String ID="string_136" HPOS="244" VPOS="1297" WIDTH="95" HEIGHT="63" WC="0.81" CONTENT="daar."/><SP WIDTH="11" VPOS="1297" HPOS="339"/>
						<String ID="string_137" HPOS="350" VPOS="1297" WIDTH="65" HEIGHT="63" WC="0.91" CONTENT="wel"/><SP WIDTH="20" VPOS="1297" HPOS="415"/>
						<String ID="string_138" HPOS="435" VPOS="1315" WIDTH="94" HEIGHT="35" WC="0.93" CONTENT="mede"/><SP WIDTH="21" VPOS="1315" HPOS="529"/>
						<String ID="string_139" HPOS="550" VPOS="1310" WIDTH="272" HEIGHT="37" WC="0.91" CONTENT="overeenkome?"/><SP WIDTH="27" VPOS="1310" HPOS="822"/>
						<String ID="string_140" HPOS="849" VPOS="1307" WIDTH="101" HEIGHT="41" WC="0.94" CONTENT="Dan;"/><SP WIDTH="27" VPOS="1307" HPOS="950"/>
						<String ID="string_141" HPOS="977" VPOS="1303" WIDTH="43" HEIGHT="36" WC="0.96" CONTENT="of"/><SP WIDTH="14" VPOS="1303" HPOS="1020"/>
						<String ID="string_142" HPOS="1034" VPOS="1301" WIDTH="132" HEIGHT="39" WC="0.77" CONTENT="aldaar,"/>
					</TextLine>
					<TextLine ID="line_22" HPOS="187" VPOS="1349" WIDTH="979" HEIGHT="68">
						<String ID="string_143" HPOS="187" VPOS="1368" WIDTH="181" HEIGHT="49" WC="0.95" CONTENT="mogelijk,"/><SP WIDTH="34" VPOS="1368" HPOS="368"/>
						<String ID="string_144" HPOS="402" VPOS="1375" WIDTH="60" HEIGHT="24" WC="0.96" CONTENT="een"/><SP WIDTH="41" VPOS="1375" HPOS="462"/>
						<String ID="string_145" HPOS="503" VPOS="1360" WIDTH="100" HEIGHT="38" WC="0.95" CONTENT="ander"/><SP WIDTH="38" VPOS="1360" HPOS="603"/>
						<String ID="string_146" HPOS="641" VPOS="1359" WIDTH="137" HEIGHT="49" WC="0.95" CONTENT="geleerd"/><SP WIDTH="34" VPOS="1359" HPOS="778"/>
						<String ID="string_147" HPOS="812" VPOS="1356" WIDTH="146" HEIGHT="40" WC="0.96" CONTENT="wierde,"/><SP WIDTH="46" VPOS="1356" HPOS="958"/>
						<String ID="string_148" HPOS="1004" VPOS="1361" WIDTH="87" HEIGHT="26" WC="0.88" CONTENT="waar"/><SP WIDTH="39" VPOS="1361" HPOS="1091"/>
						<String ID="string_149" HPOS="1130" VPOS="1349" WIDTH="36" HEIGHT="41" WC="0.95" CONTENT="in"/>
					</TextLine>
					<TextLine ID="line_23" HPOS="187" VPOS="1392" WIDTH="981" HEIGHT="72">
						<String ID="string_150" HPOS="187" VPOS="1418" WIDTH="100" HEIGHT="46" WC="0.10" CONTENT="zuike"/><SP WIDTH="39" VPOS="1418" HPOS="287"/>
						<String ID="string_151" HPOS="326" VPOS="1411" WIDTH="332" HEIGHT="52" WC="0.86" CONTENT="tegenftrijdigheden"/><SP WIDTH="32" VPOS="1411" HPOS="658"/>
						<String ID="string_152" HPOS="690" VPOS="1410" WIDTH="69" HEIGHT="33" WC="0.94" CONTENT="niet"/><SP WIDTH="28" VPOS="1410" HPOS="759"/>
						<String ID="string_153" HPOS="787" VPOS="1404" WIDTH="178" HEIGHT="50" WC="0.96" CONTENT="gevonden"/><SP WIDTH="37" VPOS="1404" HPOS="965"/>
						<String ID="string_154" HPOS="1002" VPOS="1392" WIDTH="136" HEIGHT="58" WC="0.84" CONTENT="worden"/><SP WIDTH="12" VPOS="1392" HPOS="1138"/>
						<String ID="string_155" HPOS="1150" VPOS="1396" WIDTH="18" HEIGHT="34" WC="0.55" CONTENT="?"/>
					</TextLine>
					<TextLine ID="line_24" HPOS="188" VPOS="1448" WIDTH="982" HEIGHT="61">
						<String ID="string_156" HPOS="188" VPOS="1459" WIDTH="74" HEIGHT="49" WC="0.88" CONTENT="Of,"/><SP WIDTH="24" VPOS="1459" HPOS="262"/>
						<String ID="string_157" HPOS="286" VPOS="1466" WIDTH="114" HEIGHT="43" WC="0.94" CONTENT="indien"/><SP WIDTH="29" VPOS="1466" HPOS="400"/>
						<String ID="string_158" HPOS="429" VPOS="1464" WIDTH="45" HEIGHT="43" WC="0.94" CONTENT="hij"/><SP WIDTH="28" VPOS="1464" HPOS="474"/>
						<String ID="string_159" HPOS="502" VPOS="1468" WIDTH="173" HEIGHT="38" WC="0.67" CONTENT="voortgaat"/><SP WIDTH="29" VPOS="1468" HPOS="675"/>
						<String ID="string_160" HPOS="704" VPOS="1457" WIDTH="40" HEIGHT="34" WC="0.96" CONTENT="de"/><SP WIDTH="26" VPOS="1457" HPOS="744"/>
						<String ID="string_161" HPOS="770" VPOS="1451" WIDTH="250" HEIGHT="49" WC="0.95" CONTENT="zwarigheden,"/><SP WIDTH="27" VPOS="1451" HPOS="1020"/>
						<String ID="string_162" HPOS="1047" VPOS="1448" WIDTH="52" HEIGHT="35" WC="0.93" CONTENT="die"/><SP WIDTH="19" VPOS="1448" HPOS="1099"/>
						<String ID="string_163" HPOS="1118" VPOS="1456" WIDTH="52" HEIGHT="24" WC="0.78" CONTENT="te="/>
					</TextLine>
					<TextLine ID="line_25" HPOS="190" VPOS="1494" WIDTH="981" HEIGHT="71">
						<String ID="string_164" HPOS="190" VPOS="1527" WIDTH="66" HEIGHT="38" WC="0.95" CONTENT="gen"/><SP WIDTH="30" VPOS="1527" HPOS="256"/>
						<String ID="string_165" HPOS="286" VPOS="1517" WIDTH="58" HEIGHT="33" WC="0.93" CONTENT="het"/><SP WIDTH="19" VPOS="1517" HPOS="344"/>
						<String ID="string_166" HPOS="363" VPOS="1510" WIDTH="227" HEIGHT="47" WC="0.75" CONTENT="Labadistisch"/><SP WIDTH="27" VPOS="1510" HPOS="590"/>
						<String ID="string_167" HPOS="617" VPOS="1504" WIDTH="214" HEIGHT="41" WC="0.77" CONTENT="Leerftelfel,"/><SP WIDTH="28" VPOS="1504" HPOS="831"/>
						<String ID="string_168" HPOS="859" VPOS="1503" WIDTH="24" HEIGHT="34" WC="0.37" CONTENT="*"/><SP WIDTH="20" VPOS="1503" HPOS="883"/>
						<String ID="string_169" HPOS="903" VPOS="1501" WIDTH="91" HEIGHT="36" WC="0.96" CONTENT="welk"/><SP WIDTH="22" VPOS="1501" HPOS="994"/>
						<String ID="string_170" HPOS="1016" VPOS="1494" WIDTH="155" HEIGHT="39" WC="0.95" CONTENT="niemand"/>
					</TextLine>
					<TextLine ID="line_26" HPOS="191" VPOS="1548" WIDTH="979" HEIGHT="61">
						<String ID="string_171" HPOS="191" VPOS="1577" WIDTH="86" HEIGHT="25" WC="0.96" CONTENT="voor"/><SP WIDTH="23" VPOS="1577" HPOS="277"/>
						<String ID="string_172" HPOS="300" VPOS="1575" WIDTH="63" HEIGHT="23" WC="0.81" CONTENT="een"/><SP WIDTH="28" VPOS="1575" HPOS="363"/>
						<String ID="string_173" HPOS="391" VPOS="1556" WIDTH="360" HEIGHT="53" WC="0.19" CONTENT="eigenlijk-Bondeling"/><SP WIDTH="19" VPOS="1556" HPOS="751"/>
						<String ID="string_174" HPOS="770" VPOS="1551" WIDTH="227" HEIGHT="42" WC="0.87" CONTENT="erkent"/><SP WIDTH="-112" VPOS="1551" HPOS="997"/>
						<String ID="string_175" HPOS="885" VPOS="1547" WIDTH="23" HEIGHT="66" WC="0.43" CONTENT=","/><SP WIDTH="-1" VPOS="1547" HPOS="908"/>
						<String ID="string_176" HPOS="907" VPOS="1551" WIDTH="90" HEIGHT="42" WC="0.65" CONTENT="‘dan"/><SP WIDTH="38" VPOS="1551" HPOS="997"/>
						<String ID="string_177" HPOS="1035" VPOS="1548" WIDTH="52" HEIGHT="35" WC="0.96" CONTENT="die"/><SP WIDTH="17" VPOS="1548" HPOS="1087"/>
						<String ID="string_178" HPOS="1104" VPOS="1555" WIDTH="66" HEIGHT="24" WC="0.96" CONTENT="een"/>
					</TextLine>
					<TextLine ID="line_27" HPOS="193" VPOS="1595" WIDTH="982" HEIGHT="66">
						<String ID="string_179" HPOS="193" VPOS="1623" WIDTH="120" HEIGHT="38" WC="0.87" CONTENT="opregt"/><SP WIDTH="35" VPOS="1623" HPOS="313"/>
						<String ID="string_180" HPOS="348" VPOS="1610" WIDTH="180" HEIGHT="50" WC="0.91" CONTENT="geloovig,"/><SP WIDTH="32" VPOS="1610" HPOS="528"/>
						<String ID="string_181" HPOS="560" VPOS="1618" WIDTH="42" HEIGHT="24" WC="0.91" CONTENT="en"/><SP WIDTH="32" VPOS="1618" HPOS="602"/>
						<String ID="string_182" HPOS="634" VPOS="1605" WIDTH="148" HEIGHT="45" WC="0.88" CONTENT="waarlijk"/><SP WIDTH="29" VPOS="1605" HPOS="782"/>
						<String ID="string_183" HPOS="811" VPOS="1600" WIDTH="228" HEIGHT="51" WC="0.85" CONTENT="godvruchtig"/><SP WIDTH="31" VPOS="1600" HPOS="1039"/>
						<String ID="string_184" HPOS="1070" VPOS="1595" WIDTH="105" HEIGHT="39" WC="0.35" CONTENT="Chrí-"/>
					</TextLine>
					<TextLine ID="line_28" HPOS="195" VPOS="1651" WIDTH="978" HEIGHT="56">
						<String ID="string_185" HPOS="195" VPOS="1665" WIDTH="69" HEIGHT="34" WC="0.90" CONTENT="ften"/><SP WIDTH="31" VPOS="1665" HPOS="264"/>
						<String ID="string_186" HPOS="295" VPOS="1662" WIDTH="54" HEIGHT="43" WC="0.80" CONTENT="is,"/><SP WIDTH="30" VPOS="1662" HPOS="349"/>
						<String ID="string_187" HPOS="379" VPOS="1662" WIDTH="200" HEIGHT="45" WC="0.96" CONTENT="opkomen,"/><SP WIDTH="22" VPOS="1662" HPOS="579"/>
						<String ID="string_188" HPOS="601" VPOS="1667" WIDTH="64" HEIGHT="25" WC="0.96" CONTENT="zoo"/><SP WIDTH="28" VPOS="1667" HPOS="665"/>
						<String ID="string_189" HPOS="693" VPOS="1654" WIDTH="78" HEIGHT="36" WC="0.95" CONTENT="veel"/><SP WIDTH="29" VPOS="1654" HPOS="771"/>
						<String ID="string_190" HPOS="800" VPOS="1653" WIDTH="155" HEIGHT="48" WC="0.94" CONTENT="geringer"/><SP WIDTH="31" VPOS="1653" HPOS="955"/>
						<String ID="string_191" HPOS="986" VPOS="1659" WIDTH="34" HEIGHT="24" WC="0.92" CONTENT="te"/><SP WIDTH="29" VPOS="1659" HPOS="1020"/>
						<String ID="string_192" HPOS="1049" VPOS="1651" WIDTH="124" HEIGHT="44" WC="0.1" CONTENT="agtêns"/>
					</TextLine>
					<TextLine ID="line_29" HPOS="192" VPOS="1694" WIDTH="982" HEIGHT="64">
						<String ID="string_193" HPOS="192" VPOS="1712" WIDTH="82" HEIGHT="37" WC="0.55" CONTENT="dan“"/><SP WIDTH="18" VPOS="1712" HPOS="274"/>
						<String ID="string_194" HPOS="292" VPOS="1722" WIDTH="50" HEIGHT="26" WC="0.96" CONTENT="tot"/><SP WIDTH="39" VPOS="1722" HPOS="342"/>
						<String ID="string_195" HPOS="381" VPOS="1722" WIDTH="70" HEIGHT="36" WC="0.96" CONTENT="nog"/><SP WIDTH="30" VPOS="1722" HPOS="451"/>
						<String ID="string_196" HPOS="481" VPOS="1719" WIDTH="55" HEIGHT="25" WC="0.96" CONTENT="toe"/><SP WIDTH="29" VPOS="1719" HPOS="536"/>
						<String ID="string_197" HPOS="565" VPOS="1707" WIDTH="69" HEIGHT="34" WC="0.96" CONTENT="alle"/><SP WIDTH="40" VPOS="1707" HPOS="634"/>
						<String ID="string_198" HPOS="674" VPOS="1705" WIDTH="118" HEIGHT="36" WC="0.91" CONTENT="andere"/><SP WIDTH="40" VPOS="1705" HPOS="792"/>
						<String ID="string_199" HPOS="832" VPOS="1701" WIDTH="177" HEIGHT="36" WC="0.91" CONTENT="menfchen"/><SP WIDTH="40" VPOS="1701" HPOS="1009"/>
						<String ID="string_200" HPOS="1049" VPOS="1694" WIDTH="125" HEIGHT="52" WC="0.95" CONTENT="gedaan"/>
					</TextLine>
					<TextLine ID="line_30" HPOS="192" VPOS="1745" WIDTH="984" HEIGHT="61">
						<String ID="string_201" HPOS="192" VPOS="1763" WIDTH="158" HEIGHT="43" WC="0.95" CONTENT="hebben,"/><SP WIDTH="32" VPOS="1763" HPOS="350"/>
						<String ID="string_202" HPOS="382" VPOS="1759" WIDTH="62" HEIGHT="36" WC="0.95" CONTENT="dan"/><SP WIDTH="28" VPOS="1759" HPOS="444"/>
						<String ID="string_203" HPOS="472" VPOS="1758" WIDTH="57" HEIGHT="35" WC="0.96" CONTENT="wil"/><SP WIDTH="28" VPOS="1758" HPOS="529"/>
						<String ID="string_204" HPOS="557" VPOS="1758" WIDTH="31" HEIGHT="33" WC="0.96" CONTENT="ik"/><SP WIDTH="29" VPOS="1758" HPOS="588"/>
						<String ID="string_205" HPOS="617" VPOS="1756" WIDTH="64" HEIGHT="35" WC="0.96" CONTENT="wel"/><SP WIDTH="26" VPOS="1756" HPOS="681"/>
						<String ID="string_206" HPOS="707" VPOS="1765" WIDTH="79" HEIGHT="24" WC="0.96" CONTENT="eens"/><SP WIDTH="25" VPOS="1765" HPOS="786"/>
						<String ID="string_207" HPOS="811" VPOS="1754" WIDTH="97" HEIGHT="39" WC="0.91" CONTENT="zien,"/><SP WIDTH="37" VPOS="1754" HPOS="908"/>
						<String ID="string_208" HPOS="945" VPOS="1750" WIDTH="19" HEIGHT="46" WC="0.91" CONTENT="("/><SP WIDTH="14" VPOS="1750" HPOS="964"/>
						<String ID="string_209" HPOS="978" VPOS="1750" WIDTH="89" HEIGHT="46" WC="0.96" CONTENT="want"/><SP WIDTH="32" VPOS="1750" HPOS="1067"/>
						<String ID="string_210" HPOS="1099" VPOS="1745" WIDTH="77" HEIGHT="34" WC="0.94" CONTENT="daar"/>
					</TextLine>
					<TextLine ID="line_31" HPOS="193" VPOS="1796" WIDTH="983" HEIGHT="67">
						<String ID="string_211" HPOS="193" VPOS="1813" WIDTH="95" HEIGHT="50" WC="0.96" CONTENT="mede"/><SP WIDTH="29" VPOS="1813" HPOS="288"/>
						<String ID="string_212" HPOS="317" VPOS="1822" WIDTH="65" HEIGHT="25" WC="0.96" CONTENT="zou"/><SP WIDTH="25" VPOS="1822" HPOS="382"/>
						<String ID="string_213" HPOS="407" VPOS="1811" WIDTH="44" HEIGHT="44" WC="0.85" CONTENT="hij"/><SP WIDTH="31" VPOS="1811" HPOS="451"/>
						<String ID="string_214" HPOS="482" VPOS="1809" WIDTH="57" HEIGHT="34" WC="0.93" CONTENT="der"/><SP WIDTH="22" VPOS="1809" HPOS="539"/>
						<String ID="string_215" HPOS="561" VPOS="1806" WIDTH="117" HEIGHT="41" WC="0.92" CONTENT="Kerke"/><SP WIDTH="33" VPOS="1806" HPOS="678"/>
						<String ID="string_216" HPOS="711" VPOS="1815" WIDTH="63" HEIGHT="25" WC="0.96" CONTENT="een"/><SP WIDTH="37" VPOS="1815" HPOS="774"/>
						<String ID="string_217" HPOS="811" VPOS="1799" WIDTH="220" HEIGHT="45" WC="0.91" CONTENT="wezenlijken"/><SP WIDTH="38" VPOS="1799" HPOS="1031"/>
						<String ID="string_218" HPOS="1069" VPOS="1796" WIDTH="107" HEIGHT="36" WC="0.95" CONTENT="dienst"/>
					</TextLine>
					<TextLine ID="line_32" HPOS="193" VPOS="1840" WIDTH="982" HEIGHT="66">
						<String ID="string_219" HPOS="193" VPOS="1862" WIDTH="143" HEIGHT="44" WC="0.75" CONTENT="doen,)"/><SP WIDTH="33" VPOS="1862" HPOS="336"/>
						<String ID="string_220" HPOS="369" VPOS="1861" WIDTH="67" HEIGHT="35" WC="0.96" CONTENT="hoe"/><SP WIDTH="30" VPOS="1861" HPOS="436"/>
						<String ID="string_221" HPOS="466" VPOS="1859" WIDTH="43" HEIGHT="45" WC="0.76" CONTENT="hij"/><SP WIDTH="30" VPOS="1859" HPOS="509"/>
						<String ID="string_222" HPOS="539" VPOS="1857" WIDTH="52" HEIGHT="34" WC="0.96" CONTENT="die"/><SP WIDTH="31" VPOS="1857" HPOS="591"/>
						<String ID="string_223" HPOS="622" VPOS="1857" WIDTH="62" HEIGHT="33" WC="0.96" CONTENT="kan"/><SP WIDTH="28" VPOS="1857" HPOS="684"/>
						<String ID="string_224" HPOS="712" VPOS="1855" WIDTH="87" HEIGHT="34" WC="0.95" CONTENT="doen"/><SP WIDTH="28" VPOS="1855" HPOS="799"/>
						<String ID="string_225" HPOS="827" VPOS="1851" WIDTH="224" HEIGHT="44" WC="0.92" CONTENT="verdwijnen,"/><SP WIDTH="38" VPOS="1851" HPOS="1051"/>
						<String ID="string_226" HPOS="1089" VPOS="1840" WIDTH="86" HEIGHT="52" WC="0.96" CONTENT="door"/>
					</TextLine>
					<TextLine ID="line_33" HPOS="192" VPOS="1895" WIDTH="984" HEIGHT="62">
						<String ID="string_227" HPOS="192" VPOS="1913" WIDTH="43" HEIGHT="40" WC="0.93" CONTENT="de"/><SP WIDTH="29" VPOS="1913" HPOS="235"/>
						<String ID="string_228" HPOS="264" VPOS="1911" WIDTH="149" HEIGHT="46" WC="0.82" CONTENT="ftelling,"/><SP WIDTH="28" VPOS="1911" HPOS="413"/>
						<String ID="string_229" HPOS="441" VPOS="1919" WIDTH="86" HEIGHT="26" WC="0.96" CONTENT="waar"/><SP WIDTH="20" VPOS="1919" HPOS="527"/>
						<String ID="string_230" HPOS="547" VPOS="1905" WIDTH="94" HEIGHT="36" WC="0.94" CONTENT="mede"/><SP WIDTH="21" VPOS="1905" HPOS="641"/>
						<String ID="string_231" HPOS="662" VPOS="1906" WIDTH="45" HEIGHT="44" WC="0.95" CONTENT="hij"/><SP WIDTH="25" VPOS="1906" HPOS="707"/>
						<String ID="string_232" HPOS="732" VPOS="1905" WIDTH="44" HEIGHT="34" WC="0.51" CONTENT="4."/><SP WIDTH="31" VPOS="1905" HPOS="776"/>
						<String ID="string_233" HPOS="807" VPOS="1913" WIDTH="80" HEIGHT="24" WC="0.75" CONTENT="120."/><SP WIDTH="28" VPOS="1913" HPOS="887"/>
						<String ID="string_234" HPOS="915" VPOS="1900" WIDTH="107" HEIGHT="44" WC="0.96" CONTENT="zijnen"/><SP WIDTH="21" VPOS="1900" HPOS="1022"/>
						<String ID="string_235" HPOS="1043" VPOS="1895" WIDTH="133" HEIGHT="37" WC="0.6" CONTENT="laarften"/>
					</TextLine>
					<TextLine ID="line_34" HPOS="196" VPOS="1941" WIDTH="983" HEIGHT="57">
						<String ID="string_236" HPOS="196" VPOS="1961" WIDTH="93" HEIGHT="37" WC="0.96" CONTENT="brief"/><SP WIDTH="13" VPOS="1961" HPOS="289"/>
						<String ID="string_237" HPOS="302" VPOS="1960" WIDTH="89" HEIGHT="35" WC="0.95" CONTENT="fluit:"/><SP WIDTH="32" VPOS="1960" HPOS="391"/>
						<String ID="string_238" HPOS="423" VPOS="1959" WIDTH="67" HEIGHT="34" WC="0.93" CONTENT="Dat"/><SP WIDTH="23" VPOS="1959" HPOS="490"/>
						<String ID="string_239" HPOS="513" VPOS="1966" WIDTH="76" HEIGHT="24" WC="0.96" CONTENT="men"/><SP WIDTH="19" VPOS="1966" HPOS="589"/>
						<String ID="string_240" HPOS="608" VPOS="1966" WIDTH="75" HEIGHT="24" WC="0.93" CONTENT="over"/><SP WIDTH="20" VPOS="1966" HPOS="683"/>
						<String ID="string_241" HPOS="703" VPOS="1953" WIDTH="158" HEIGHT="36" WC="0.70" CONTENT="memand"/><SP WIDTH="15" VPOS="1953" HPOS="861"/>
						<String ID="string_242" HPOS="876" VPOS="1958" WIDTH="95" HEIGHT="28" WC="0.82" CONTENT="moet"/><SP WIDTH="15" VPOS="1958" HPOS="971"/>
						<String ID="string_243" HPOS="986" VPOS="1941" WIDTH="168" HEIGHT="43" WC="0.83" CONTENT="oordzelen"/><SP WIDTH="11" VPOS="1941" HPOS="1154"/>
						<String ID="string_244" HPOS="1165" VPOS="1969" WIDTH="14" HEIGHT="21" WC="0.49" CONTENT=","/>
					</TextLine>
					<TextLine ID="line_35" HPOS="193" VPOS="1989" WIDTH="987" HEIGHT="69">
						<String ID="string_245" HPOS="193" VPOS="2011" WIDTH="81" HEIGHT="36" WC="0.22" CONTENT="moch"/><SP WIDTH="27" VPOS="2011" HPOS="274"/>
						<String ID="string_246" HPOS="301" VPOS="2008" WIDTH="137" HEIGHT="50" WC="0.96" CONTENT="bepalen"/><SP WIDTH="26" VPOS="2008" HPOS="438"/>
						<String ID="string_247" HPOS="464" VPOS="2008" WIDTH="65" HEIGHT="33" WC="0.96" CONTENT="wie"/><SP WIDTH="26" VPOS="2008" HPOS="529"/>
						<String ID="string_248" HPOS="555" VPOS="2015" WIDTH="92" HEIGHT="25" WC="0.96" CONTENT="ware"/><SP WIDTH="26" VPOS="2015" HPOS="647"/>
						<String ID="string_249" HPOS="673" VPOS="2003" WIDTH="194" HEIGHT="43" WC="0.93" CONTENT="Christenen"/><SP WIDTH="29" VPOS="2003" HPOS="867"/>
						<String ID="string_250" HPOS="896" VPOS="2000" WIDTH="84" HEIGHT="45" WC="0.92" CONTENT="zijn,"/><SP WIDTH="29" VPOS="2000" HPOS="980"/>
						<String ID="string_251" HPOS="1009" VPOS="2007" WIDTH="103" HEIGHT="26" WC="0.95" CONTENT="maar"/><SP WIDTH="18" VPOS="2007" HPOS="1112"/>
						<String ID="string_252" HPOS="1130" VPOS="1989" WIDTH="50" HEIGHT="39" WC="0.96" CONTENT="dit"/>
					</TextLine>
					<TextLine ID="line_36" HPOS="193" VPOS="2043" WIDTH="987" HEIGHT="75">
						<String ID="string_253" HPOS="193" VPOS="2060" WIDTH="155" HEIGHT="58" WC="0.83" CONTENT="(zonder"/><SP WIDTH="29" VPOS="2060" HPOS="348"/>
						<String ID="string_254" HPOS="377" VPOS="2056" WIDTH="158" HEIGHT="44" WC="0.94" CONTENT="oordeel,"/><SP WIDTH="30" VPOS="2056" HPOS="535"/>
						<String ID="string_255" HPOS="565" VPOS="2065" WIDTH="40" HEIGHT="26" WC="0.96" CONTENT="en"/><SP WIDTH="23" VPOS="2065" HPOS="605"/>
						<String ID="string_256" HPOS="628" VPOS="2053" WIDTH="121" HEIGHT="37" WC="0.96" CONTENT="zonder"/><SP WIDTH="19" VPOS="2053" HPOS="749"/>
						<String ID="string_257" HPOS="768" VPOS="2048" WIDTH="212" HEIGHT="50" WC="0.0" CONTENT="bepaling!)"/><SP WIDTH="25" VPOS="2048" HPOS="980"/>
						<String ID="string_258" HPOS="1005" VPOS="2043" WIDTH="175" HEIGHT="49" WC="0.0" CONTENT="onderftel-"/>
					</TextLine>
					<TextLine ID="line_37" HPOS="1110" VPOS="2093" WIDTH="73" HEIGHT="44">
						<String ID="string_259" HPOS="1110" VPOS="2093" WIDTH="73" HEIGHT="44" WC="0.62" CONTENT="den,"/>
					</TextLine>
				</TextBlock>
				<TextBlock ID="block_5" HPOS="1385" VPOS="0" WIDTH="176" HEIGHT="2720">
					<TextLine ID="line_38" HPOS="1385" VPOS="0" WIDTH="176" HEIGHT="2720">
						<String ID="string_260" HPOS="1385" VPOS="0" WIDTH="176" HEIGHT="2720" WC="0.95" CONTENT=" "/>
					</TextLine>
				</TextBlock>
			</PrintSpace>
		</Page>
	</Layout>
</alto>
