1601 2715
424 274 45 37 32
637 262 601 41 pnEADELDnHöVS˖

418 353 127 45 nndeid
568 354 86 48 heeft
680 357 213 47 aangedaan.
943 354 76 38 Dus
1047 366 45 25 nu
1113 357 27 34 is
1161 367 36 25 er
1216 367 111 38 geene
1342 359 42 35 de

416 404 163 42 minſte
613 406 200 46 awarigheid
849 406 33 34 in
918 404 81 36 deze
1034 406 120 46 gehele
1192 407 189 48 ſpreekwijs

414 464 142 32 „meer
582 463 32 25 te
641 452 156 37 vinden.“

463 513 233 32 VVENMEL,
721 504 70 34 niet
812 502 225 48 tegenſtaande
1058 504 48 35 dit
1124 502 98 44 alles,
1248 505 72 35 ſtelt
1342 506 42 35 de

412 549 62 37 Hr.
500 551 100 36 Mark
628 551 194 48 vervolgens
850 563 69 36 nog
945 563 81 24 eene
1053 554 117 34 andere
1196 555 186 47 verklaring

410 610 62 24 van
500 601 80 34 deze
597 611 99 37 vraag
715 602 57 34 des
792 601 312 46 Doopsformuliers
1124 613 103 31 voor,
1254 604 54 34 die
1330 605 45 45 hij

410 649 72 35 ook
505 650 241 47 verkieſeliſker
771 660 75 38 agt.
874 662 56 24 om
959 651 165 42 redenen,
1151 652 52 34 die
1228 652 45 47 hij
1303 652 77 36 daar

409 707 57 26 toe
492 698 138 37 meende
657 710 32 24 te
717 701 151 42 hebben,
893 711 42 23 en
961 700 55 45 mij
1043 703 68 32 niet
1137 710 31 26 te
1194 702 184 35 beoordee-

407 746 55 36 len
490 747 105 44 ſtaan,
632 748 75 36 daar
738 750 33 34 ik
802 749 48 35 dit
878 749 73 35 ſtuk
980 760 61 23 van
1071 750 73 34 dien
1177 751 201 35 beroemden

406 807 76 24 man
518 798 170 48 geenszins
722 800 168 46 bijbreng,
928 810 55 24 om
1012 798 54 35 dat
1093 799 32 35 ik
1151 799 79 34 desge
1257 810 120 37 aange-

405 845 116 35 haalde
553 846 102 46 plaats
690 847 149 35 alles?ins
867 847 169 47 gegrond,
1071 858 41 24 en
1141 848 65 35 wèl
1239 851 137 33 berede-

403 895 103 35 neerd
533 906 96 35 agte;
656 897 75 34 veel
758 897 86 41 min,
869 907 56 23 om
953 907 104 36 gezag
1084 908 57 23 aan
1171 897 39 34 de
1236 898 67 34 leer
1323 898 55 35 die

402 944 35 35 ik
462 945 148 42 voorſta,
637 945 206 45 bijtecetten,
868 954 88 25 want
981 945 75 35 daar
1078 955 55 25 toe
1154 946 61 34 ken
1236 947 33 34 ik
1287 957 88 36 geen

401 993 214 45 menſchelijt
640 1004 105 37 gexag
766 1005 241 36 genoegęaam;
1036 1005 87 23 maar
1141 995 104 34 alleen
1266 1007 54 23 om
1342 1006 32 24 te

400 1051 147 33 toonen;
572 1042 62 34 dat
652 1044 35 33 ik
714 1043 40 34 de
779 1042 101 35 eerſte
907 1044 67 32 niet
1001 1043 83 38 ben,
1110 1043 52 33 die
1189 1054 103 24 eenen
1314 1045 59 34 be-

399 1090 198 36 ſcheidenen
621 1102 76 37 weg
723 1093 129 41 inſlaat,
886 1103 55 23 om
971 1091 39 33 de
1036 1086 222 57 gemoedsbes
1265 1104 104 23 varen

399 1150 98 37 tegen
533 1140 64 35 den
629 1141 218 45 Rinderdoop
884 1140 208 45 optelosſen;
1127 1152 42 23 en
1207 1142 59 34 dus
1300 1153 70 35 nog

398 1189 73 35 veel
501 1200 110 34 meer,
645 1189 55 36 dat
735 1190 56 35 het
819 1192 65 32 niet
912 1189 99 45 miſne
1039 1200 111 27 maar.
1185 1202 77 24 zeer
1291 1193 79 32 oude

397 1240 175 35 bezwaren
596 1240 88 45 zijn,
719 1240 52 34 die
801 1240 55 45 mij
883 1249 76 23 naar
987 1249 81 24 eene
1095 1239 168 47 oplosſing
1288 1240 81 35 heb-

395 1289 65 34 ben
488 1288 87 35 doen
608 1290 142 35 omzien.

443 1397 291 25 TERöELVDBE
768 1388 78 44 tijd,
889 1387 44 35 als
968 1387 81 36 deze
1084 1386 281 48 gerugtmakende

393 1435 123 47 dingen
548 1438 36 34 in
620 1437 41 33 de
690 1436 169 35 Provintie
893 1448 59 22 van
981 1435 144 38 Utrecht
1153 1437 224 46 gebeurden,

392 1495 42 24 en
461 1494 63 24 een
543 1492 88 39 punt
654 1496 67 24 van
749 1487 191 33 deliberatie
965 1497 129 30 waren,
1119 1487 33 32 in
1179 1495 101 26 meest
1299 1485 66 35 alle

392 1533 43 34 de
461 1533 158 45 Synoden
654 1545 61 23 van
748 1534 182 34 Neerlands
957 1534 110 42 Rerk,
1103 1534 54 34 dat
1192 1535 26 34 is
1246 1537 33 32 in
1306 1535 58 34 het

387 1581 76 47 Jaar
500 1592 103 37 1727.
639 1581 92 35 werd
768 1583 40 33 de
843 1581 91 36 Heer
969 1584 38 34 B.
1043 1594 180 31 EEeτσd
1176 1577 38 56 eJv,
1259 1584 31 33 in
1321 1585 42 33 de

392 1631 187 36 Gemeente
614 1642 61 23 van
701 1630 288 43 Monnikendam,
1023 1641 50 26 tot
1099 1631 176 35 Predikant
1302 1633 58 34 be-

390 1691 139 34 roepen.
586 1680 98 36 Deze
719 1691 92 31 man,
848 1681 95 34 mede
984 1680 226 48 ingewikkeld
1245 1682 34 33 in
1319 1681 42 34 de

390 1740 91 24 meer
517 1739 41 25 en
595 1740 91 25 meer
721 1730 252 35 doorbrekende
1006 1730 180 45 denkwijze
1211 1741 60 24 van
1298 1741 63 23 een

390 1778 171 48 inwendig
586 1778 313 42 Genadeverbond,
934 1789 68 25 met
1027 1779 61 34 den
1114 1779 156 34 aankleve
1297 1790 63 24 van

388 1827 98 42 dien,
511 1838 43 24 en
582 1828 78 43 het,
685 1838 49 24 ter
761 1828 193 47 vermijding
971 1839 61 23 van
1056 1830 40 32 de
1115 1827 245 36 Labadiſtiſche

387 1876 196 48 ſcheuring,
608 1877 75 35 daar
712 1878 94 33 mede
834 1877 231 46 nood?akelijk
1091 1878 143 45 gepaard
1261 1889 99 35 gaan-

387 1925 42 35 de
456 1926 172 44 behulpſel
657 1937 60 24 van
738 1926 57 35 het
814 1926 140 36 Cordcel
970 1928 61 33 der
1047 1925 136 48 Liefae,
1208 1928 149 34 bemeer-

387 1974 64 42 de,
485 1975 101 47 gelijk
619 1976 48 34 uit
695 1976 63 44 zijn
788 1976 142 44 boekjen
959 1976 115 44 blijkt,
1111 1975 158 47 genaamd
1300 1975 59 36 De

387 2023 191 45 Vauarheid
607 2026 171 48 veriolgd,
819 2036 42 24 en
896 2024 181 46 verdrukt,
1111 2035 73 25 enc.
1220 2024 43 36 bd.
1284 2035 73 73 53

1322 2082 32 25 VDat
