1497 2693
313 268 26 50 Vv
384 285 23 25 0
455 283 96 26 OR
575 268 192 50 RED
813 268 25 50 EB
888 268 37 50 HN.
971 272 12 20 /
1078 271 74 32 xXxr

176 365 95 35 lezen
294 377 38 22 en
356 364 200 36 overdenken
579 365 78 35 kan,
702 363 41 35 dk
767 369 84 28 weet
876 360 178 36 derhalwen
1082 360 68 34 niet

175 428 61 36 boe
259 428 33 35 ik
319 428 40 35 de
384 429 178 46 omkeering
587 438 70 23 wan
680 426 80 36 deze
779 423 212 46 Leerwijze,
1016 422 40 39 of
1074 420 76 35 ders

175 493 117 35 zelwer
323 491 218 46 werandering
576 491 35 33 in
635 500 72 23 eene
734 488 175 46 algemeene
933 485 218 46 aanbieding,

174 555 52 35 die
250 556 106 34 alleen
381 557 51 34 uit
457 567 55 22 een
535 552 203 47 menfthelijk
768 550 142 48 Syftema
936 551 28 33 is
995 555 153 39 voortgen

165 619 136 47 fproten
327 632 38 23 en
390 618 169 46 ontflaan,
584 624 66 27 met
670 617 105 47 grond
791 628 65 24 zou
880 614 127 35 kunnen
1033 610 116 36 verden

173 683 105 47 digen.
310 682 99 48 Dog,
429 681 99 48 gelijk
553 679 36 38 #k
615 681 115 44 zeide,
755 680 33 35 ik
815 678 126 36 oordeel
963 688 60 24 zoo
1047 677 105 34 alleen

170 756 83 27 woor
278 748 203 46 mijzelven,
505 745 125 35 zonder
654 742 133 36 iemand
806 749 32 27 te
863 739 212 37 beöordeelen.
1109 738 44 35 Ik

171 811 62 35 beb
256 811 51 35 dit
332 811 105 34 alleen
463 817 52 27 ter
541 807 204 48 opbeldering
771 817 70 23 van
864 805 50 35 dit
930 804 103 49 fruk,
1060 802 92 46 (door

172 874 62 35 den
269 873 67 36 Hr.
361 875 49 34 A.
442 884 50 23 om
524 871 61 35 dat
609 870 49 46 hij
682 869 98 46 mijne
807 869 64 34 leer
903 869 35 34 in
964 868 56 35 het
1039 866 116 49 geheel

147 929 96 42 “wiet
258 935 151 47 begrepen
426 935 88 44 had,
535 933 159 47 geopperd
701 932 34 45 „)
754 931 72 35 hier
843 943 96 23 maar
956 932 113 34 willen
1085 931 67 46 bij-

172 1009 143 35 woegen,
340 1007 36 35 op
400 998 60 33 dat
478 1008 74 22 men
568 998 67 31 niet
658 996 122 45 dagte,
801 994 60 33 dat
885 994 34 33 ik
944 995 127 43 eenigen
1080 992 77 46 flag

171 1071 50 24 om
245 1059 62 35 den
332 1070 74 24 arm
429 1057 124 36 houden
578 1057 113 36 wilde.
736 1055 59 46 Gij
817 1055 83 47 mijn
928 1055 134 44 Lezer,
1095 1065 63 31 zoo

172 1123 35 35 U
232 1123 39 34 de
295 1122 132 46 Bijbel,
451 1134 40 22 en
516 1121 39 35 de
582 1122 88 35 Leer
687 1120 58 35 der
768 1119 175 46 Apostelen
970 1118 104 33 boven
1101 1115 55 35 al«

168 1184 47 36 les
238 1184 155 35 dierbaar
418 1185 49 43 is,
493 1195 168 36 overweeg
685 1184 52 35 dit
756 1182 163 49 gezegde,
944 1180 55 36 het
1024 1191 65 24 zou
1117 1178 39 34 U

171 1251 35 33 in
241 1250 28 33 t
299 1247 187 48 werflandig
517 1249 95 36 lezen
645 1259 71 25 wan
740 1248 56 36 het
833 1247 120 38 N.T.
978 1255 70 24 van
1075 1241 76 37 veel

175 1312 107 36 dienst
304 1313 128 36 kunnen
456 1311 88 46 zijn.

222 1451 84 24 ueT
340 1440 92 46 beeft
465 1439 62 47 mij
550 1438 72 35 leed
639 1435 151 49 gedaan,
822 1433 61 36 dat
915 1434 34 34 ik
974 1434 42 35 al
1027 1433 129 49 fchrij-

173 1505 103 34 wende
299 1502 204 45 ondervond,
536 1501 61 33 dat
629 1499 99 45 mijne
754 1496 301 47 Werantwoording
1081 1506 74 24 eene

172 1580 62 23 zoo
261 1574 112 41 groote
405 1561 270 51 uitgeftrektheid
698 1553 115 56 kreeg,
847 1562 61 34 dat
939 1559 81 46 mijn
1053 1557 109 47 Brief

172 1643 57 23 een
247 1631 112 47 geheel
384 1627 162 38 Boekdeel
564 1625 174 48 geworden
765 1627 41 33 is.
832 1624 180 46 Sommigen
1040 1624 114 34 zullen

170 1693 150 48 mogelijk
352 1693 142 44 denken,
527 1690 61 36 dat
617 1690 33 34 ik
675 1689 55 54 dit
751 1687 40 44 of
812 1686 59 35 dat
896 1687 61 34 kon
983 1688 174 45 nagelaten

170 1755 145 43 hebben;
351 1768 39 23 en
417 1767 37 35 op
478 1756 51 34 dit
554 1752 34 41 of
614 1754 61 35 dat
700 1763 59 24 zoo
790 1750 176 46 omftandig
992 1752 68 31 niet
1085 1747 73 36 had

170 1819 160 37 behoeven
357 1826 33 29 te
414 1817 223 38 antwoorden.
674 1815 109 36 Maar
807 1813 86 36 daar
918 1814 28 33 ’t
971 1812 121 34 bekend
1105 1806 52 52 is,

170 1883 60 35 boe
253 1895 72 23 eene
344 1881 237 48 tegenwerping
605 1891 70 23 van
700 1870 138 63 weinige
851 1870 112 63 regels
988 1887 55 23 een
1059 1874 99 36 breed

170 1946 176 37 antwoord
374 1946 66 34 kan
471 1942 206 48 vereifchen,
719 1941 85 34 daar
837 1940 41 35 de
908 1939 69 35 Hr.
1012 1941 48 33 A.
1095 1940 65 45 zig

170 2008 118 65 minder
328 2007 90 48 heeft
450 2005 165 48 toegelegd.
641 2015 50 24 om
716 2004 98 47 mijne
841 2005 66 38 leer
930 2003 100 37 klaar
1054 2013 100 25 voor

638 2067 109 47 “+3
1106 2072 50 28 tee
