1573 2698
372 259 47 44 56
589 254 529 45 vuILADELNMVäS

382 357 101 27 eenen
519 348 240 37 redeneertrant
794 351 68 35 oob
906 362 141 25 omtrent
1083 353 57 35 het
1176 349 168 51 ſiguurlij

381 397 173 47 Huxeliſi
579 409 61 24 van
668 399 74 35 God
765 410 68 25 met
859 411 59 24 een
949 402 119 47 zondig
1096 401 84 37 Volt
1208 412 136 24 moeten

381 447 170 35 toeſtaan?
576 446 68 36 Het
668 458 80 24 eene
767 449 94 47 geval
883 450 116 45 ſchijnt
1019 452 54 44 mij
1101 451 167 34 volmaakt
1287 461 60 35 ge-

381 495 60 44 lijs
470 505 68 25 met
564 497 56 34 het
641 497 141 44 andere;
807 508 41 24 en
871 500 117 34 beiden
1009 499 40 34 de
1076 500 273 47 gevolgtrekin-

379 553 67 39 gen
474 554 70 26 met
571 546 57 35 het
658 547 130 45 gezond
811 548 147 35 verſtand
987 558 31 25 te
1045 548 139 46 ſtrijden.

430 604 81 24 Uer
545 596 157 47 oneindig
730 607 39 23 en
798 598 143 46 genadig
977 598 233 44 Opperwezen
1248 599 26 34 is
1300 609 46 24 en

379 640 106 47 blijft,
514 644 34 34 in
576 644 82 46 zijne
687 645 160 47 genadige
877 646 187 45 handelvijs
1089 657 69 24 met
1185 649 40 32 de
1257 659 91 23 men-

378 692 131 42 ſchen,
562 693 106 38 altoos
702 694 40 34 de
777 695 101 34 eerſte
920 705 42 25 en
1000 696 141 46 Céénigſte
1183 697 165 35 Oorzaa.

422 740 32 35 Is
479 741 103 44 God,
617 742 79 36 Cod
722 743 128 43 alleen,
887 744 60 35 die
966 744 46 35 dit
1044 745 159 35 Verbond
1236 746 110 46 geeft,

377 789 161 44 ſchenkt,
565 793 127 41 maalt,
720 803 139 38 opregt,
890 795 33 45 ja
952 793 154 47 gebiedt,
1132 805 42 23 en
1205 794 143 35 beveelt.

375 837 99 36 Maar
502 850 65 25 wat
603 841 90 35 heeft
721 851 81 37 tog,
838 843 41 33 de
916 843 268 46 zoogenaamde,
1202 842 149 36 Ivecde

374 887 124 45 Hartij
522 900 60 23 van
610 890 47 34 dit
685 890 158 34 Verbond
868 899 30 25 te
924 892 150 45 zeggen?
1101 901 31 24 te
1154 892 193 46 bedingen?

376 936 250 36 toeteſtemmen
662 938 43 35 of
733 938 180 36 afteſlaan?
957 940 138 34 Immers
1128 942 98 33 niets!
1264 941 25 34 ſt
1315 940 33 36 Is

377 994 107 33 waar,
510 987 40 44 zij
578 988 62 33 kan
670 987 48 34 dit
743 987 159 36 Verbond
932 989 96 36 Gods
1055 989 118 46 geheel
1207 1001 141 24 verwer-

375 1043 90 35 pen,
500 1035 101 46 gelijk
637 1035 41 35 de
712 1036 224 48 geſchiedenis
968 1038 102 40 leert,
1106 1037 53 35 dat
1186 1039 163 46 ſommige

376 1081 135 36 Volken
542 1084 123 47 gedaan
695 1085 148 43 hebben,
879 1086 52 34 die
964 1085 155 46 namelijb
1148 1086 57 34 het
1232 1086 116 35 Euan-

374 1131 127 46 gelium
527 1134 131 45 gehoor
680 1135 211 46 geweigord,
919 1135 43 34 of
978 1137 49 32 uit
1052 1135 112 34 hunne
1195 1135 154 46 Landpa-

371 1179 58 36 len
457 1182 178 35 veroͤreven
659 1183 151 42 hebben;
838 1194 86 24 maar
951 1184 47 34 dit
1024 1193 110 25 neemt
1159 1186 69 32 niet
1254 1195 94 36 weg,

374 1230 56 34 dat
459 1241 62 24 een
558 1231 109 43 Volb,
701 1231 23 35 t
759 1232 86 36 welb
873 1234 53 46 zig
964 1233 57 34 het
1047 1233 223 46 Euangelium
1306 1244 43 24 èn

375 1279 101 35 Gods
504 1281 161 46 genadige
700 1281 195 47 handelwijs
924 1282 74 35 laat
1034 1282 237 46 welgevallen,
1305 1293 43 23 en

375 1329 78 34 daar
479 1329 46 45 bij
557 1329 110 45 blijft,
692 1340 42 24 en
764 1330 79 39 dus,
872 1342 56 23 om
953 1343 65 23 zoo
1047 1340 32 25 te
1103 1331 160 45 ſpreken,
1290 1331 59 35 het

375 1377 164 38 Verbond
569 1389 67 23 met
656 1378 82 35 Cod
763 1389 157 37 aangaat,
947 1392 46 33 op
1016 1390 104 24 eenen
1149 1380 118 46 geheel
1296 1392 57 23 an-

375 1427 105 34 deren
508 1436 79 25 voet
615 1427 74 34 daar
716 1428 43 34 im
780 1428 115 41 komt,
931 1429 62 34 dan
1021 1440 46 34 op
1099 1430 130 35 weſten
1261 1441 92 24 men-

376 1476 121 41 ſchen,
532 1475 52 49 die
619 1476 40 33 de
687 1477 126 33 tweede
843 1477 99 46 Partij
976 1479 34 33 in
1048 1487 61 25 een
1136 1479 216 46 menſchelijb

376 1524 151 36 verbond
554 1524 86 45 zijn,
666 1524 74 34 daar
769 1526 32 32 in
830 1525 133 36 Romen.

427 1584 77 25 pie
532 1572 215 35 onderſcheid
774 1574 155 35 tusſchen
960 1585 60 24 een
1050 1577 230 46 menſchelijk,
1308 1587 44 26 en

376 1633 65 25 een
471 1621 226 47 zoogenaamd
731 1622 128 47 godlijk
892 1625 151 34 verbond
1079 1627 27 33 is
1146 1637 65 24 z00
1240 1626 108 42 Klaar,

376 1684 43 23 en
441 1672 29 34 al
501 1681 62 23 van
598 1671 84 34 ouds
708 1682 66 24 200
810 1672 158 46 duidelijs
998 1675 192 45 begrepen,
1225 1675 53 34 dat
1306 1675 41 34 de

376 1719 221 49 Scholaſtiben
617 1720 56 35 het
697 1720 128 47 godlijk
853 1722 148 35 verbond
1023 1723 130 35 ddarom
1181 1735 61 23 een
1272 1726 77 33 cen-

374 1771 106 45 Zijdig
498 1770 143 34 verbond
662 1770 177 35 noemden.
891 1771 94 35 Eene
1007 1773 64 33 wel
1096 1783 75 24 zeer
1194 1773 154 35 vreemd-

373 1817 157 37 luidende
557 1820 196 44 benaming,
782 1820 67 45 dog
875 1820 52 34 die
949 1821 166 45 kennelijk
1138 1823 47 33 uit
1209 1823 57 34 het
1285 1833 62 24 on-

374 1867 168 35 derſcheid
567 1878 60 24 van
657 1868 62 34 den
751 1878 67 24 aart
842 1879 40 24 en
913 1869 58 35 het
1000 1881 112 24 wezen
1141 1872 56 33 der
1225 1872 120 46 godlij-

373 1917 65 41 ke,
464 1926 41 24 en
528 1917 114 33 zuiver
669 1918 231 43 menſchelijke
934 1919 323 48 onderhandelingen
1285 1931 61 36 ge-

373 1966 132 44 ſproten
533 1967 49 40 is,
608 1976 66 30 en,
700 1977 40 23 na
761 1966 29 33 al
819 1968 55 33 het
902 1969 169 44 gezegde,
1096 1970 36 33 in
1158 1980 103 23 eenen
1283 1980 72 35 ge-

374 2015 128 38 zonden
529 2015 55 34 zin
614 2015 63 34 Ran
704 2015 140 36 verſtaan
873 2016 158 45 worden;
1059 2028 87 25 vant
1172 2019 55 34 het
1255 2019 91 81 —

1281 2067 40 45 lij

837 2134 8 14 1
