1566 2721
318 296 668 44 VERANTWOORDING
1090 290 49 38 27

175 395 187 53 gegronder
397 389 194 42 antwoord,
626 388 63 35 dan
729 385 59 36 dat
817 392 75 24 men
926 385 64 28 met
1024 375 38 35 de
1090 374 54 35 be-

178 458 135 28 zwaren
340 453 94 37 tegen
462 442 37 33 de
527 441 70 34 leer
622 440 60 33 der
704 432 155 50 publieke
877 427 91 37 Kerk
991 425 65 34 niet
1076 432 70 27 van

181 497 119 37 wooden
325 491 113 48 heeft!
464 489 55 36 Of
540 498 75 25 men
645 498 45 23 nu
715 484 104 34 dezen
850 478 63 45 vijf
935 475 154 39 Heeren,
1115 473 34 32 in

179 548 42 34 de
248 541 235 39 confideratien
511 538 56 34 der
592 535 132 36 Heeren
751 526 222 41 Utrechtfche
998 517 151 55 Deputa-

181 606 75 30 ten,
282 603 61 24 een
374 587 169 38 voldoend
569 582 175 39 antwoord
764 587 151 40 gegeven
945 574 131 40 hebbe,
1102 568 49 37 zal

183 645 32 35 ik
248 644 68 33 piet
345 637 247 40 beöordeelen,
621 635 74 34 daar
724 632 34 34 ik
783 630 80 34 deze
896 625 122 44 dingen
1045 621 109 34 alleen

183 688 284 53 gefchiedkundig
494 685 153 41 verhale,
673 693 57 24 om
759 690 32 24 te
821 679 86 33 doen
928 675 93 38 zien,
1046 669 109 36 welke

184 738 243 51 gemoedelijke
456 738 171 33 bezwaren
651 743 36 23 er
715 729 94 36 reeds
834 736 61 24 van
918 723 25 35 *t
970 721 100 46 begin
1100 718 58 34 de-

187 794 62 33 zer
269 790 129 35 Feuwe
427 786 38 34 af
487 796 77 31 aan,
597 792 81 27 over
712 780 40 34 de
786 775 179 44 bediening
995 770 55 34 des
1075 767 83 35 Kin-

188 841 188 43 derdoops,
412 837 52 34 uit
498 833 129 36 hoofde
650 841 63 25 van
745 829 40 33 de
810 824 216 48 ingeflopene
1052 817 109 35 Laba-

190 889 154 36 distifche
375 884 266 46 leerftellingen,
664 890 41 23 en
731 879 57 33 het
809 876 73 33 daar
908 874 48 33 uit
984 868 177 48 gefproten

191 924 213 62 misverftand.
414 930 206 51 aangaande
659 928 63 34 den
747 923 202 49 eigenlijken
981 921 53 33 zin
1063 925 101 26 onzer

189 985 250 39 formulieren
406 973 40 59 5’
455 983 104 43 plaats
583 977 106 49 gehad
711 987 41 23 en
774 981 122 40 gerugt
914 967 152 50 gemaakt
1084 966 83 33 heb»

193 1038 77 33 ben.
321 1032 82 35 Ook
426 1032 25 32 is
483 1031 56 32 het
560 1039 32 23 te
621 1026 152 39 denken,
801 1021 54 34 dat
879 1019 48 34 dit
955 1015 125 49 gefchil
1105 1023 64 24 van

194 1096 70 36 nog
294 1084 116 34 verder
435 1077 123 49 gevolg
582 1087 65 24 zou
673 1074 64 45 zijn
764 1078 168 40 geweest,
958 1076 57 24 om
1036 1063 54 34 dat
1115 1072 55 24 ee-

196 1146 41 23 ne
265 1130 180 50 gekwerfte
472 1126 202 36 confcientie
702 1124 53 45 zig
786 1121 68 33 niet
879 1116 65 36 wel
973 1115 85 34 door
1086 1110 86 36 mide

197 1183 98 36 delen
322 1190 61 24 van
413 1188 107 38 gezag
548 1177 61 33 kan
637 1174 87 34 laten
751 1177 111 40 gerust
891 1165 133 40 ftellen,
1058 1161 114 35 indien

198 1234 43 34 de
264 1232 113 35 Staten
407 1238 62 24 van
504 1225 145 36 Utrecht
678 1224 68 32 niet
776 1217 153 36 tusfchen
958 1212 119 37 beiden
1105 1221 69 24 war

199 1293 58 26 ren
287 1281 188 47 gekomen,
512 1276 85 34 door
626 1282 83 25 eene
741 1268 154 36 refolutie
933 1274 62 24 van
1025 1262 64 35 den
1117 1266 59 39 gen

202 1333 94 44 Sept.
328 1338 104 37 1729.
461 1336 87 24 waar
566 1324 45 45 bij
641 1322 41 35 de
711 1318 156 46 Synodus
891 1313 105 48 gelast
1016 1321 88 30 was,
1130 1307 49 45 bij

197 1377 140 52 provifie
361 1378 91 34 daar
476 1385 75 25 over
578 1373 67 35 niet
674 1370 124 36 verder
825 1375 33 26 te
889 1362 222 36 delibereren,
1138 1367 41 24 en

203 1432 62 35 dat
293 1427 56 37 ook
371 1437 83 36 geen
476 1421 167 51 fchriften
670 1417 125 36 zouden
824 1414 173 44 uitgeven,
1031 1406 43 48 of
1089 1407 90 34 daar

203 1490 76 25 over
299 1474 188 49 prediken,
513 1480 49 26 tot
591 1469 108 35 nader
727 1462 148 49 refolutie
902 1469 67 25 van
996 1457 69 35 hun
1095 1454 88 36 Edel

204 1526 197 48 Mogenden.
452 1519 165 37 Evenwel
651 1513 92 37 heeft
771 1513 57 34 het
857 1506 198 45 woordelijk
1084 1504 96 34 lezen

206 1577 60 34 der
287 1582 118 38 vragen
434 1570 45 44 bij
502 1570 63 33 den
592 1563 243 43 Kinderdoop
814 1551 30 59 ,
861 1558 126 40 federt,
1007 1555 47 34 de
1084 1564 98 24 over-

205 1623 90 39 hand
323 1620 199 41 behouden,
548 1618 217 45 uitgenomen
789 1612 33 32 in
853 1609 41 34 de
922 1603 168 39 Provintie
1120 1612 64 26 van

209 1673 220 46 Groningen,
474 1668 74 34 daar
587 1676 77 24 men
699 1663 55 46 zig
791 1668 69 26 met
899 1657 79 34 deze
1020 1663 163 39 gewoon-

210 1734 34 25 te
272 1723 69 34 niet
378 1718 92 36 heeft
499 1718 137 33 kunnen
672 1710 258 38 conformeren,
970 1706 50 34 uit
1055 1701 130 37 hoofde

209 1784 63 25 van
300 1771 119 35 zekere
447 1766 154 36 refolurie
623 1774 62 24 van
713 1762 69 33 hun
810 1758 66 36 Ed.
901 1755 103 47 Mog.
1030 1753 39 35 de
1092 1750 94 36 Hee-

210 1833 59 25 ren
295 1821 112 35 Staten
432 1827 61 24 van
519 1815 223 46 Groningen,
768 1805 181 51 ingevolge
970 1814 62 25 van
1051 1801 135 41 welke,

211 1882 78 24 naar
313 1869 26 34 *t
374 1876 129 38 zeggen
537 1875 62 24 van
636 1864 65 33 den
736 1858 99 36 Heer
864 1855 88 35 Zion
991 1852 128 48 Quint,
1145 1851 43 33 in

202 1921 76 46 zijn
308 1917 99 46 appèl
427 1926 59 23 aan
511 1914 40 34 de
571 1911 118 37 Clasfis
713 1919 62 25 van
798 1903 231 38 Amfterdam,
1057 1900 40 35 de
1111 1899 79 37 drie

213 1965 250 49 vraagflukken
484 1974 62 24 van
573 1963 59 33 het
650 1956 174 39 formulier
850 1953 56 36 des
934 1950 257 45 Kinderdoops;,

211 2021 41 35 in
282 2019 52 32 die
361 2013 142 50 ganfche
531 2011 170 36 Provintie
732 2008 69 33 niet
825 2012 123 38 mogen
975 2001 138 35 worden
1132 2008 61 38 ge-

217 2068 136 43 bruikt,
379 2064 43 37 of
442 2063 45 47 bij
517 2063 64 35 den
608 2059 108 47 Doop
748 2052 247 51 voorgelezen;
1030 2049 85 48 Dog
1143 2040 50 58 uit

1135 2096 60 36 het

185 1790 8 14 …
