1558 2719
307 285 674 43 VERANTWOORDING
1091 274 50 43 49

166 383 161 40 Verbond
352 382 34 34 ik
416 380 50 34 uit
496 377 40 34 de
563 373 46 37 H.
631 369 193 43 Schriften,
850 378 43 24 en
922 373 84 28 onze
1005 356 125 53 Kerke

165 433 219 39 formulieren
411 425 198 41 beweerde;
636 430 88 27 want
752 418 47 35 dic
823 418 65 34 heb
918 415 35 34 ik
973 423 64 24 zoo
1060 421 70 24 me-

164 481 164 52 nigmaal
310 477 30 60 ,
355 490 64 24 ZOO
443 477 109 39 klaar,
586 484 42 23 en
655 470 164 46 uitvoerig
843 465 147 48 gedaen,
1017 460 53 35 dat
1095 459 36 35 ik

164 545 56 25 ger
256 530 99 36 reden
392 527 120 35 fcheen
550 534 32 23 te
620 520 154 37 hebben,
819 526 57 24 om
906 523 33 25 te
973 518 157 32 vreezen,

163 584 56 35 dat
246 590 75 25 men
350 578 56 43 mij
434 586 64 24 van
534 580 141 28 onnutte
704 566 213 45 herhalingen
953 571 66 24 zou
1046 554 83 55 heb-

163 635 64 33 ben
263 624 228 46 befchuldigd.
549 621 82 36 Ook
660 627 87 26 weer
781 616 34 34 ik
855 614 89 38 niet,
979 609 55 34 dat
1068 616 62 25 een

163 679 170 45 Schrijver
358 673 143 47 verpligt
517 672 48 38 is,
593 677 154 26 wanneer
771 665 44 44 hij
845 672 31 25 te
905 657 221 41 meermalen,

160 741 44 24 en
225 725 115 38 vooral
361 735 49 25 ter
427 722 119 45 plaatfe
566 719 76 34 daar
666 717 57 34 het
749 714 165 39 behoort;
940 708 63 44 zijn
1024 706 105 35 denk-

163 777 99 38 beeld
281 786 42 24 en
342 772 175 48 eigenlijke
535 768 129 44 ftelling
686 760 184 50 aangaande
892 759 117 35 zekere
1030 754 100 40 zaak
1105 750 20 58 ,

163 827 166 44 uitvoerig
363 832 42 25 en
443 820 88 35 klaar
569 817 93 35 heeft
698 809 229 50 voorgefteld,
969 803 163 38 diezelfde

163 875 187 45 uitvoerige
384 868 219 44 befchrijving
638 864 127 35 telkens
799 859 170 37 wederom
1000 865 32 25 te
1058 854 77 34 here

163 926 117 38 halen,
306 933 66 24 zoo
398 917 141 45 dikwijls
564 915 45 45 hij
629 923 62 24 van
711 912 51 33 die
780 909 78 35 zaak
876 916 117 38 gewag
1011 899 123 54 maakt.

164 975 149 34 Daarom
339 970 65 33 heb
437 967 54 41 ik,
524 975 42 23 en
595 960 115 37 vooral
745 970 57 24 om
833 956 53 35 dar
913 956 41 33 de
979 963 68 24 aart
1074 946 56 51 der

164 1024 81 34 zake
271 1018 94 36 zulks
389 1015 212 40 medebragt,
637 1020 67 23 Zoo
728 1007 48 34 als
811 1007 35 32 ik
872 1001 170 37 aanftonds
1074 1001 60 32 be-

164 1071 118 45 wijzen
314 1065 71 43 zal,
421 1063 41 33 de
494 1058 138 47 vrijheid
659 1054 178 50 gebruikt,
872 1062 57 25 om
957 1060 62 24 van
1048 1044 91 52 Gods

167 1117 173 40 Verbond,
375 1125 46 23 nu
444 1121 43 24 en
516 1110 84 41 dan,
632 1106 106 35 onder
766 1104 41 34 de
832 1101 180 45 benaming
1036 1106 99 26 eener

163 1166 134 48 belofte,
331 1163 45 36 of
402 1172 64 25 van
493 1169 81 25 eene
610 1151 291 45 voorwaardelijke
933 1146 137 52 belofte,
1103 1155 34 24 te

164 1217 151 46 fpreken.
367 1212 38 35 Ik
434 1208 156 40 meende,
616 1214 49 26 ter
684 1202 125 49 goeder
834 1210 151 30 trouwe,
1010 1206 33 25 te
1062 1206 77 24 MO

167 1277 65 38 gen
262 1260 238 41 onderftellen,
527 1257 54 34 dat
606 1252 156 44 iemand,
788 1251 52 35 die
867 1249 171 35 bekwaam
1068 1254 68 25 was

163 1327 63 24 em
252 1315 99 43 mijne
376 1311 135 36 brieven
541 1315 69 26 met
637 1312 98 38 vrugt
764 1311 33 25 te
833 1299 116 39 lezen,
984 1294 71 37 ook
1078 1294 61 34 be-

167 1361 209 39 kwaamheid
401 1367 132 40 genoeg
560 1366 66 24 zou
651 1353 157 39 hebben,
833 1359 57 24 om
919 1347 58 33 het
1001 1354 64 23 een
1088 1342 52 34 uit

168 1415 59 34 het
257 1411 99 36 ander
379 1406 230 40 aantevullen,
635 1413 41 23 en
704 1402 74 44 zig,
804 1406 69 26 met
898 1395 42 34 de
964 1392 103 40 daad,
1078 1385 64 55 al-

168 1474 78 26 toos
284 1472 59 23 aan
377 1458 99 46 mijne
516 1451 168 46 volledige
719 1446 219 45 befchrijving
977 1451 32 25 te
1054 1435 89 55 hou-

169 1514 79 34 den.
303 1509 97 35 Deze
426 1505 94 46 wijze
547 1513 61 24 van
644 1501 94 32 lezen
765 1497 27 32 is
819 1493 86 36 zelfs
934 1491 65 35 den
1027 1488 115 37 Heere

169 1563 44 34 A,
239 1561 67 33 niet
328 1554 178 38 onbekend
530 1558 167 41 geweest,
725 1554 88 27 want
834 1543 47 34 als
907 1540 44 46 hij
970 1539 49 37 bl,
1041 1540 33 35 8.
1095 1548 46 24 en

197 1637 9 8 ‚
232 1609 46 35 dit
303 1601 218 41 onderfcheid
552 1601 117 43 mijner
699 1589 259 60 uitdrukkingen
963 1597 180 37 avoorge-

172 1658 80 37 fteld
281 1656 82 42 had,
390 1654 62 35 laat
477 1650 45 46 hij
553 1659 35 24 er
616 1648 43 34 ZÁ.
691 1656 56 23 To.
777 1654 46 33 op
852 1641 145 46 volgen:
1029 1636 114 43 „Een

172 1735 26 19 „
222 1704 184 41 Verbond,
440 1699 101 50 gelijk
567 1696 43 49 gij
641 1694 91 36 zelve
771 1703 45 34 op
843 1689 118 36 andere
995 1681 148 55 plaatfen

170 1783 28 20 ‚‚
226 1756 134 40 Erkent,
387 1751 99 49 grijpt
511 1747 67 36 dan
608 1754 85 27 eerst
716 1742 125 46 plaats,
867 1746 157 29 wanneer
1052 1744 92 26 twee

224 1805 137 46 partijen
390 1803 54 44 zig
468 1795 183 40 verbinden.
669 1803 49 25 tot
747 1793 57 33 het
840 1788 207 45 volbrengen
1080 1793 65 26 van

227 1856 58 33 het
309 1864 62 23 een
396 1851 45 36 of
466 1847 111 36 ander.
626 1844 41 35 Ik
694 1843 64 34 late
778 1837 189 37 dierhalven
991 1844 77 25 uwe
1089 1843 59 24 an-

177 1930 25 21 „
229 1904 75 34 dere
326 1899 266 43 befchrijvingen
621 1903 63 25 van
706 1890 83 36 Gods
807 1887 175 40 Verbond,
1006 1884 59 34 het
1083 1882 66 35 Ge-

178 1979 27 21 „»
229 1949 257 39 nadeverbond
464 1945 30 59 ,
518 1955 60 23 aan
612 1943 78 33 hare
728 1938 123 46 plaats,
888 1945 42 24 en
960 1942 98 26 neme
1093 1930 55 35 die

179 2028 27 21 „»
230 2011 82 31 aan,
346 1997 109 37 welke
488 1994 66 48 gij,
588 1990 103 37 onder
723 1987 163 35 anderen,
929 1983 45 36 bl,
999 1993 62 35 92.
1087 1991 65 34 op-

180 2078 27 20 „
231 2049 111 49 geeft:
369 2048 64 51 bij
461 2045 107 36 dezen
603 2039 112 38 zullen
750 2036 56 47 wij
841 2033 137 47 blijven.
1036 2029 51 46 Zij
1123 2030 31 33 is

187 2126 27 21 >
237 2098 116 49 juist.”
676 2088 36 38 D
1038 2085 119 29 TOEN

173 1832 27 21 33

175 1880 27 22 39
