1509 2692
385 248 12 48 yv
445 248 24 48 O0
521 248 24 48 O0
589 257 100 26 RR
741 248 12 48 RE
810 255 23 26 D
881 248 42 48 E.‚
941 248 54 48 Ne

948 295 5 25 \

199 345 161 37 Daarom
389 341 61 36 heb
480 338 34 36 ik
540 339 37 34 in
603 337 105 46 mijne
732 336 154 36 Brieven
910 332 105 46 mijne
1046 330 125 48 gedag

199 417 56 27 ten
284 405 218 47 vrijmoedig,
535 412 42 24 en
608 412 57 25 zoo
698 401 107 35 klaar
831 397 63 46 mij
928 395 84 47 (die
1047 395 123 34 anders

197 473 38 34 in
263 471 54 34 het
341 467 171 50 fchrijven
546 477 75 25 voor
649 464 28 35 "t
709 461 139 38 Publiek
876 472 81 26 zeer
985 468 185 26 onervaren

193 535 89 52 ben)
309 531 151 49 mogelijk
492 542 111 31 was,
626 526 220 50 voorgefleld,
890 524 112 35 alleen
1032 529 39 40 op
1106 521 64 37 dat

191 608 78 24 men
289 597 62 45 mij
374 594 181 49 verflaan,
580 604 41 24 en
646 598 110 30 voorts
780 600 58 24 een
859 586 139 50 iegelijk.
1016 598 75 24 voor
1108 585 60 47 zig

193 660 168 36 oordeelen
395 660 122 40 zoude,
552 655 41 49 of
610 656 53 46 hij
689 656 39 35 de
757 655 77 35 door
866 651 67 45 mij.
948 648 219 49 voorgeflelde

192 724 216 47 denkbeelden
436 722 153 48 gegrond
624 733 42 24 en
698 709 223 52 aannemelijk
955 715 104 41 vand,
1095 714 72 40 dan

194 788 79 34 niet.
325 785 73 36 Heb
423 787 35 36 ik
484 787 76 35 hier
586 797 41 23 en
655 784 114 38 daar,
805 781 38 35 in
869 780 106 46 mijne
1002 778 167 42 Brieven,

193 862 78 24 eene
297 851 172 47 oproeping
494 861 69 24 van
593 848 138 46 bewijs;
762 842 125 38 voort
913 854 82 38 geen
1025 841 35 37 ik
1097 848 74 28 ont-

194 915 122 45 kende,
351 914 80 35 doen
467 914 195 43 invloeijen,
698 912 51 32 dit
779 910 28 35 is
841 909 71 34 niet
942 902 153 51 gefchied
1118 914 55 23 om

193 987 36 32 te
254 986 136 37 tergen,
415 987 107 23 maar
549 987 50 22 om
628 976 64 32 dat
719 972 34 35 ik
784 971 72 35 niet
881 976 101 34 weet,
1009 967 59 35 hoe
1093 977 79 25 eene

194 1040 216 45 Ontkenning
436 1037 159 45 aaders.
611 1036 69 35 kan
716 1033 155 36 bewezen.
901 1031 155 40 worden,
1100 1029 71 40 dan

191 1104 76 35 door
297 1111 32 27 te
358 1112 144 37 zeggen,
528 1098 27 35 t
579 1108 84 37 geen
699 1106 75 24 mien
805 1102 103 35 weet,
934 1106 41 23 en
1001 1101 110 28 vooris
1139 1101 35 26 te

190 1166 199 41 verzoeken,
416 1176 57 24 zoo
500 1161 139 36 iemand
650 1161 74 38 iets
753 1170 108 30 meer,
888 1159 41 46 of
935 1158 81 37 icts
1045 1156 125 36 anders

191 1238 100 33 wete,
313 1230 77 42 dat
417 1228 54 46 hij
500 1227 55 35 het
593 1236 112 37 zegge.
759 1215 270 55 Ondertusfchen
1058 1221 28 36 is
1114 1219 57 35 het

191 1305 64 28 zoo
276 1283 228 58 uitgevallen,
527 1292 66 46 dat
625 1300 61 37 nog
719 1299 84 36 geen
838 1288 60 34 één
926 1284 99 49 fluk,
1051 1293 67 25 van
1145 1282 28 35 ’t

190 1370 81 36 gene
305 1358 40 43 ik
380 1366 37 38 op
445 1356 54 35 die
524 1353 103 46 wijze
655 1352 147 36 ontkend
819 1350 94 43 heb,
957 1348 29 34 is
1023 1348 150 34 bewezen

187 1424 247 47 geworden.
389 1420 47 55 …
644 1443 9 6 .
1090 1430 64 18 REN

239 1498 79 23 nen
346 1486 34 35 ik
405 1486 63 45 mij
491 1489 97 39 egter
613 1479 39 34 în
678 1478 52 34 die
754 1476 163 42 Brieven,
946 1488 59 24 nu
1019 1475 43 50 of
1078 1478 89 42 dan,

189 1558 71 27 wat
301 1548 150 46 levendig
490 1545 42 47 of.
565 1552 40 34 te.
628 1540 107 50 flerk_
760 1540 230 46 uitgedrukt?
1024 1540 36 37 *t
1085 1542 83 36 Kan

189 1614 95 46 zijn,
311 1613 63 35 dat
403 1612 39 40 de
468 1611 151 46 begeerte
639 1617 60 33 om
711 1616 81 26 eene.
813 1604 211 47 belangrijke
1050 1616 117 25 waar-

188 1677 79 36 heid
292 1684 32 27 te
351 1676 77 38 doen
459 1671 194 51 opmerken,
679 1668 106 45 mijne
809 1668 72 35 Pen
891 1676 47 43 te
953 1680 69 32 ver
1048 1670 121 46 gedres

188 1753 63 26 wen
275 1738 110 49 heeftz
409 1750 41 24 en
478 1739 29 35 is
527 1735 69 41 het.
620 1746 55 26 zoo
699 1732 38 36 in
766 1742 54 26 uw
849 1722 88 58 oog?
955 1731 66 37 Zoo
1049 1732 59 35 wil
1135 1731 35 36 ik

190 1803 55 50 het
258 1801 79 67 nipt
371 1797 228 59 goedkeuren,
627 1798 70 36 niet
720 1796 227 48 verdedigen,
964 1808 107 24 maar
1097 1808 88 34 vere,

189 1871 146 35 beteren.
384 1866 116 37 Maar
535 1867 80 38 laat
633 1862 85 44 dit,
743 1860 59 36 bid
833 1860 35 35 ik
904 1861 54 41 U,
975 1867 91 40 geen
1101 1870 72 26 oor-

192 1932 92 38 zaak
315 1931 95 46 zijn,
436 1932 63 33 dat
518 1928 138 42 iemand
682 1925 145 44 daarom
857 1923 92 46 zijne
973 1934 97 37 oogen
1098 1934 76 24 voor

192 1996 54 35 die
273 1993 179 36 waarheid
480 1992 139 47 fluiten-
643 1990 115 41 zoude.
816 1987 174 49 Befchouw
1025 1987 63 46 mij
1116 1994 59 39 tog

193 2059 73 35 niet
294 2058 52 35 als
370 2068 61 24 een
458 2056 150 45 Pleiter,
645 2055 54 34 die
735 2053 58 50 zig
820 2064 104 26 maar
962 2053 136 48 toelegt,
1122 2061 56 24 om

648 2116 19 22 *
1137 2112 42 37 de

1111 249 61 27 Vit
