1572 2694
402 283 123 30 XXXII
595 282 24 27 V
668 277 23 45 O0
740 283 23 25 O
813 282 98 26 RR
960 283 26 25 E
1036 282 24 27 D
1111 284 25 25 E
1186 281 40 29 N.

465 373 303 30 AANGAANDE
805 363 57 35 Zet
900 362 139 47 beerip,
1083 363 116 36 datwe
1234 373 72 27 van
1341 364 43 38 de

404 436 306 36 CHRISTELIJKE
740 437 116 25 KERK
885 434 32 27 #e
943 426 123 36 maken
1084 427 145 43 hebben,
1241 422 121 58 fpreckt

406 494 40 36 de
473 489 68 38 Hr.
568 490 47 36 Á.
642 490 38 36 in
710 490 113 46 zijnen
858 500 87 25 EEN
971 501 53 24 EN
1049 500 330 28 TWINTIGSTEN

406 567 158 32 BRIEF;
598 563 111 27 WAar
735 560 97 41 tegen
860 552 34 36 ik
922 556 282 44 verantwoorde,
1239 555 29 37 °t
1294 567 84 37 geen

406 621 35 36 ik
469 621 174 46 deswegen
671 616 197 49 bijgebragt
895 618 72 36 heb.

455 692 81 27 UIT
579 682 63 35 den
679 689 337 34 KATECHISMUS,
1042 685 71 32 vr.
1151 693 49 37 74
1236 694 43 24 en
1319 684 60 36 83,

404 748 46 37 bl.
481 746 82 48 306.

453 822 78 25 UIT
559 817 335 34 DENZELFDEN,
921 821 56 24 U.
1006 819 59 36 54.
1092 809 45 35 bl.
1167 819 81 38 307.

453 885 81 26 uit
576 874 40 35 de
646 870 282 49 Nederlandfche
968 884 413 36 GELOOFSBELIJDE:

403 950 84 26 Nis.
512 937 48 36 ble
589 947 83 38 317

455 1073 248 37 EINDELIJK
744 1065 115 34 wrdt
897 1062 210 50 opgemerkt,
1143 1067 63 34 dat
1244 1066 40 34 de
1316 1064 67 38 Hr.

406 1129 46 38 A.
480 1129 90 45 zijne
599 1126 228 49 boofdftelling
856 1128 71 34 niet
954 1139 73 23 eens
1052 1130 145 45 gepoogd
1221 1122 89 58 heeft
1320 1122 67 58 uit

405 1193 40 36 de
464 1192 235 37 Formulieren
723 1200 103 25 onzer
845 1188 111 37 Kerke
981 1199 31 27 te
1032 1190 174 46 bewijzen.
1233 1193 46 34 bl.
1308 1205 70 35 325

454 1265 87 26 VAN
572 1256 39 34 de
637 1264 106 26 DRIE
771 1264 203 25 LAATSTE
999 1265 195 25 BRIEVEN
1220 1269 71 23 94
1316 1260 65 33 den

395 1306 81 49 ‘Hr.
509 1319 49 34 A.
594 1319 116 34 wordt
737 1318 104 48 flegts
870 1326 67 27 met
965 1319 144 47 weinige
1138 1323 159 34 woorden
1324 1334 58 38 ge-

396 1380 159 50 fproken.
581 1380 46 36 bl.
656 1382 217 45 326
740 1376 20 58 —
778 1382 95 45 328,

454 1516 110 27 HIER
593 1508 134 35 meende
755 1507 35 36 ik
820 1509 78 35 deze
925 1509 191 38 Voorreden
1143 1519 33 27 te
1205 1512 180 51 eindigen,

405 1570 66 49 dog
500 1570 38 35 in
567 1570 55 36 bet
633 1570 184 55 opmaken
843 1581 72 25 van
942 1575 79 35 deze
1040 1570 112 51 fchêis
1181 1577 98 47 bezig
1296 1579 91 44 zijn-

405 1635 61 42 de,
489 1632 147 50 ontfang
654 1633 33 37 ik
706 1634 56 35 bet
781 1634 151 46 boekgen,
957 1639 181 46 genoemd:
1164 1638 68 35 Het
1250 1638 140 38 Avonds

407 1696 87 37 maal
521 1707 61 25 van
604 1696 94 47 Jefus
725 1707 43 25 en
797 1696 143 38 deszelfs
961 1703 223 47 waarneming
1202 1710 91 25 meer
1313 1712 77 24 een-

407 1759 129 49 voudig
561 1761 167 48 gemaakt.
779 1761 41 37 Jk
850 1763 61 36 heb
939 1763 148 37 hetzelve
1116 1773 67 27 met
1209 1775 57 24 een
1296 1774 93 26 meer

407 1825 74 37 dan
517 1836 136 37 gemeen
688 1835 166 38 gemoegen
888 1828 157 46 gelezen,
1081 1840 41 24 en
1160 1837 62 38 zee
1253 1839 39 24 er
1324 1829 64 34 den

409 1888 175 49 kundigen
609 1887 175 47 Schrijver
803 1890 130 46 mijnen
952 1891 208 47 hartelijken
1179 1891 91 37 dank
1289 1903 98 31 voor,

409 1950 233 50 wenfchende,
677 1951 63 37 dat
767 1951 152 39 betzelwe
946 1955 75 36 veel
1039 1956 136 49 gelezen
1200 1969 40 24 en
1264 1955 126 49 ernftis

407 2016 168 49 overdagt
599 2015 63 38 zal
680 2016 152 36 worden.

1257 2093 136 28 DAAR
