1608 2700
417 267 55 37 ao
640 275 525 38 PHILADELENRGU
1131 269 26 50 Ss

476 359 160 43 INDIEN
664 359 41 35 de
733 360 60 37 Hr,
824 362 42 36 A,
893 363 46 35 dit
957 364 86 36 boek
1063 366 134 46 gelezen
1220 367 115 45 heeft;
1361 368 45 37 óf

429 416 70 36 nog
526 406 116 46 gelieft
670 418 31 24 te
727 410 115 42 lezen,
869 412 48 34 zal
949 411 43 48 hij
1016 414 62 35 wel
1106 427 128 32 weten,
1261 418 54 34 dat
1343 419 57 35 het

427 455 72 34 niet
529 456 100 44 mijne
661 458 231 49 zwarioheden
913 462 86 45 zijn,
1026 464 52 33 die
1099 466 53 45 mij
1175 466 56 34 het
1251 467 148 35 bewüste

429 502 229 37 Labadistisch
681 507 171 36 leerftelfel
874 510 85 35 doen
983 512 38 34 af
1027 513 144 43 keuten,
1198 520 41 30 en
1262 527 62 23 een
1343 522 56 29 âr-

425 552 60 33 der
515 563 201 33 aannemen;
744 568 87 24 maar
859 559 52 34 dat
937 560 55 34 het
1016 562 63 45 zijn
1107 563 40 34 de
1168 561 231 54 zwarigheden

427 611 61 24 van
507 601 40 34 de
569 614 182 37 opregten,
772 607 51 34 die
843 609 32 32 in
897 608 23 34 *t
943 611 94 46 begin
1057 612 97 34 dezer
1171 612 128 37 Eetiwe
1320 615 79 34 leef-

424 649 90 42 den,
541 661 40 24 en
607 653 62 33 den
699 664 93 26 naam
824 656 147 38 hadden,
999 671 61 23 van
1091 661 84 35 door
1204 664 196 35 vroomheid

425 708 40 24 en
497 704 288 44 naauwgezetheid
811 707 31 33 in
871 703 40 37 de
938 708 180 48 bediening
1138 712 233 36 uittemunten.

473 759 78 24 DIT
585 751 109 43 boek,
730 753 54 34 dat
817 761 103 38 1790.
958 757 45 46 bij
1032 758 148 37 Thomas
1207 761 130 45 Appels
1365 771 33 25 te

422 796 147 36 Utrecht
595 801 32 32 in
660 801 51 35 80.
738 803 142 46 gedrukt
897 806 47 39 is,
971 808 26 32 is
1017 813 65 30 Zoo
1101 809 67 34 veel
1191 811 58 45 mij
1265 810 132 35 bekerid

420 847 50 39 is,
492 846 56 35 het
569 849 101 34 eerfte
684 852 183 35 voorbeeld
886 864 98 24 eener
993 857 190 43 openbare,
1207 860 188 35 onbewim-

419 894 98 45 pelde
548 898 187 48 verklaring
755 908 59 26 van
838 902 31 33 in
891 911 84 26 onze
999 904 89 36 Kerk
1108 907 164 44 blijvende
1293 909 105 34 Leer-

419 953 99 32 aren,
538 945 111 47 (want
669 948 40 33 de
728 947 220 47 Labadisten,
962 953 150 35 dezelfde
1132 956 162 46 beginfels
1314 959 86 33 heb-

419 992 129 42 bende,
576 1001 87 28 maar
680 1007 38 23 ze
737 999 31 32 in
788 999 42 33 de
852 1001 140 45 praktijk
1014 1004 66 33 ook
1102 1004 155 35 willende
1277 1006 121 44 opvol:

418 1051 89 37 gen,
534 1042 127 35 hadden
683 1056 56 24 om
760 1047 53 34 die
831 1049 98 34 reden
944 1076 8 13 ,
970 1047 83 37 onze
1068 1051 90 36 Ketk
1180 1053 93 35 reeds
1291 1055 104 34 verla-

417 1089 80 45 ten)
516 1091 53 34 dat
588 1092 40 34 de
649 1093 69 35 leet
732 1101 59 28 van
817 1097 39 33 de
868 1097 243 37 Neerlandfche
1129 1097 263 55 gereformeerde

415 1137 115 43 Kerk,
556 1147 40 27 en
623 1141 167 36 derzelver
817 1147 139 43 praktijk
988 1147 57 35 des
1070 1149 214 45 algemeeren
1310 1153 82 34 Kin-

417 1186 170 47 derdoops
615 1191 33 34 in
670 1191 77 35 zalk
767 1203 81 24 eene
877 1196 176 35 volftrekte
1083 1199 195 47 frijdigheid
1306 1202 88 35 fton-

417 1236 90 42 den,
536 1239 56 33 dat
609 1240 40 45 zij
668 1240 210 49 onmogelijk
898 1250 67 29 met
987 1246 154 36 elkander
1160 1249 130 35 konden
1302 1262 92 24 wor-

415 1284 63 36 den
508 1288 292 49 overeengebragt.
846 1293 79 34 Ook
951 1294 94 36 heeft
1068 1298 72 46 zig,
1167 1309 64 24 zoo
1255 1300 72 34 veel
1345 1309 51 26 tot

415 1335 103 45 mijne
545 1336 116 36 kennis
688 1337 167 48 gekomen
875 1343 47 41 is,
948 1344 152 35 niemand
1120 1348 189 45 opgedaan,
1336 1349 58 34 die

414 1382 82 35 deze
523 1384 202 49 flrijdigheid
752 1388 92 36 heeft
864 1392 178 46 opgelost,
1067 1395 102 46 gelijk
1196 1397 94 34 zulks
1321 1398 72 36 ook

413 1433 70 33 niet
503 1433 196 43 gefchieden
718 1437 108 35 konde
840 1439 85 36 door
942 1443 148 42 iemand,
1112 1444 51 34 die
1183 1446 40 33 de
1245 1446 67 35 leer
1329 1456 62 26 ons

413 1490 57 25 zer
495 1481 111 36 Kerke
635 1496 47 33 op
715 1485 193 37 denzelfden
938 1487 78 38 voet
1040 1493 210 43 verklaarde,
1277 1496 45 34 als
1348 1497 42 33 de

414 1529 135 36 Heeren
576 1532 120 46 Meijer
723 1539 41 29 en
785 1535 214 38 Kelderman.
1036 1541 50 44 Bij
1105 1542 30 34 al
1158 1543 65 34 wat
1245 1544 148 36 dierbaar

415 1589 88 33 was,
524 1581 112 44 riepen
649 1581 80 35 deze
748 1593 138 26 marmnen
906 1588 147 46 openlijk
1073 1599 55 26 om
1141 1589 247 52 Hervorming,

413 1636 42 26 en
477 1630 147 34 toonden
644 1638 66 28 met
732 1632 94 47 kragt
843 1645 61 24 van
925 1636 99 35 reden
1045 1649 79 32 aan,
1147 1640 54 35 dat
1224 1642 39 34 de
1285 1653 106 34 open-

410 1678 79 34 bare
516 1679 141 46 pfaktijk
694 1681 57 34 der
777 1682 111 36 Kerke
925 1694 67 26 mer
1030 1687 77 35 hare
1144 1687 248 55 aangenomene

412 1727 216 48 grondregels
656 1729 171 37 behoorde
854 1736 286 49 overeerigebragt
1170 1749 32 25 te
1226 1741 157 41 worden;

411 1786 108 31 maar,
544 1778 125 35 zonder
695 1780 110 34 hunne
825 1784 215 47 grondregels
1070 1796 32 25 te
1129 1789 194 41 betwisten,
1350 1789 44 36 of

409 1824 167 37 derzelver
603 1827 200 48 ftrijdigheid
835 1842 68 24 met
937 1833 41 34 de
1012 1834 196 49 algemeerie
1243 1839 142 46 praktijk

409 1884 79 37 weg
516 1884 32 25 te
567 1886 139 33 nemen,
736 1878 89 36 heeft
848 1891 78 24 men
945 1893 46 35 op
1010 1883 62 35 den
1091 1887 110 34 ouden
1221 1888 164 46 algemee-

409 1932 65 25 nen
503 1934 78 25 voet
602 1926 124 45 blijven
747 1938 200 38 voortgaan,
974 1943 65 24 zoo
1060 1934 52 34 dar
1131 1936 41 34 de
1192 1936 191 36 bezwaarde

408 1970 159 38 Leeraars
593 1985 38 24 en
653 1975 204 37 Ledematen
877 1990 150 26 moesten
1047 1984 92 44 zien,
1166 1986 66 36 hoe
1259 1986 41 46 zij
1326 1985 59 35 het

404 2030 70 27 met
497 2022 112 36 hunne
637 2025 221 38 confcientien
884 2028 134 39 ftelden.

1300 2083 83 38 ALS
