1510 2692
364 268 27 52 Vv
429 268 27 52 O0
506 285 24 25 O
579 285 24 25 R
651 285 94 25 RE
794 287 24 23 D
868 286 21 24 E
937 287 40 24 Ne
1112 282 46 31 ix

189 362 57 36 len
284 371 99 26 onzer
418 361 242 50 Godgeleerden
696 375 59 25 een
793 364 100 35 ander
927 364 73 36 deel
1034 377 70 26 van
1130 366 29 37 ’z

190 423 188 49 Leerftelfel
403 426 98 37 dezer
534 426 107 47 zelfde
663 436 115 41 groote
810 428 160 36 Mannen
1002 441 63 36 nog
1089 432 73 35 veel

193 487 165 49 ernfliger
383 488 252 50 tegenfpreken,
668 504 41 24 en
736 492 73 47 vrij
834 492 141 47 openliik
1002 503 77 24 voor
1104 505 59 23 on-

192 553 199 47 restzinnig
424 554 157 35 houden?
621 554 87 37 [ier
743 567 68 24 van
846 563 143 40 nogtans
1027 555 60 36 heb
1124 556 38 36 ik

189 615 81 47 mij,
307 616 37 35 in
375 614 27 36 't
428 616 78 48 fluk
539 618 62 36 dat
638 619 36 36 ik
710 618 200 37 behandelen
946 626 117 34 moest,
1099 618 65 35 wel

188 690 77 25 zeer
284 680 197 48 zorgvuldig
499 690 158 40 gewagts
673 679 119 49 fchoon
816 683 41 34 de
879 682 165 36 beroemde
1063 680 96 37 Prof.

187 742 19 36 à
234 755 123 24 MARK
381 745 63 34 den
476 744 93 36 Prof.
596 755 221 26 viTRINGA
852 745 38 35 in
924 745 40 35 de
989 744 70 36 leer
1087 754 71 26 van

189 808 63 35 den
290 798 235 56 Kinderdoop,
572 818 168 38 nagenoeg
755 833 11 18 ,
812 819 76 25 voor
919 811 242 48 onregtzinnig

188 869 108 44 hield,
324 870 156 36 alhoewel
503 879 94 40 egter
616 872 51 35 die
688 871 70 35 leer
783 871 37 35 in
845 872 63 35 den
928 875 112 46 grond
1060 886 103 36 geene

187 935 128 36 andere
339 946 92 29 was,
455 936 69 34 dan
552 936 53 34 die
629 936 254 47 tegenwoordig,
912 935 83 46 (zoo
1023 936 139 37 kunnen

185 997 39 32 de
248 995 118 45 Tijden
393 1006 42 24 en
463 997 39 32 de
521 995 184 47 Menfchen
729 999 268 46 veranderen!)
1020 1001 79 34 door
1122 1002 41 35 de

182 1055 200 49 Leerlingen
400 1057 44 49 of
453 1058 192 50 Navolgers
672 1060 59 35 der
752 1058 201 51 Leerlingen
977 1073 69 25 van
1064 1062 94 38 Prof.

182 1120 19 34 à
225 1131 144 32 MARK,
403 1123 52 36 als
492 1123 40 35 de
560 1123 114 49 éénige
700 1123 215 51 regtzinnige
947 1126 71 37 leer
1052 1129 108 36 wordt

183 1185 230 48 voorgeflaan.
463 1187 85 36 Men
573 1188 70 36 kan
670 1186 56 36 het
750 1188 110 47 bewijs
879 1190 90 36 daar
987 1202 70 25 van
1085 1192 75 35 vin-

182 1248 65 34 den
274 1248 38 41 in
347 1248 123 36 Exerc.
498 1249 61 36 VI.
587 1261 70 25 van
685 1249 126 38 Marks
844 1252 95 38 Fasc.
971 1255 88 36 Disf.
1084 1256 76 35 wele

178 1311 40 35 ke
245 1312 51 34 die
324 1313 172 36 beroemde
520 1314 90 35 Man
633 1312 197 50 gefchreven
851 1317 90 47 heeft
970 1326 54 27 ter
1044 1320 114 34 verden

179 1375 120 48 diging
324 1388 69 24 van
418 1378 40 35 de
485 1388 151 36 gewoone
670 1378 158 45 bewijzen
861 1391 79 24 voor
976 1379 63 34 den
1070 1379 87 36 Kine

177 1439 159 47 derdoop,
371 1448 99 39 tegen
497 1440 95 47 Prof.
619 1440 171 55 Vitringa;
825 1453 43 24 en
897 1452 101 26 waar
1030 1444 38 35 in
1103 1440 63 50 hij

177 1501 160 45 duidelijk
368 1514 125 37 genoeg
522 1513 33 25 te
585 1504 130 35 kennen
747 1502 111 49 geeft,
894 1506 66 37 dat
991 1505 54 47 hij
1075 1508 80 35 dien

177 1563 96 36 Heer
298 1565 145 48 verdagt
475 1564 108 44 hield,
617 1566 39 35 de
681 1566 86 36 beste
794 1567 161 46 bewijzen
988 1582 78 24 voor
1088 1573 67 34 den

176 1624 214 51 Kinderdoop
412 1637 32 27 te
467 1637 213 40 verwerpen,
707 1632 54 34 uit
788 1634 146 36 weerzin
960 1642 96 40 tegen
1087 1635 65 35 den

175 1685 213 55 Kinderdoop
410 1694 135 42 zelven;
571 1703 95 26 want
689 1705 48 25 na
758 1695 96 35 daar
879 1704 51 27 toe
955 1709 77 24 eene
1058 1699 96 48 alge.

171 1766 113 26 meene
310 1757 228 49 aanmerking
560 1759 165 48 gemaakt
753 1767 34 28 te
810 1759 143 45 hebben,
984 1770 91 40 gaat
1101 1763 54 48 hij

177 1819 33 47 $.
236 1819 48 36 ZL.
310 1821 97 35 aldus
430 1830 116 28 voort:

224 1905 26 19 »
276 1892 272 29 GENERALEM
574 1885 104 47 Zhefin
697 1888 210 47 applicamus
933 1888 52 35 ad
998 1885 155 51 fingula-

175 1938 26 50 »
226 1956 75 25 rem
337 1945 206 48 Hypothefin
578 1949 41 33 de
657 1950 258 47 Pedobaptismi
951 1952 201 46 ergumentis

173 2031 25 20 »
224 1996 265 56 Communibus,
534 2023 76 36 gua
635 2012 66 48 fibi
737 2022 204 40 magnopere
979 2014 174 48 displicere

169 2095 26 26 »
220 2070 141 52 oftendit
394 2084 84 29 ante
503 2085 107 28 annos
631 2074 80 50 fere
739 2077 240 49 quadraginta
1005 2078 61 37 Vir
1093 2077 56 37 CL

482 2131 3 4 |
630 2136 68 51 ‘5
1059 2140 95 52 „GC,
