1541 2687
349 266 430 292 VIII

517 261 1140 297 VOORREDEN.

352 346 390 381 de
417 347 510 382 zaak
537 348 588 381 die
616 347 670 394 hij
695 351 886 397 verdedigt,
919 359 956 397 op
985 351 1022 385 de
1050 351 1118 385 best
1154 350 1318 396 mogelijke

354 409 450 454 wijze
486 418 518 444 te
554 412 704 453 winnen,
748 423 840 449 want
878 414 912 449 ik
951 414 1028 449 zoek
1062 415 1144 448 niets
1181 411 1251 447 dan
1285 412 1323 447 de

354 472 549 512 Waarheid
572 482 603 508 te
632 476 778 513 kennen,
808 489 849 511 en
877 478 1000 512 bekend
1023 486 1054 511 te
1083 479 1163 512 doen
1190 479 1321 512 worden

354 546 427 571 aan
452 549 511 571 een
531 538 641 578 ieder,
668 539 721 572 die
748 540 837 574 daar
864 543 985 588 belang
1013 543 1048 576 in
1068 541 1155 588 elt.
1205 542 1324 576 Ander

352 598 474 645 belang
502 611 593 635 neem
622 600 657 635 ik
685 601 720 636 in
749 603 827 638 deze
864 604 991 650 geheele
1026 605 1119 640 zaak
1153 605 1230 640 niet.
1283 604 1324 640 Ik

351 662 428 696 wist
456 662 536 709 zelfs
565 665 656 705 niet,
682 666 744 700 dat
771 667 873 711 mijne
904 668 1048 703 Brieven
1076 681 1130 705 zoo
1168 671 1234 705 vele
1261 669 1323 704 Le

352 737 428 761 zers
452 738 493 761 en
531 726 745 777 Lievelingen
776 732 922 771 vonden,
958 732 1039 766 noch
1077 733 1139 769 dat
1175 734 1226 779 zij
1262 735 1324 768 den

350 791 508 836 aandagt
536 802 602 825 van
626 793 696 827 alle
998 807 1039 829 en
1066 796 1124 830 der
1153 795 1323 842 kundige
726 795 971 841 Godgeleerden

348 852 554 889 Ledematen
583 866 687 890 onzer
705 855 817 892 Kerke
844 870 899 892 zoo
926 870 971 892 na
996 860 1054 905 zig
1083 858 1240 901 trokken,
1267 860 1321 894 als

346 917 409 962 mij
435 929 481 951 nu
513 918 549 952 in
575 919 614 953 de
642 918 839 953 Couranten
869 932 909 954 en
941 920 1119 957 Boekzaal
1142 924 1322 958 verzekerd

345 982 463 1015 wordt.
515 981 591 1015 God
613 981 670 1014 doe
689 980 744 1014 het
772 990 824 1015 ter
845 984 1060 1030 bevordering
1085 996 1153 1019 van
1182 987 1219 1020 de
1247 997 1322 1021 ver

347 1042 446 1078 lichte
474 1042 589 1079 kennis
617 1043 728 1087 zijnes
758 1044 895 1082 Woords
925 1049 1115 1095 uitloopen!

393 1178 774 1206 ONDERTUSSCHEN
810 1183 895 1209 moet
929 1175 983 1217 ik,
1020 1185 1068 1211 tot
1106 1176 1208 1220 mijne
1237 1174 1321 1210 Ver

343 1230 523 1278 dediging,
555 1232 629 1267 hier
665 1235 715 1280 bij
738 1235 963 1280 herinneren,
1000 1241 1059 1273 dat
1089 1241 1123 1274 ik
1154 1240 1231 1284 mij,
1260 1238 1319 1272 hoe

343 1304 418 1328 men
444 1295 497 1330 ook
527 1308 600 1331 over
625 1298 728 1343 mijne
747 1292 969 1346 chrijfwijze
990 1303 1149 1343 oordeele,
1179 1303 1242 1337 wel
1265 1302 1318 1336 be

344 1365 432 1391 wust
466 1358 546 1399 ben,
595 1362 657 1405 mij
684 1374 757 1397 aan
800 1376 902 1412 geene
941 1365 1133 1412 belediging
1167 1377 1234 1401 van
1274 1366 1320 1400 ie

345 1422 469 1460 mand,
496 1421 555 1454 wie
587 1422 613 1456 't
636 1424 690 1458 ook
719 1426 790 1469 zij,
817 1424 973 1474 chuldig
999 1430 1158 1473 gemaakt
1185 1438 1216 1463 te
1244 1429 1319 1464 heb

342 1482 413 1516 ben.
465 1485 526 1518 Als
555 1498 629 1520 men
666 1489 762 1536 eenig
791 1487 937 1536 chrift,
975 1500 1040 1525 met
1079 1492 1323 1539 misnoegdheid

342 1556 419 1581 over
458 1546 592 1595 deszelfs
628 1550 753 1586 inhoud
785 1553 881 1592 leest,
918 1554 944 1587 is
979 1554 1005 1588 't
1036 1557 1233 1601 natuurlijk
1265 1569 1320 1604 ge

343 1610 431 1656 volg,
468 1612 531 1646 dat
566 1623 641 1646 men
679 1614 744 1648 vele
774 1618 942 1663 gezegden
978 1630 1075 1664 erger
1116 1618 1314 1665 bechouwt,

345 1672 415 1707 dan
442 1673 495 1719 zij
522 1682 577 1721 tog
603 1676 764 1719 waarlijk
790 1679 873 1724 zijn.
925 1679 964 1714 Ik
992 1680 1069 1721 heb,
1098 1682 1125 1715 't
1144 1682 1173 1716 is
1199 1693 1318 1725 waar,

343 1736 382 1769 de
407 1744 518 1782 groote
545 1736 686 1774 Namen
715 1752 784 1776 van
813 1753 1032 1777 VITRINGA
1066 1757 1107 1779 en
1139 1757 1318 1782 VENEMA

341 1801 522 1846 genoemd,
559 1813 601 1836 en
637 1805 804 1847 bewezen,
842 1807 906 1841 dat
943 1819 999 1841 een
1035 1810 1133 1843 zeker
1168 1810 1321 1855 gedeelte

343 1873 412 1898 van
441 1864 610 1903 derzelver
645 1868 839 1917 Leerelel
865 1872 936 1905 niet
974 1873 1216 1908 overeenkwam
1252 1883 1319 1909 met

342 1928 406 1961 den
440 1928 515 1974 ijl
550 1931 603 1965 des
639 1933 831 1978 onderwijs,
876 1935 1000 1969 welken
1034 1937 1093 1982 wij
1127 1938 1162 1971 in
1195 1939 1233 1971 de
1266 1937 1314 1972 H.

341 1991 516 2038 Schriften
550 1994 680 2028 vinden.
732 1994 765 2029 Is
794 1997 857 2031 dat
885 1998 1131 2045 ongeorloofd?
1280 1999 1317 2036 ik
1156 1998 1254 2046 Mogt

340 2055 391 2090 dit
422 2056 493 2098 niet
518 2057 628 2092 doen?
649 2058 767 2097 Weten
795 2061 834 2095 de
860 2059 1042 2111 Kundigen
1066 2064 1153 2105 niet,
1180 2064 1243 2099 dat
1262 2075 1315 2099 ve

1262 2125 1316 2164 len
