1541 2687
349 266 80 27 Vin
518 256 26 51 Vv
588 269 23 25 0
645 256 37 51 OO
731 261 411 37 RR
858 256 35 51 E
926 256 69 51 D
1002 256 69 51 E
1079 256 64 51 Ns

352 346 39 36 de
417 347 94 36 zaak
537 348 52 34 die
616 347 55 48 hij
695 351 192 47 verdedigt,
919 359 38 39 op
985 351 38 35 de
1050 351 69 35 best
1154 350 165 48 mogelijke

354 409 97 46 wijze
486 418 33 27 te
554 412 151 42 winnen,
747 423 94 27 want
878 414 35 36 ik
951 414 78 36 zoek
1062 415 83 34 niets
1181 411 71 37 dan
1285 412 39 36 de

354 472 196 38 Waarheid
572 482 32 27 te
632 476 147 39 kennen,
808 489 42 23 en
877 478 124 35 bekend
1023 486 32 26 te
1083 479 81 34 doen
1190 479 132 34 worden

354 546 74 26 aan
452 549 60 23 een
531 538 111 41 ieder,
668 539 54 34 die
748 540 90 35 daar
864 543 122 46 belang
1013 543 36 34 in
1068 541 88 48 flelt:
1205 542 120 35 Ander

353 598 122 48 belang
502 611 92 25 neem
622 600 35 36 ik
685 601 36 36 in
749 603 79 36 deze
864 604 128 47 geheele
1026 605 94 36 zaak
1153 605 78 36 niet.
1283 604 42 37 Ik

351 662 78 35 wist
456 662 81 48 zelfs
565 665 92 41 niet,
682 666 63 35 dat
771 667 103 46 mijne
904 668 145 36 Brieven
1076 681 55 25 zoo
1168 671 67 35 vele
1261 669 63 36 Le-

352 737 77 25 zers
452 738 42 24 en
531 726 215 52 Lievelingen
776 732 147 40 vonden,
958 732 82 36 noch
1077 733 63 37 dat
1175 734 53 46 zij
1262 735 63 34 den

350 791 159 46 aandagt
536 802 67 24 van
626 793 71 35 alle
726 795 246 47 Godgeleerden
998 807 42 23 en
1066 796 59 35 der
1153 796 171 47 kundigfte

348 852 207 37 Ledematen
583 866 105 25 onzer
705 855 114 38 Kerke
844 870 56 23 zoo
926 870 46 23 na
996 860 59 46 zig
1083 858 158 44 trokken,
1267 860 56 35 als

346 917 65 46 mij
435 929 47 23 nu
513 918 37 35 in
575 920 40 34 de
642 918 199 36 Couranten
869 932 41 23 en
941 920 179 38 Boekzaal
1142 924 181 35 verzekerd

345 982 119 34 wordt.
515 981 77 35 God
613 981 58 34 doe
689 980 56 35 het
772 990 53 26 ter
845 984 216 47 bevordering
1085 996 69 24 van
1183 987 37 34 de
1247 997 76 25 vers

347 1042 100 37 lichte
474 1042 116 38 Rennis
617 1043 113 45 zijnes
758 1044 138 39 Woords
925 1049 191 47 uïtloopen!

393 1163 382 44 ONDERTUSSCHEN
810 1183 86 27 moet
929 1175 55 43 ik,
1020 1185 49 27 tot
1106 1176 103 45 mijne
1237 1174 85 37 Ver-

344 1230 180 49 dediging,
555 1232 75 36 hier
665 1235 51 46 bij
738 1235 226 46 herinneren,
1000 1241 60 34 dat
1089 1240 35 36 ik
1154 1240 78 45 mij,
1260 1238 61 35 hoe

343 1304 76 25 men
444 1295 54 36 ook
527 1308 74 24 over
625 1298 104 46 mijne
747 1292 223 55 fchrijfwijze
990 1303 161 41 oordeele,
1179 1303 65 35 wel
1265 1302 54 35 be-

344 1366 89 26 wust
466 1358 81 42 ben,
595 1362 63 44 mij
684 1374 74 24 aan
800 1376 103 37 geene
941 1365 193 48 belediging
1167 1377 68 25 van
1274 1366 47 35 ie-

345 1423 125 38 mand,
496 1421 60 35 wie
587 1422 27 35 ’t
636 1424 55 35 ook
719 1426 72 44 zij,
817 1424 157 51 fehuldig
990 1425 169 49 gemaakt
1185 1438 32 26 te
1244 1429 76 36 hebe

342 1482 72 35 ben.
465 1485 62 34 Als
555 1498 75 23 men
666 1489 97 48 eenig
791 1487 147 50 fchrift,
975 1500 66 26 met
1079 1492 243 49 misnoegdheid

342 1556 78 26 over
458 1546 135 50 descelfs
628 1550 126 37 inhoud
785 1553 97 40 leest,
918 1554 27 35 is
979 1554 27 35 't
1036 1557 198 45 natuurlijk
1265 1569 56 36 ge

343 1610 89 47 volg,
468 1612 64 35 dat
566 1623 76 24 men
679 1614 67 36 vele
775 1618 168 46 gezegden
978 1630 98 35 erger
1116 1618 199 48 befchouwt,

345 1672 71 36 dan
442 1674 54 46 zij
522 1682 56 40 tog
603 1676 162 44 waarlijk
790 1679 84 46 zijn.
925 1679 40 36 Ik
992 1680 78 42 heb,
1098 1682 28 34 ’t
1145 1682 28 35 is
1199 1691 137 35 waar,

343 1736 40 34 de
407 1744 112 39 groote
545 1736 142 39 Namen
715 1752 69 25 van
813 1753 220 25 VITRINGA
1066 1757 42 23 en
1139 1751 198 32 VENEMA’

341 1801 182 46 genoemd,
560 1813 42 24 en
637 1805 168 43 bewezen,
842 1807 65 35 dat
943 1819 57 23 een
1035 1810 99 34 zeker
1168 1810 154 46 gedeelte

343 1873 70 26 van
441 1864 169 40 derzelver
645 1868 194 50 Leerftelfel
865 1872 71 34 niet
974 1874 243 35 overeenkwam
1252 1883 68 27 met

343 1928 64 34 den
440 1928 76 47 flijl
550 1931 54 35 des
639 1933 193 46 onderwijs,
877 1935 124 35 welken
1034 1936 60 47 wij
1127 1938 36 34 in
1195 1939 39 33 de
1266 1938 49 35 H.

341 1991 176 48 Schriften
550 1994 131 35 vinden.
732 1994 33 36 Is
794 1997 64 35 dat
885 1998 247 48 ongeöorloofd?
1156 1998 99 49 Mogt
1281 1999 37 37 ik

340 2056 51 35 dit
422 2056 72 37 niet
518 2057 110 36 doen?
650 2058 118 39 Weten
795 2061 40 35 de
860 2059 183 53 Kundigen
1066 2064 88 42 niet,
1180 2065 64 35 dat
1262 2076 54 24 ve-

1262 2125 55 39 den

1371 1161 6 11 ,
