1566 2689
381 263 483 290 XXIV

614 263 1234 294 VOORREDEN.

430 354 481 379 OP
518 356 605 381 HET
643 356 804 381 DERDE
831 346 1014 391 bezwaar,
1048 346 1094 381 bl.
1125 348 1180 392 58.
1218 350 1246 383 't
1271 350 1357 387 welk

381 541 415 567 te
442 534 535 569 werk
561 544 592 571 te
615 550 717 584 gaan.

380 406 437 442 het
471 409 664 457 omagtigst
703 412 753 456 is,
796 410 856 454 mij
889 411 1038 445 zullende
1063 413 1358 457 verantwoorden,

381 472 442 506 ben
474 473 508 508 ik
540 475 766 519 genoodzaakt
797 484 957 521 geweest,
993 474 1077 510 daar
1105 477 1139 509 in
1164 478 1363 523 trapswijze

432 607 492 637 NA
517 611 590 634 eene
616 599 858 652 voorafgaande
882 603 1093 653 aanmerking
1117 603 1163 637 bl.
1186 611 1243 647 59.
1265 604 1362 652 breng

381 662 417 698 ik

430 726 620 762 EERST
640 731 675 763 in
706 728 903 777 bedenking,
930 730 1032 765 welke
1059 738 1112 776 tog
1146 732 1294 780 eigenlijk
1323 733 1361 767 de

379 789 446 828 Ieer
472 803 568 838 was,
594 792 634 839 of
652 793 690 829 de
706 793 878 841 ellingen
904 807 1042 839 waren,
1068 794 1119 828 die
1147 796 1179 832 ik
1199 794 1363 839 bewijzen

380 855 503 890 moest?
529 856 635 892 Daar
657 865 707 893 toe
727 858 807 905 geef
823 859 856 892 ik
882 869 941 903 op;

503 918 602 954 Eerst
637 922 673 955 de
700 921 886 967 aanleiding
914 928 962 957 tot
1000 921 1056 955 het
1080 920 1251 967 ſchrijven
1278 917 1356 964 mij‑

380 995 438 1020 ner
463 983 697 1022 beöordeelende
723 984 868 1019 brieven.
895 983 942 1018 bl.
970 984 1026 1018 60.

501 1046 576 1080 Ten
602 1046 743 1080 anderen
770 1048 807 1082 de
837 1046 1000 1094 gronden,
1044 1046 1085 1089 of
1119 1047 1158 1081 de
1192 1057 1366 1081 voorname

381 1111 501 1155 reden,
527 1120 625 1145 waar
651 1118 714 1153 op,
741 1120 779 1143 en
805 1121 955 1144 waarom
981 1109 1019 1143 de
1039 1108 1235 1153 Schrijver,
1260 1110 1363 1143 wiens

381 1173 472 1212 Boek
510 1173 543 1208 ik
578 1173 802 1218 beöordeelde,
846 1174 907 1209 den
943 1172 1145 1221 Kinderdoop
1182 1173 1361 1218 verwierp.

382 1236 430 1270 bl.
459 1235 517 1282 63.

505 1298 580 1336 Ten
606 1299 727 1334 derden
766 1312 837 1334 eene
874 1300 1049 1345 duidelijke
1086 1309 1205 1344 opgave
1235 1308 1304 1332 van
1337 1298 1365 1331 't

378 1374 458 1410 geen
484 1362 517 1397 ik
546 1374 594 1397 om
621 1363 673 1396 die
695 1363 793 1397 reden
813 1365 846 1397 in
863 1363 960 1410 mijne
981 1362 1113 1396 brieven
1133 1361 1299 1406 beweerd,
1325 1372 1365 1399 en

383 1426 432 1472 hij
449 1426 564 1472 gevolg
589 1438 631 1460 nu
659 1434 691 1459 te
713 1424 906 1470 verdedigen
932 1425 1004 1459 heb.
1030 1424 1075 1458 bl.
1104 1426 1162 1459 68.

508 1488 582 1522 Ten
608 1486 741 1521 vierden
767 1487 844 1532 wijs
873 1490 905 1523 ik
935 1500 1022 1531 aan,
1047 1488 1106 1526 dat
1132 1489 1165 1524 ik
1184 1486 1366 1523 derhalven

384 1555 455 1591 niet
480 1558 513 1587 te
538 1551 698 1590 handelen
723 1551 783 1590 heb
814 1562 894 1589 over
913 1562 967 1584 een
989 1550 1267 1584 Genadeverbond
1280 1551 1315 1582 in
1336 1551 1364 1582 't

383 1627 535 1664 gemeen,
563 1615 596 1658 of
621 1616 655 1649 in
684 1616 710 1648 't
726 1614 953 1660 afgetrokkene
970 1611 1181 1660 beſchouwd;
1210 1613 1282 1649 veel
1297 1614 1367 1649 min

388 1681 439 1717 dit
473 1687 505 1714 te
522 1679 598 1713 doen
615 1689 651 1725 op
670 1678 896 1724 regtsgeleerde
1097 1676 1222 1712 welken
1239 1677 1278 1711 de
1297 1677 1367 1715 Hr.
921 1677 1041 1725 gronde
1059 1702 1071 1721 ,

386 1747 434 1781 A.
461 1743 533 1777 hier
562 1743 719 1777 nutteloos
747 1742 921 1788 bijbrengt.
951 1741 997 1775 bl.
1024 1750 1082 1786 73.

504 1807 577 1841 Ten
605 1805 727 1851 vijfden
764 1805 883 1850 hewijs
918 1804 975 1848 ik,
1017 1804 1076 1838 dat
1109 1806 1164 1839 ook
1200 1805 1287 1851 zelfs
1323 1804 1363 1840 de

383 1871 611 1918 �egtsgeleerde
633 1869 795 1916 gronden,
822 1868 873 1904 die
902 1867 940 1903 de
967 1868 1035 1902 Hr.
1064 1871 1109 1903 A.
1128 1868 1200 1903 hier
1210 1868 1363 1914 gebruikt

381 2000 426 2044 bl.
452 2010 508 2047 77.

384 1949 433 1973 om
471 1936 531 1981 mij
567 1942 599 1971 te
630 1934 872 1980 wederleggen,
911 1943 990 1968 zeer
1015 1931 1250 1979 ongefundeerd
1273 1931 1359 1978 zijn.

1285 2055 1360 2095 Ten
