1483 2693
303 261 23 45 yv
374 261 24 45 Oo
442 261 23 45 O0
513 268 27 24 R
588 268 100 26 RE
736 267 25 26 D
811 267 21 25 B
880 265 40 26 Ne
1013 264 125 28 XxXVIÌ

162 366 80 28 over
267 353 38 35 de
332 348 220 38 verhandelde
578 348 109 36 zaken
710 346 73 38 hier
799 345 166 50 bijvoegt
945 341 30 58 ,
989 347 68 36 wel
1071 345 71 38 had

162 430 117 37 mogen
285 415 136 47 fparen,
465 412 202 46 Namelijk:
843 455 14 9 -

286 479 71 35 Dat
384 479 36 34 ik
448 485 33 27 te
502 478 75 34 veel
598 488 70 24 van
687 475 297 44 Uitverkoornen,
1009 473 130 39 Mond-

164 543 149 48 belijders
338 552 73 25 enz.
441 540 173 49 gefproken
638 540 72 36 heb.
736 540 45 35 bl.
814 549 82 36 154.

281 606 72 36 Dar
375 616 79 37 geen
481 602 144 50 Syftema
653 615 61 25 zoo
737 603 149 49 gefchikt
911 603 50 44 is,
988 613 50 25 om
1056 608 87 31 twee

162 671 243 51 onderftheiden
440 668 315 36 Genadeverbonden
786 670 36 34 in
856 674 33 28 te
915 678 143 35 voeren,
1090 667 52 36 als

162 739 66 35 bet.
244 737 111 47 mijne.
380 725 47 45 bl.
459 733 81 45 158.

200 797 95 51 MET
322 801 62 34 den
416 808 230 26 TIENDEN
675 805 146 27 BRIEF
844 795 79 47 ging
944 795 39 36 de
999 795 73 37 Hr.
1091 795 52 37 A.

161 857 101 52 over,
288 872 49 27 tot
367 863 234 48 wederleggeng
629 873 69 23 wan
722 863 29 33 °t
775 870 78 37 gene
869 859 59 45 ik,
952 858 194 49 aangaande

146 923 71 42 het
244 928 146 35 Nieuwe
418 925 157 37 Verbond
594 924 131 47 geleerd
740 924 90 49 bad,
855 922 56 35 het
928 922 87 36 welk
1032 922 38 35 de
1085 933 61 36 ge=

161 990 118 46 nadige
289 989 74 34 God
376 980 66 44 met
461 987 243 45 de-Chriflenen
719 986 156 47 gemaakt
884 983 101 48 beeft.
1011 983 134 37 Waar-

163 1061 142 40 gmtrent
330 1052 35 35 ik
390 1057 159 29 aantoone

278 1115 103 37 Welk
415 1113 83 56 mijn
524 1113 110 47 begrip
657 1111 54 46 is,
745 1110 60 37 dat
829 1111 35 36 ik
895 1116 100 30 moest
1029 1109 118 48 bewija

162 1193 78 26 zen.
266 1179 49 37 bl.
344 1188 82 38 159.

277 1243 70 36 Dat
389 1242 39 36 de
462 1242 70 36 Hr.
565 1242 50 36 A.
647 1238 51 38 dit
732 1242 69 36 niet
833 1245 73 42 regt
948 1236 201 50 woorgefteld

165 1308 104 47 beeft.
293 1306 46 37 bl.
371 1307 82 35 162.

284 1370 71 36 Dat
376 1369 53 48 kij
451 1366 239 51 vrugteloos
648 1362 46 59 is
710 1368 37 35 in
765 1370 30 32 ’t
814 1368 150 34 beweren
986 1375 71 23 van
1072 1374 76 24 eene

164 1433 289 50 onmogelijkheid,
475 1432 61 35 dat
560 1431 38 35 de
622 1431 177 46 Apostelen
825 1437 92 38 tegen
942 1422 76 48 zijn
1035 1424 112 48 begrip

165 1498 126 40 zouden
311 1494 173 48 gefproken
505 1493 134 35 hebben.
664 1491 47 35 bl.
742 1500 80 37 172.

283 1559 118 47 Tegen
426 1558 63 35 den
516 1566 204 25 ELFDEN
744 1564 147 27 BRIEF
911 1558 234 30 verdniwoore

163 1625 40 40 de
222 1625 33 36 ik
281 1623 61 46 mij
365 1623 85 35 daar
474 1620 113 39 mede:
897 1644 10 13 .

276 1687 72 36 Dat
380 1686 41 36 de
456 1686 71 36 Hr.
561 1686 48 34 A.
649 1681 101 48 mijne
781 1681 169 48 bewijzen
988 1681 91 43 niet,
1085 1634 71 94 of

163 1761 81 37 zeer
268 1757 151 43 ongepast
443 1747 240 39 beantwoordt.
709 1748 45 38 bl,
780 1756 82 36 173.

281 1816 72 36 Dat
371 1813 51 46 hij
444 1824 82 29 voor
549 1811 93 48 zijne
658 1810 132 47 flelling
807 1821 79 36 geen
903 1805 104 39 ander
1030 1801 119 49 bewijs

165 1880 183 47 bijbrengt
328 1864 34 67 ,
371 1879 67 36 dan
456 1877 56 36 het
526 1876 103 48 geval
643 1886 71 26 van
732 1874 114 37 Simon
862 1872 62 36 den
947 1868 201 46 Tovenaar,

165 1944 88 37 welk
285 1945 69 36 niet
387 1940 166 47 bewijzen
586 1939 88 42 kan,
718 1937 29 35 't
764 1944 96 38 geen
887 1934 58 37 het
982 1933 168 49 bewijzen

166 2011 113 36 moest,
306 2005 46 39 bl,
383 2013 80 39 177.

199 2086 35 22 3
836 2086 79 27 On
1078 2060 75 52 Das

1042 424 83 33 Eeen
