1568 2691
365 263 120 29 XVIII
594 258 24 48 Vv
666 258 24 48 O0
740 264 97 31 OR
885 267 94 26 RE
1029 269 97 25 DE
1150 258 67 48 N,

369 344 85 47 (dat
489 344 171 47 hetzelfde
690 348 52 46 bij
774 348 62 47 mij
861 348 59 48 is)
957 362 73 24 eene
1062 351 198 48 aanbieding
1300 353 58 37 des

369 408 178 35 Verbonds
551 402 12 64 ,
593 406 44 49 of
646 421 74 23 eene
735 409 192 48 algemeene
944 414 194 47 aanbieding
1158 418 86 33 „ooit
1260 418 102 44 voors

368 470 160 46 daarom,
553 472 143 36 anderen
724 473 108 37 hunne
867 475 152 46 vrijbeid
1047 478 150 46 latende,
1234 481 130 34 verkies

366 533 35 34 ik
431 545 81 22 woor
541 535 184 47 mijzelven
744 537 52 35 die
815 539 246 48 bewoordingen
1079 543 81 34 niet.
1187 543 58 35 De
1265 545 98 35 veden

371 595 53 36 die
448 598 34 34 ik
507 598 86 36 daar
621 613 80 23 voor
724 601 83 46 beb,
841 603 50 43 is,
914 598 62 38 om
1010 603 68 35 dat
1114 606 55 44 zij
1197 607 163 47 onfthrif-

366 661 146 46 tuurlijk
532 663 102 46 zijn;
661 676 62 33 en,
749 676 156 24 wanneer
920 666 35 34 ik
975 665 88 36 Gods
1080 679 110 36 wegen
1208 672 151 45 nadenk,

367 735 61 24 zoo
453 726 52 34 als
530 726 76 46 zij,
641 734 55 28 ten
721 730 146 34 aanzien
895 729 114 46 zijner
1043 730 133 47 Kerke,
1214 734 147 47 dadelijk

359 788 117 45 plaats
498 790 111 46 gehad
625 790 122 35 hebben
773 802 39 23 en
831 803 59 36 nog
915 792 143 46 hebben,
1086 794 63 47 mij
1173 798 68 33 niet
1249 796 111 48 fchij-

366 863 61 33 nen
453 860 33 27 te
513 854 253 36 beantwoorden
789 865 68 24 aan
883 853 61 35 den
960 867 116 24 waren
1084 857 96 46 flaat
1206 861 59 34 der
1293 857 66 39 za-

364 912 93 46 ken,
474 923 57 27 ten
558 911 136 49 minften
719 920 69 32 niet
810 918 32 32 in
872 918 73 33 dien
974 920 75 40 zin,
1076 922 35 32 in
1140 923 127 33 welken
1287 934 73 23 men

365 977 184 48 dezelven,
574 993 61 23 zoo
661 981 35 34 ik
725 993 107 32 meen,
860 980 180 46 doorgaans
1059 984 167 45 gebruikt,
1358 989 8 8 ’

413 1053 230 24 WANNEER
659 1042 177 45 Christus,
862 1041 51 45 bij
923 1043 172 35 voorbeeld
1103 1071 12 18 ,
1139 1054 77 38 zegt
1228 1062 19 26 ;
1269 1046 88 36 Gaat

367 1104 108 43 heen,
507 1105 132 45 predikt
679 1105 56 35 het
762 1104 225 46 Euangelium
1029 1105 86 35 allen
1143 1108 206 38 Creaturen:

369 1167 166 37 Wanneer
565 1169 136 35 Paulus
727 1169 137 42 zeide,”
881 1167 77 36 Zoo
980 1168 43 46 zij
1048 1180 22 24 u
1096 1169 62 36 dan
1200 1173 155 48 bekend,

364 1231 150 35 Mannen
542 1231 183 51 Broeders,
763 1231 54 35 dat
857 1231 87 36 door
973 1231 122 36 Dezen
1116 1245 21 23 u
1168 1235 183 49 vergeving

364 1294 58 34 der
440 1294 130 35 zonden
591 1295 208 46 verkondigd
821 1298 130 40 wordt;
978 1298 67 34 dax
1063 1300 60 33 ben
1140 1299 34 35 ik
1194 1300 82 35 zulk
1295 1313 57 23 een

363 1358 180 46 armelijke
560 1359 194 46 letterknegt
765 1361 97 45 niet,
886 1360 62 35 dat
965 1361 34 34 ik
1016 1362 36 33 in
1070 1361 53 35 die
1140 1363 213 48 voorftellen,

364 1422 40 35 de
428 1422 153 36 woorden
609 1421 158 45 prediken
795 1435 40 24 en
856 1424 230 47 verkondigen
1107 1427 68 33 niet
1202 1434 67 27 met
1295 1426 58 36 het

362 1484 116 37 woord
501 1484 181 35 aanbieden
709 1487 104 34 zoude
834 1487 129 34 durven
988 1489 225 47 verwisfelen.
1230 1480 137 46 “Want

362 1548 159 35 wanneer
544 1548 34 34 ik
603 1547 53 36 die
684 1548 180 49 Prediking
888 1563 67 23 aan
979 1553 67 34 alle
1078 1553 210 44 Greaturen
1267 1543 31 59 ,
1314 1565 40 22 en

362 1612 54 34 die
440 1611 40 37 Ve
475 1589 208 75 erkondiging
702 1614 61 35 der
785 1615 178 46 wergeving
990 1615 77 35 door
1090 1616 43 46 PF.
1161 1617 38 34 CG.
1225 1628 67 23 aan
1313 1616 41 35 de

362 1666 134 59 Poden,
522 1663 35 47 in
582 1675 87 35 baar
687 1684 79 27 aart
789 1689 39 22 en
846 1674 118 56 wezen
973 1674 177 56 befchouw
1163 1706 12 19 ,
1200 1680 67 35 dan
1286 1680 67 35 kan

363 1738 35 34 ik
433 1737 164 46 waarlijk
632 1740 69 33 niet
734 1739 120 35 anders
888 1741 102 45 zien,
1025 1740 41 48 of
1091 1741 57 36 het
1181 1752 75 25 was
1297 1754 56 24 een

365 1801 211 47 Aanbieding
610 1814 70 23 van
714 1803 155 36 Christus
906 1816 39 23 en
979 1816 71 23 van
1086 1805 89 36 Gods
1212 1807 148 49 genadig

362 1861 170 48 Verbond,
556 1866 106 34 welke
686 1878 68 25 aan
776 1867 53 35 die
856 1867 166 47 menfthen
1053 1869 132 47 gedaan
1216 1872 136 43 wierd;

364 1939 40 23 en
443 1928 106 36 welke
584 1929 197 47 aanbieding
819 1930 52 36 die
906 1930 166 48 menfchen
1107 1943 179 25 aannemen
1310 1946 42 24 en

364 1991 265 49 homologeren,
655 1992 42 46 of
714 1993 169 47 afwijzen
910 2008 39 22 en
977 1995 198 45 repudiëren
1202 1997 144 46 konden,

365 2066 86 27 naar
474 2057 61 36 dat
551 2056 107 37 hunne
676 2059 206 48 overtuiging
899 2057 42 50 of
956 2059 119 49 reden,
1100 2061 53 37 die
1170 2062 56 49 zij
1241 2073 107 24 meen-

1288 2126 64 35 den
