1562 2726
314 281 469 50 VERANTWOOR
790 273 131 62 DIN
924 273 57 62 Ge
1094 264 59 46 43.

173 415 27 20 „
225 383 177 53 gehouden
430 376 159 41 worden,
632 372 61 34 dan
723 377 32 26 te
786 365 174 36 behooren
997 364 51 26 tot
1085 346 61 52 het

175 461 25 24 „‚
226 441 91 34 beste
346 433 90 35 foort
462 439 63 24 van
551 423 176 36 Lidmaten
754 424 64 28 vat
849 421 83 26 onze
959 406 111 37 Kerk,
1095 395 54 55 die

179 487 135 47 „allen
344 482 75 35 daar
448 480 33 32 in
509 485 66 26 met
603 473 100 40 hem,
746 462 199 49 Appellant,
990 461 160 29 overeen”

180 564 25 19 „
230 537 180 36 ftemmen,
436 528 55 34 dat
514 526 40 34 de
586 523 88 34 Leer
694 518 58 35 des
777 510 239 42 Kinderdoops
1037 503 69 34 niet
1126 499 29 34 is

182 613 24 19 „
233 576 284 45 Fondamenteel
491 570 34 66 ;
545 574 53 34 dat
619 569 180 44 fommigen
820 572 61 26 van
901 560 67 34 hun
993 548 162 55 betuigen

182 660 26 21 »
234 644 106 39 geene
366 626 139 48 vrijheid
521 634 32 24 te
568 622 155 36 hebben,
750 614 43 36 of
809 622 31 25 te
860 612 133 33 kunnen
1012 601 144 37 vinden,

182 711 26 19 „‚
234 695 58 25 om
317 679 157 38 kinderen
502 683 32 26 te
555 672 85 34 laten
666 668 176 42 Doopen;
868 660 54 34 dat
948 654 138 36 anderen
1109 648 52 35 uit

185 760 25 19 „>
236 736 69 33 hun
334 722 155 56 betuigeh
502 750 10 16 ,
555 722 54 34 dar
634 718 40 43 zij
705 717 111 34 hunne
845 707 158 38 kinderen
1028 700 134 36 hebben

188 811 25 17 „‚
237 785 89 33 laten
354 780 152 41 Doopen
533 781 69 25 met
626 778 62 25 EEN
717 756 166 51 bezwaard
914 747 166 60 gemoed;
1107 757 36 24 an

190 858 26 20 „,
242 834 99 35 deren
382 828 50 35 uit
469 825 70 34 hun
564 818 192 39 wederom,
800 811 56 34 dat
888 808 40 41 zij
958 802 94 38 zulks
1077 791 86 54 laren

191 909 25 20 „‚
241 883 111 38 doen,
393 887 58 26 om
484 869 161 49 opfpraak
671 877 43 23 en
739 855 224 50 oneenigheid
992 854 33 32 in
1054 850 117 33 hunne

194 958 26 18 „
246 928 162 39 Familien
426 934 86 25 voor
531 931 32 26 te
579 919 137 34 komen.
741 912 64 34 Dit
828 905 120 50 geheel
964 892 208 61 getuigenis,

196 1008 26 17 „
246 976 230 40 Wel-Eerw.
510 970 158 37 Heeren,
703 963 84 34 door
817 959 69 34 den:
906 950 181 47 Appellant
1113 947 61 34 bee

196 1051 27 23 «‚
249 1026 165 43 hoorlijk
388 1022 28 56 ,
420 1000 266 59 verfcheidene.
697 1012 132 37 reizen,
854 1004 156 36 herlezen
1040 990 104 56 zijnde
1160 1012 12 21 ;

197 1104 27 18 „
249 1075 162 39 verklaart
436 1069 70 46 hij,
550 1061 202 49 Appellant,
787 1066 32 26 te
850 1054 86 45 zijn,
972 1051 71 32 niet
1068 1045 110 34 alleen

252 1128 44 34 de
324 1118 188 42 waarheid,
550 1124 87 26 maar
663 1110 92 40 ook,
792 1106 54 34 dat
873 1101 68 46 hij,
976 1089 203 57 Appellant;

202 1201 25 19 „
253 1178 58 34 het
332 1172 145 47 register
501 1176 62 26 van
589 1162 120 37 zulke,
742 1155 42 37 of
803 1150 185 45 zoodanige
1016 1143 167 46 beruigin-

202 1250 29 19 „>
257 1235 86 39 gen,
369 1230 70 27 met
463 1226 83 26 even
565 1209 152 40 dezelfde
735 1205 101 36 reden
863 1212 62 25 van
953 1189 233 51 weten{chaps

205 1282 28 39 ;,
259 1271 172 45 merkelijk
458 1265 108 37 zoude
598 1263 134 34 kunnen
762 1243 235 61 vergrooten.”
1177 1254 9 16 :

217 1349 3 3 “
258 1331 146 29 vorar
428 1318 72 35 hier
525 1314 44 46 bij
601 1312 42 34 de
670 1305 236 51 verzekering,
932 1296 108 37 welke
1060 1287 129 52 gémel-

209 1375 42 35 de
278 1373 114 40 Heer,
437 1377 63 24 een
521 1363 125 45 weinig
670 1356 140 38 verder,
847 1347 128 49 Saarb.
1012 1351 111 39 1779.
1144 1337 47 36 bh.

210 1434 74 37 J14
309 1432 42 24 En
377 1427 97 39 715,
507 1423 67 25 AAN.
597 1406 149 39 dezelfde
774 1399 121 38 Klasfis
924 1394 108 48 geeft,
1066 1390 48 34 als
1144 1385 47 45 hij

212 1474 119 35 zekere
374 1464 215 44 aanmerking
621 1453 170 40 hiermede
827 1446 189 44 aandringt:
1068 1464 26 17 „>
1120 1436 74 36 Dat

214 1547 25 19 „
265 1521 67 44 hij,
366 1513 200 50 Appellant,
608 1518 50 24 ter
685 1501 123 49 goeder
835 1504 130 28 trouwe
991 1493 76 34 kan.
1082 1494 114 28 verzee

215 1596 26 19 „
266 1571 103 33 kerén
406 1565 78 35 mits
518 1561 125 36 dezen,
679 1554 55 33 dat
762 1551 70 33 riet
864 1545 107 35 alleen
1002 1538 105 37 onder
1141 1534 56 34 die

214 1644 24 19 „
267 1617 228 37 Ledematen,
537 1606 93 37 noch
667 1602 103 35 direft
800 1595 95 38 noch
929 1590 161 38 indireét,
1129 1584 71 35 niet

219 1686 28 27 5
273 1669 64 34 één
364 1664 43 45 bij
429 1663 77 34 hem
534 1652 132 53 gekend
689 1649 130 41 wordt;
845 1645 52 35 die
924 1642 64 34 den
1008 1638 108 43 Doop
1140 1633 60 34 der

219 1742 24 21 „
268 1714 178 47 Bejaarden
475 1708 165 39 verkiest,
672 1712 42 24 en
741 1699 77 35 dien
844 1696 58 34 der
931 1689 168 39 Kinderen
1127 1692 75 25 vers

187 1773 59 39 ‘>
274 1775 128 36 werpt,
446 1772 52 25 om
528 1756 115 48 eenige
675 1751 122 37 reden,
831 1746 51 36 die
909 1741 48 47 bij
979 1740 39 35 de
1045 1730 159 51 Gerefore

222 1841 27 20 „
275 1815 131 36 meerde
434 1808 94 38 Kerk
556 1803 108 38 wordt
691 1812 23 24 a
729 1787 178 64 gekeurd.”

232 1876 13 8 8
277 1875 87 25 AAN
383 1863 41 34 de
442 1855 136 46 Synode
595 1863 61 25 van
674 1841 261 44 Noordholland
951 1838 110 45 berigt
1079 1827 129 54 gemel-

228 1915 42 47 de
296 1912 67 36 Hr.
387 1912 87 33 Zion
498 1906 112 48 Quint
634 1908 70 38 nog
726 1894 256 37 daarenboven,
1007 1887 54 36 zie
1078 1880 131 50 Jaarb.

233 1965 107 47 1780.
374 1961 42 35 bl.
444 1958 85 45 962.
580 1977 24 19 »
629 1949 78 36 Hoe
731 1945 44 46 bij
805 1943 99 40 hem,
937 1948 40 25 na
1005 1936 41 34 de
1075 1934 134 44 uitgave

233 2038 26 20 „‚
283 2012 100 45 Zijner
421 2006 143 36 redenen
602 2010 63 25 van
703 1993 135 49 Appèl,
882 1991 28 34 is
937 1985 183 47 ontfangen
1147 1987 64 26 een

230 2087 29 27 ‚
283 2061 93 40 klein
401 2055 88 52 geval
514 2053 157 40 brieven;
696 2047 50 35 uit
771 2041 152 43 welken,
956 2036 49 37 als
1036 2032 97 38 mede
1149 2022 63 94 vit

248 2127 4 4 '
1119 2103 31 21 »
1194 2083 22 28 dé
