1564 2721
299 285 662 50 VERANTMOOAMADING.
1072 286 46 36 29

160 379 143 37 deneerd
341 376 140 36 voorſtel
517 372 65 51 hij,
622 376 86 47 (het
744 372 178 44 voetſpoor
960 366 166 47 volgende

161 441 62 25 van
259 429 39 34 de
335 426 171 43 bekende,
527 421 57 39 èn
618 427 33 33 in
684 435 82 25 onze
795 422 92 35 Rerk
915 430 64 23 zoo
1007 425 121 39 geagte

163 478 197 46 Leerlingen
399 485 64 25 van
497 475 63 35 den
597 473 207 36 vermaarden
834 477 210 30 vourios,
1078 464 46 34 als

164 539 61 23 van
253 536 234 31 ROELMAN,
512 535 225 24 RIDDERVS
766 532 40 24 en
835 527 193 30 BRAREEE,
1052 514 77 40 die,

165 587 76 24 naar
266 575 62 34 den
360 574 81 45 loop
469 585 60 22 Lan
559 574 130 33 hunnen
714 571 78 45 tijd,
819 567 64 36 wel
904 567 67 32 niet
991 566 32 32 in
1044 562 88 35 allen

166 626 133 45 opeigte
321 623 201 46 gevolgeliſe
543 622 202 45 gevoelden,
771 619 67 45 dog
857 625 91 37 egter
969 613 62 35 den
1051 621 81 26 toen

165 673 239 45 inkruipenden
433 671 212 35 Labadismus
671 669 101 35 ſteeds
799 661 265 41 onbeſchroomd
1090 670 42 25 en

166 721 246 46 onbecdimpeld
453 721 133 34 hebben
627 714 274 52 tegengeſtaan:)
948 712 55 36 Na
1039 709 94 36 welk

166 772 163 40 voorſtel,
362 781 63 35 teg
451 771 53 40 ik,
536 769 93 34 Prof.
655 767 18 36 à
698 768 100 34 Mark
825 762 215 45 voordraagt,
1067 759 67 34 hoe

167 822 42 34 de
239 820 100 35 eerſte
364 830 98 35 vraag
487 829 61 24 van
576 819 62 33 den
659 815 218 43 Rinderdoop.
905 812 68 35 Ean
991 807 144 37 verſtaan

167 870 159 42 worden;
356 869 38 35 Ib
420 868 49 35 adl
494 868 26 34 s
530 867 97 35 Mans
651 868 96 44 eigen
774 861 182 40 woorden,
981 859 74 34 daar
1076 866 62 37 tog

167 921 64 44 zijn
256 918 97 35 Brief
376 919 67 32 niet
468 926 89 25 meer
578 917 32 33 in
632 914 79 35 aller
730 912 128 36 handen
878 912 46 38 is,
950 909 42 35 bl.
1014 906 56 36 16.
1079 915 59 36 19.

168 969 31 34 al
225 968 103 46 zijnze
358 976 65 25 wat
449 965 182 46 uitvoerig,
658 961 70 37 hier
754 963 34 33 in
814 961 142 44 voegen.

217 1026 110 32 „Pom
355 1025 63 30 nu,
450 1023 74 35 zegt
553 1014 44 41 hif,
645 1022 61 22 een
737 1011 67 42 ſtap
835 1007 115 34 vorder,
978 1015 32 24 te
1035 1013 103 37 gaan,

166 1064 159 45 „Velke
360 1062 49 34 zal
446 1061 83 40 dan,
566 1059 173 35 ſtellender
776 1057 115 45 vijae,
927 1054 63 45 zijn
1018 1052 41 34 de
1085 1053 54 32 ain

168 1124 113 34 van
314 1111 40 34 de
381 1109 293 47 Vraagwoorden,
709 1107 46 34 als
783 1116 75 24 men
885 1104 52 34 die
962 1104 68 34 niet
1057 1101 82 41 kan,

170 1163 139 43 „noch
339 1171 76 34 mag
444 1168 156 36 obvatten
627 1169 62 22 van
719 1166 81 24 eene
831 1153 186 45 inwendige
1045 1150 95 34 heili-

171 1214 132 43 ging
329 1211 32 32 in
383 1209 172 36 Christus.
583 1208 52 33 die
663 1218 59 23 aan
749 1205 61 34 alle
836 1204 40 34 de
896 1202 165 37 Einderen
1083 1198 58 35 der

223 1260 214 45 CGeſoovigen
473 1267 141 37 gemeen
644 1258 63 44 aij,
743 1266 41 23 en
816 1254 130 34 daarom
957 1251 86 35 ook
1070 1257 72 26 vast

171 1321 91 32 en
290 1309 97 33 zeler
408 1318 40 35 ga
473 1308 33 33 in
537 1307 51 33 die
617 1305 187 40 Einderen,
832 1303 52 34 die
913 1312 70 23 ons
999 1310 60 23 van
1082 1296 55 45 tijd

171 1368 114 35 3tot
305 1358 57 44 tijd
390 1357 229 40 voorkomen,
654 1366 57 23 om
739 1353 150 47 gedoopt
916 1360 31 24 te
978 1341 164 52 worden?

171 1434 23 18 3
222 1409 54 34 En
302 1417 56 24 om
385 1407 70 33 hier
478 1416 67 33 op,
568 1404 123 35 Londer
712 1401 75 35 veel
804 1398 191 46 omhaling,
1020 1406 31 33 te
1070 1403 74 25 ant-

174 1456 230 46 Voorden,
437 1464 105 37 zegge
573 1454 56 40 ib,
661 1452 54 34 dat
745 1460 75 24 men
849 1447 134 34 dezelve
1008 1445 137 38 bela-

172 1505 166 45 melijk
368 1504 80 40 kan,
472 1504 31 44 ja
531 1502 69 34 ook
629 1501 46 33 als
704 1509 76 25 men
810 1498 57 33 het
892 1496 181 35 volkomen
1092 1492 51 34 al-

171 1563 188 39 „gemeen
385 1551 56 35 wil
469 1560 175 36 opvatten,
671 1558 91 25 moet
782 1558 31 23 te
835 1547 73 33 huis
928 1546 146 44 brengen
1094 1552 48 34 op

225 1605 39 32 e
295 1601 163 44 uiterlijbe
484 1599 181 47 heiliging,
690 1597 105 35 welke
822 1595 61 34 alle
903 1593 170 36 Kinderen
1092 1593 52 32 uit

175 1651 242 51 Geloovige
448 1649 181 41 Ouderen,
664 1648 51 34 die.
746 1645 145 44 waarlijb.
917 1644 40 33 de
985 1637 160 55 zoodani-

176 1712 113 36 gen
323 1700 86 45 eijn,
447 1698 43 35 of
512 1697 85 36 door
626 1696 173 46 Belijdenis
823 1694 145 45 ſchijnen
997 1702 31 24 te
1056 1691 88 45 aln,

227 1748 207 49 LAwantdie
473 1747 62 46 zijn
572 1747 84 34 door
687 1756 103 37 geene
818 1743 120 35 andere
967 1740 179 36 menſchen

226 1800 97 34 eker
351 1808 31 23 te
413 1795 284 47 onderkennen,
723 1806 45 33 op
796 1794 40 34 de
864 1803 81 23 eene
967 1790 43 35 or
1024 1789 121 35 andere

178 1849 145 43 wijte
356 1848 168 45 geboren,
561 1844 232 48 ongetwijſeld
824 1842 174 40 toebomt,
1033 1840 111 34 boven

178 1898 92 43 de
299 1896 166 33 NKinderen
493 1906 60 23 van
580 1895 127 45 Jõden,
740 1892 194 40 Heidenen,
966 1883 180 52 Mahome-

179 1955 170 35 tanen,
385 1955 40 23 en
458 1943 119 34 andere
608 1942 257 47 Ongeloovigen
896 1940 84 34 door
1008 1937 140 44 belijde-

176 1996 124 43 3nis,
332 1993 139 47 volgens
497 1992 39 33 de
564 1992 48 34 les
639 2003 58 23 vân
727 1990 122 35 Paulus
874 2000 57 22 aan
958 1988 40 34 de
1026 1987 123 34 Corin-

181 2045 165 42 „theren
379 2052 169 38 gegeven,
584 2040 72 38 zell
684 2050 152 27 wanneer
869 2049 62 23 een
960 2046 62 26 van
1053 2035 96 38 beide

1029 2109 21 19 59
1078 2079 74 61 Ou-
