1605 2694
415 269 44 35 28
641 280 521 34 PHILADELDHVS

410 359 59 34 het
496 359 164 41 verroet,
698 359 54 36 dat
780 361 39 35 de
849 362 273 47 Correspondens
1147 366 57 36 der
1239 366 135 44 Synode

409 418 61 24 van
500 409 173 45 Overijsſel
700 421 57 23 aan
788 411 40 34 de
859 412 151 43 Synodus
1038 426 60 23 van
1128 415 245 44 Zuidholland,

411 458 33 33 in
484 458 62 33 den
580 459 67 43 jare
689 469 103 35 1773.
828 460 102 43 deed,
968 462 117 47 ſchijnt
1122 465 74 40 het,
1233 465 53 34 dat
1315 465 58 37 het

409 507 178 34 voorlezen
621 508 58 33 der
712 508 66 36 drie
811 521 119 35 vragen
961 523 61 29 van
1057 513 61 39 den
1136 510 231 53 Kinderdoop

407 556 105 34 alleen
542 557 32 33 in
611 558 41 35 de
690 558 78 35 Stad
809 560 195 46 Gròningen
1040 562 172 47 nagelaten
1250 563 120 42 wordt.

406 604 89 36 Zulk
520 616 60 23 een
613 606 213 40 ouderſcheid
856 620 61 28 van
950 610 182 49 Bedieniig
1165 613 131 35 hebben
1329 612 42 35 de

404 654 194 42 bezwaren,
625 655 130 35 welken
784 657 63 40 den
882 657 61 41 Hr.
973 660 42 39 A.
1050 671 70 31 200
1145 663 123 45 weinig
1297 672 75 24 aan-

403 701 79 48 dagt
512 703 146 46 ſchijnen
689 715 32 24 te
750 707 196 42 verdienen,
983 710 94 33 reeds
1111 711 34 38 in
1182 713 40 33 de
1255 706 117 52 anders

404 763 67 24 zoo
498 764 115 25 naaum
639 755 194 46 vereenigde
853 756 213 37 Gemeenten
1092 770 62 24 van
1181 760 40 35 de
1241 760 131 50 Neder-

402 800 153 38 landſche
584 803 266 48 gereformeerde
878 806 90 38 Rert
997 809 170 46 gemaale

446 912 53 24 DE
544 912 76 24 teer
661 904 178 37 beroemde
879 902 172 40 Profesſor
1088 908 19 34 à
1138 919 36 27 M
1183 920 84 25 ARE
1303 921 68 26 was

402 950 70 35 ook
499 960 76 24 teer
603 961 57 24 ver
685 951 52 41 af,
771 964 63 23 van
865 953 81 36 deze
974 957 240 44 gemoedelijte
1243 960 130 34 beawa-

401 1010 59 23 ren
487 999 88 34 klein
604 1010 32 24 te
663 1011 118 36 agten,
810 1014 65 25 zoo
903 1005 44 32 als
976 1005 97 43 blijkt
1100 1007 49 32 uit
1167 1007 69 34 den
1263 1008 109 42 Briet,

401 1048 79 33 dien
517 1047 45 47 hij
597 1057 32 26 te
664 1051 102 36 dezen
793 1051 98 44 tijde,
928 1063 82 25 over
1034 1053 41 35 de
1104 1053 173 50 Heiliging
1304 1068 69 23 vau

400 1098 40 34 de
468 1096 172 36 Iinderen
677 1100 59 33 der
765 1099 192 49 Coloovigen
991 1103 37 33 in
1056 1102 153 37 Chriuus
1243 1104 127 47 uitgaf;

400 1157 58 23 om
494 1145 54 34 qat
580 1156 55 32 er;
676 1157 76 37 zegt
787 1148 67 44 hij,
891 1160 144 24 omtrent
1073 1151 41 33 de
1143 1153 103 33 eerſte
1274 1165 99 35 vraag

400 1195 58 35 des
486 1194 258 47 Kinderdoops,
781 1198 117 46 eenige
933 1199 177 39 meerdere
1134 1201 176 48 beweging
1335 1204 35 33 in

398 1244 44 34 de
470 1244 91 34 KRerk
597 1245 161 44 beſpeurd
788 1248 122 34 wierd:
947 1249 125 34 ſehoon
1110 1249 43 46 hij
1182 1261 93 36 egter
1301 1252 69 42 oob

399 1294 169 34 erkennen
596 1305 127 32 moest,
750 1296 54 34 dat
832 1296 28 33 al
887 1298 44 44 bij
961 1298 56 34 het
1045 1299 98 45 begin
1174 1311 60 24 vân
1263 1301 107 45 zijnen

398 1341 266 42 Kerkendienst,
699 1355 85 23 voor.
819 1355 145 27 omtrent
998 1348 69 34 vier
1096 1359 42 23 en
1168 1341 122 55 vijftig-
1304 1344 65 51 jaa-

396 1402 81 28 ren,
504 1390 86 46 (Hij
617 1392 137 38 ſchreef
775 1393 48 37 dit
852 1405 12 23 1
895 1395 93 35 Nov.
1020 1396 122 45 1728)
1167 1399 118 45 ecnige
1312 1401 59 36 be-

397 1440 187 46 denkingen
617 1441 151 46 gevallen
795 1453 132 30 waren,
962 1445 45 44 bij
1037 1444 170 36 Leeraren
1233 1458 38 23 en
1302 1447 65 36 Le-

395 1491 154 33 dematen
578 1499 62 24 van
666 1490 78 36 dien
773 1491 70 45 tijd.
893 1492 39 35 in
962 1493 41 33 de
1038 1494 43 38 16
1109 1495 102 34 eerſte
1235 1495 132 47 bladij-

396 1538 64 33 den
499 1548 63 24 van
598 1537 104 35 dezen
739 1539 108 42 brief,
881 1541 92 46 geeſt
1006 1542 45 44 hij
1085 1553 82 30 eene
1193 1544 93 44 juiſte
1312 1547 55 33 be-

385 1586 187 47 ſchrijving
609 1597 61 23 van
708 1587 63 35 den
808 1588 76 36 ſtaat
919 1591 56 33 des
1003 1591 160 45 geſchils,
1199 1590 167 47 toonende

394 1636 177 45 duidelije,
609 1636 55 34 dat
700 1637 44 45 hij
766 1647 74 28 een
877 1650 74 35 regt
985 1640 117 46 begrip
1139 1640 64 34 had
1235 1653 60 23 van
1325 1643 41 43 de

394 1685 104 45 plaats
528 1685 177 35 hebbende
731 1687 217 45 zmarigheid,
982 1689 125 34 endat
1132 1689 133 36 dezelve
1296 1693 69 34 niet

392 1745 90 23 maar
508 1734 105 34 alleen
645 1736 48 33 uit
721 1736 57 34 het
807 1735 132 47 Rwalijk
966 1738 144 34 verſtaan
1134 1749 60 24 van
1222 1739 43 35 de
1293 1751 73 24 eer-

392 1783 46 34 ſte
475 1794 97 35 vraag
608 1783 57 35 des
694 1783 235 48 Rinderdoops
961 1787 178 42 ontſtond,
1175 1799 87 25 maar
1294 1790 71 35 ool

391 1833 198 46 betrebking
626 1833 65 34 had
727 1843 50 26 tot
812 1834 39 34 de
880 1835 140 46 ganſche
1049 1835 107 35 Leere
1185 1837 58 36 der
1269 1849 96 36 gere-

390 1881 189 36 formeerde
606 1881 115 44 Rerk;
758 1894 142 25 waarom
938 1885 32 34 ik
996 1895 61 24 een
1083 1885 110 42 ieder,
1229 1887 52 34 die
1306 1887 58 44 de-

381 1942 65 24 zer
478 1932 103 33 zaken
615 1933 154 36 wenscht
805 1932 126 48 Kundig
962 1943 32 24 te
1025 1934 157 43 worden,
1217 1946 47 30 en
1286 1936 75 39 daar

390 1990 69 26 toe
472 1980 227 47 gelegenheid
726 1982 108 41 heeft,
864 1984 56 33 het
946 1983 176 47 aandagtig
1141 1985 134 38 nalezen
1294 1996 65 24 van

390 2029 47 36 dit
466 2029 142 37 voorſtel
635 2029 66 38 wel
725 2030 102 40 durve
854 2033 205 45 aanprijzen;
1086 2043 41 30 na
1156 2033 86 42 welk
1265 2035 95 45 bere-

1218 2082 140 41 Ce-

1381 1381 12 11 —
