1529 2696
436 388 32 36 A
517 388 33 35 A
597 384 25 39 N

481 511 11 9 1

276 594 40 43 L
417 587 98 45 CE
572 572 142 58 OZ
790 566 114 75 OE
990 566 107 75 OR

303 795 6 10 «

210 821 83 81 D
307 866 85 28 aar
409 853 55 37 het
490 850 106 37 alleen
623 859 56 27 ten
706 860 92 25 uwen
818 845 121 51 dienfte
962 848 45 43 is,
1032 848 59 36 dat
1110 829 79 65 mijn

210 936 41 24 ne
278 921 138 37 bekende
451 915 72 48 vijf
536 916 145 35 Brieven
709 911 71 46 zijn
804 914 214 46 uitgegeven,
1056 921 41 23 en
1132 908 57 37 ook

209 988 81 34 deze
327 979 109 46 Brief
457 977 198 48 gefchreven
687 975 51 42 is,
787 983 61 39 agt
885 974 33 34 ik
954 974 57 35 het
1042 974 117 47 noodig
1177 998 14 18 ,

210 1044 151 40 evenveel
389 1049 66 27 met
479 1039 81 36 welk
587 1051 60 23 een
668 1049 58 36 oos
754 1037 59 45 Gij
833 1037 40 34 de
900 1035 203 36 behandelde
1131 1048 63 25 za-

212 1111 64 36 ken
300 1104 199 51 befchouwt,
526 1102 64 46 mij
614 1101 48 46 bij
680 1101 39 34 U
737 1109 34 27 te
795 1099 202 48 verdedigen
1015 1106 95 41 tegen
1128 1109 62 25 cen

211 1168 225 44 wooroordeel,
469 1166 59 35 dat
565 1165 60 45 Gij
659 1172 147 27 omtrent
839 1164 65 46 mij
935 1163 100 36 zoudt
1069 1163 124 36 hebben

215 1238 130 37 kunnen
372 1237 160 42 opgevat,
559 1229 49 35 als
635 1227 41 48 of
690 1225 33 38 ik
751 1237 56 25 een
824 1225 87 48 flout
928 1237 42 24 en
991 1227 201 48 twistgierig

215 1299 132 39 mensch
372 1306 119 29 ware,
524 1291 52 36 die
608 1290 51 36 elk
686 1290 204 48 uitdaagde,
927 1300 52 25 om
1013 1297 69 27 met
1117 1289 78 35 hem

215 1367 35 33 in
269 1364 24 33 t
319 1358 170 47 flrijdperk
508 1365 32 26 te
568 1354 123 36 treden.
735 1353 90 36 Zulk
849 1364 59 24 een
926 1352 152 47 nadeelig
1095 1352 102 35 denke

216 1428 92 38 beeld
329 1421 205 51 aangaande
562 1419 60 35 den
657 1416 176 46 Schrijver
862 1422 91 40 mogt
982 1415 137 48 eenigen
1143 1417 55 33 in-

218 1493 93 36 vloed
335 1489 122 35 hebben
480 1486 36 35 in
539 1496 54 24 uw
617 1478 130 39 oordeel
771 1488 78 26 over
874 1476 41 36 de
943 1476 91 37 zaak
1061 1477 53 36 die
1144 1477 56 47 hij

216 1550 202 50 verdedigt!

279 1691 56 35 Bij
370 1679 39 36 de
443 1673 253 50 aankondiging
732 1670 62 38 der
829 1670 147 37 Brieven
1001 1680 67 26 van
1102 1679 100 26 ALE-

223 1752 251 31 THOPHILUS
505 1750 70 25 AAN
600 1746 359 31 PHILADELPHUS,
992 1732 90 49 heeft
1106 1746 96 33 men,

223 1810 103 37 onder
362 1806 172 39 anderen,
574 1800 35 36 in
646 1800 40 35 de
727 1795 280 51 Rotterdamfche
1049 1796 154 37 Courant

222 1885 71 25 van
322 1869 196 49 Dijngsdag
540 1864 63 36 den
629 1872 20 35 5
676 1861 83 50 Mey
788 1864 103 45 1789.
925 1861 72 36 IN.
1013 1868 69 37 54
1110 1866 97 49 open-

224 1935 63 48 lijk
321 1931 205 40 verzekerd;
569 1926 70 36 Dat
676 1926 40 34 de
754 1924 188 45 Schrijver,
993 1923 105 36 onder
1141 1923 65 35 den

226 2009 95 25 naam
346 2007 62 25 van
435 1980 243 58 Philadelphus
708 1987 212 45 {chuilende,
946 2005 83 9 —
1064 1998 45 34 op
1140 1987 67 45 zijn

231 2061 149 46 Sytema
403 2071 65 26 zoo
500 2058 88 37 ftout
621 2065 91 31 was,
748 2053 55 37 dat
832 2053 50 47 hij
907 2050 106 46 allen,
1050 2050 54 36 die
1135 2049 76 39 daar

688 2105 42 34 ee
980 2102 29 7 2.
1157 2120 59 28 roe
