1554 2690
381 287 196 32 KVIV
625 290 23 25 0
699 286 96 26 OR
812 245 356 83 REDEN

381 377 49 29 tot
445 369 68 48 tijd
525 370 35 34 in
576 368 74 47 zijn
667 367 186 47 Heiligdom
874 363 164 50 gehouden
1056 363 112 46 heeft,
1195 377 38 25 en
1251 365 114 38 welke

375 433 153 47 gevolgen
552 443 71 23 men
644 430 85 36 daar
751 432 72 42 uit,
847 440 81 24 voor
943 439 54 23 ons
1014 440 38 23 en
1075 429 61 34 den
1152 436 199 39 tegenwoor=

380 496 94 49 digen
501 495 87 47 tijd,
613 495 116 44 wettig
754 493 66 34 kan
833 504 54 32 en
909 499 83 27 moet
1017 492 151 46 afkiden.

427 570 44 24 IK
495 571 66 24 zou
586 560 86 33 nooit
692 556 128 48 geloofd
837 538 144 65 ‘hebben,
1007 553 59 35 dat
1091 565 54 23 een
1170 555 120 47 kundig
1315 566 40 25 en

377 623 130 50 geleerd
528 621 209 48 Godgeleerde
759 619 79 47 mij,
870 620 35 33 in
930 617 102 35 dezen
1069 617 86 46 tijd,
1180 618 73 34 hier
1277 628 82 24 over

381 696 52 27 ter
456 684 286 46 verantwoording
766 694 65 23 zou
851 691 154 37 geroepen
1027 680 140 44 hebben,
1192 691 58 23 zoo
1277 685 81 28 vast

382 750 189 38 werbeeldde
594 749 33 34 ik
654 747 78 45 mij,
758 745 59 35 dat
840 744 65 35 alle
930 743 183 47 kundigen,
1138 754 59 23 zoo
1229 743 37 33 al
1290 743 67 33 niet

383 817 37 33 in
443 815 38 35 de
500 813 174 47 praktijk,
698 818 56 27 ten
782 807 135 41 minften
942 810 36 31 in
1001 806 38 34 de
1065 806 145 44 theorie,
1235 805 75 34 bier
1324 806 36 33 in

383 879 101 35 thans
508 873 242 51 eensgevoelend
770 883 138 33 waren,
940 870 110 35 indien
1075 869 39 35 de
1137 869 70 34 Hr.
1232 870 46 34 4.
1304 867 62 45 mij

383 953 46 24 zu
455 940 56 35 bet
534 938 162 48 tegendeel
708 939 68 33 niet
798 933 80 37 deed
896 934 243 41 ondervinden;
1164 933 56 35 het
1239 933 125 44 fchijnt

386 1004 62 47 mij
479 1012 88 39 egter
601 1010 50 26 toe
684 1001 60 33 dat
768 997 50 46 bij
840 998 52 34 dit
909 997 76 45 fluk
1024 998 67 33 niet
1118 1007 79 24 zeer
1221 1008 141 23 naauw-

385 1068 115 45 keurig
524 1063 88 44 beeft
639 1063 170 46 ingedagt,
835 1067 96 28 want
955 1060 119 34 anders
1097 1071 94 23 ware
1215 1059 55 34 bet
1302 1072 58 22 on-

387 1130 159 54 mogelijk,
555 1134 162 41 geweest,
742 1126 61 35 dat
825 1123 72 46 hij,
921 1122 52 35 die
1000 1130 75 40 zegt
1097 1134 80 36 geen
1201 1122 162 45 Syflema-

388 1196 84 33 ticus
497 1201 32 27 te
556 1191 94 46 zijn,
688 1202 39 23 en
753 1200 80 36 geen
865 1186 143 47 Syflema
1039 1192 32 27 te
1095 1186 143 43 kennen,
1272 1198 95 24 wan-

386 1268 76 24 neer
484 1256 56 34 het
565 1265 36 36 op
624 1254 220 35 onderzoeken
866 1251 178 42 aankomt,
1070 1249 38 34 al
1122 1251 150 33 evenwel
1289 1262 80 25 over

392 1320 88 34 Gods
512 1318 89 45 vrije
637 1316 266 46 Genadewegen,
939 1314 52 35 uit
1025 1312 62 35 den
1111 1320 80 28 aart
1214 1325 69 24 van
1316 1327 57 23 een

390 1381 210 47 menfchelijk
635 1379 158 36 Verbond
824 1391 65 23 zou
920 1377 114 37 willen
1065 1376 232 48 geredeneerd,
1330 1391 40 23 en

391 1446 41 34 de
461 1443 191 36 Waarheid
675 1453 86 24 naar
782 1440 330 36 charakterizerende
1149 1440 220 46 Leerftukken

392 1507 185 37 werklaard
598 1506 134 35 hebben.
985 1508 11 11 ’

441 1645 90 26 Noa
561 1640 110 40 oppert
697 1631 40 36 de
761 1631 70 36 Hr.
848 1631 49 35 A.
922 1630 36 36 in
984 1627 91 48 zijne
1108 1625 177 37 woorreden
1302 1636 73 24 eene

396 1701 115 44 zaak,
543 1707 101 27 waar
680 1705 70 24 van
781 1694 34 35 ik
840 1694 73 37 bier
936 1695 57 35 ook
1018 1689 126 47 wooraf
1164 1691 61 34 iets
1252 1690 125 34 melden

395 1770 107 39 moet,
528 1772 50 24 om
602 1759 60 35 dat
685 1759 34 35 ik
749 1759 67 34 niet
832 1757 244 49 goedgevonden
1094 1754 81 43 heb,
1200 1754 35 33 in
1260 1750 122 46 mijnen

394 1826 95 48 brief
514 1825 120 35 zelven
667 1821 61 46 mij
758 1820 86 35 daar
882 1834 79 23 over
992 1820 187 38 wuittelaten.
1227 1839 27 20 5
1280 1806 104 54 Houd

396 1916 28 21 „
451 1887 154 50 (febrijft
631 1884 73 47 bij)
729 1884 118 34 vooral
871 1884 61 36 den
962 1883 93 49 flaat
1079 1882 54 35 des
1157 1877 137 49 gefchils
1321 1887 59 23 on-

34 1970 6 24 É
395 1978 28 21 „»
448 1952 59 35 der
522 1950 56 35 het
595 1960 77 36 oog,
697 1949 190 35 welkeniet
913 1949 51 41 is,
990 1947 41 40 of
1050 1958 35 21 er
1101 1955 73 24 eene
1198 1943 179 45 algemeene

444 2013 195 47 aanbieding
665 2023 70 24 van
750 2011 57 35 het
831 2009 148 36 verbond
997 2009 117 45 plaats
1128 2005 127 48 grijpt
1240 2001 23 65 ,
1280 2015 99 24 maar

394 2105 29 22 »
449 2079 41 46 of
507 2078 87 35 allen
621 2076 267 46 verbondelingen
915 2072 74 47 zijn
1012 2084 39 25 en
1075 2071 147 46 blijven,
1247 2069 52 35 die
1325 2067 58 35 het

396 2167 30 25 2»
448 2139 147 41 verbond
611 2138 208 48 inflemmen,
838 2138 104 36 e:*
1269 2140 113 29 OVER
