1584 2718
426 261 58 48 35

429 352 179 48 righeden,
639 355 53 36 die
719 358 50 35 uit
795 359 59 35 het
881 372 226 37 aangenomen
1138 370 189 40 Leerftelfel
1358 384 50 27 ten

430 413 66 35 gen
531 404 42 34 de
607 407 143 44 praktijk
784 411 264 49 onophoudelijk
1085 420 195 46 opkomen
1255 416 37 55 ,
1316 424 89 37 doen

427 452 57 47 zig
509 464 68 37 nog
602 465 62 24 van
690 456 58 46 tijd
773 467 52 26 tot
849 460 60 45 tijd
932 464 176 46 gevoelen.

656 276 527 40 PHIVADELPHEU
1156 272 12 48 Ss

484 562 94 25 ToT
603 563 61 24 een
691 556 113 36 nieuw
830 558 117 47 bewijs
972 562 72 37 hter
1068 575 59 25 van
1148 579 66 25 zou
1231 581 63 24 een
1318 572 96 47 geval

429 598 134 37 kunnen
592 602 167 45 ftrekken,
787 606 54 35 dat
868 610 33 33 in
923 611 40 33 de
979 612 97 45 Jaren
1102 619 92 43 1769
1222 630 49 25 tot
1303 631 103 37 1771.

428 649 74 35 veel
532 653 137 42 opziens
694 655 139 44 baarde,
857 669 41 24 en
927 671 62 24 van
1015 673 118 37 wegen
1160 668 41 34 de
1222 669 187 45 bijkomen-

428 698 43 36 de
498 700 313 49 omftandigheden,
837 708 69 34 niet
935 710 87 35 door
1046 713 162 46 redenen,
1236 729 86 31 maar
1343 720 65 44 Sy-

426 748 118 35 nodaal
580 761 106 36 gezag
720 754 109 46 gefust
864 758 48 41 is,
948 759 68 47 dog
1047 761 55 36 dat
1135 766 34 34 ik
1201 777 70 25 mer
1303 765 102 55 opzet

425 798 135 45 voorbij
588 810 62 35 ga,
682 802 49 34 uit
757 814 92 38 vrees
878 807 55 34 dat
959 819 76 24 men
1068 813 78 44 mijn
1175 817 153 42 verhaal,
1355 828 49 25 te-

421 856 68 38 gen
516 848 79 46 mijn
625 852 185 45 oogmerk,
836 864 97 38 mogt
963 858 182 50 uitleggen.

472 954 134 28 MAAR
627 948 35 35 ik
682 949 63 35 kan
767 951 69 35 niet
856 955 152 45 voorbij,
1035 956 72 38 hier
1126 961 34 34 in
1172 960 40 36 de
1225 959 179 53 tijdorder,

421 992 54 36 die
493 995 33 34 ik
547 996 120 47 volge,
694 1000 61 33 iets
774 1010 31 24 te
817 1012 129 36 zeggen
959 1016 60 24 van
1042 1007 55 36 het
1107 1009 115 39 Boek
1202 988 23 65 ,
1243 1024 86 24 waar
1338 1026 61 34 van

419 1043 37 37 ik
475 1044 44 45 bij
530 1043 63 36 den
605 1056 146 38 aanvang
763 1060 60 23 van
845 1053 121 44 mijaen
987 1057 151 35 tweeden
1158 1058 109 44 Brief,
1287 1063 40 34 b/.
1342 1065 57 35 88.

419 1092 34 39 in
474 1091 245 51 tvoorbijgaan
738 1098 116 44 {prak
836 1087 22 61 ,
882 1102 104 35 onder
1000 1104 65 36 den
1075 1117 93 25 naam
1180 1120 62 23 van
1258 1111 140 37 Brieven

404 1152 90 31 „over
503 1143 62 34 den
579 1143 227 50 Kinderdoop,
832 1148 34 34 in
883 1150 58 35 het
952 1151 77 46 Jaar
1045 1164 13 25 r
1064 1165 83 35 779.
1159 1167 31 25 te
1200 1160 201 38 Amfterdam

418 1189 47 45 bij
492 1190 145 48 Holtrop
665 1195 223 48 uitgegeven;
921 1210 41 24 en
993 1200 25 37 ’*t
1036 1205 86 34 welk
1140 1206 107 36 federt
1268 1210 26 34 is
1324 1221 76 25 aan-

417 1238 194 49 gekondigd
630 1244 105 35 onder
754 1246 63 34 den
835 1247 80 45 tijtel
938 1261 62 24 van
1022 1255 132 46 agitien
1168 1267 234 36 gemeenzame

418 1299 43 24 en
482 1291 230 44 gemoedelijke
734 1294 143 37 Brieven
901 1310 77 24 over
1002 1302 63 35 den
1086 1303 116 47 Doop,
1229 1317 72 25 enz.

468 1347 97 25 MEN
593 1339 86 63 wete
694 1339 168 63 namelijk
888 1346 53 36 dat
969 1359 37 25 er
1031 1352 32 33 in
1084 1351 177 47 Engeland
1287 1368 110 28 waren

416 1386 220 46 uitgekomen
673 1399 87 26 twee
793 1394 226 45 gefchriften,
1060 1400 57 35 het
1142 1402 62 36 één
1235 1416 60 23 van
1325 1406 71 37 Mr.

415 1444 299 35 ADDINGTON,
751 1439 178 40 Predikant
965 1448 105 35 onder
1107 1451 41 33 de
1174 1452 223 39 Nonconfor-

415 1484 141 42 misten,
591 1495 49 25 ter
665 1488 216 50 verdediging
907 1505 61 24 van
996 1494 63 38 den
1086 1498 240 50 Kinderdoop;
1353 1516 43 24 en

414 1531 61 35 het
492 1534 100 34 ander
609 1546 60 23 van
689 1536 64 37 Dr.
773 1551 177 28 sAMvEL
975 1556 254 37 STENNETT,
1256 1552 140 47 Doops-

413 1582 122 46 gezind
563 1581 165 46 Leeraar,
754 1589 35 33 in
817 1588 54 35 dat
898 1591 109 38 zelfde
1037 1597 81 45 rijk,
1146 1608 49 26 ter
1213 1596 184 58 wederleg.

410 1632 86 46 Sing
521 1642 62 24 van
609 1633 58 36 het
691 1636 113 35 eerfte.

469 1690 149 28 ZEKER
646 1683 254 50 Nederlander,
929 1692 218 39 behoorende
1175 1698 94 46 (zoo
1286 1700 46 35 als
1350 1701 47 47 hij

413 1729 55 47 zig
501 1731 219 48 voordoedt)
755 1745 49 25 tot
846 1750 86 25 onze
968 1744 159 43 publieke
1156 1747 111 44 Kerk,
1305 1761 90 26 maar

411 1787 74 26 met
511 1789 82 25 eene
615 1782 261 50 Doopsgezinde
899 1800 118 26 vrouw
1043 1796 197 43 getrouwd,
1264 1798 129 47 fchrijft

411 1828 108 35 onder
545 1829 64 35 den
636 1841 93 26 naam
759 1845 60 25 van
847 1848 61 24 een
937 1840 244 45 Proteflantsch
1208 1846 180 46 Christen,

409 1878 126 45 agttien
565 1879 154 44 brieven,
746 1885 246 39 onderteekend
1016 1890 37 36 P.
1080 1893 44 37 C.
1150 1905 59 24 aan
1227 1892 161 52 zekeren,

407 1925 99 35 mede
554 1933 258 43 ongenoemden
856 1938 296 45 gereformeerden
1191 1940 198 58 Predikant,

406 1984 91 27 waar
523 1976 34 35 in
586 1978 46 45 hij
658 1979 63 35 den
748 1981 268 49 laatstgemelden
1046 1992 123 48 verflag
1193 1994 102 35 doede
1322 2006 62 26 van

405 2022 66 36 den
504 2026 129 36 inhoud
668 2029 59 35 der
762 2032 155 38 fchriften
957 2038 73 36 dier
1069 2049 87 27 twee
1192 2040 188 56 genoeïnde

402 2070 191 52 Engelfche
615 2076 282 54 Godgeleerden
862 2066 35 68 ;
923 2085 85 52 Dog
1036 2088 47 37 dit
1112 2090 122 50 verflag
1258 2094 26 35 is
1312 2105 69 46 zoo

1329 2154 51 27 I=

805 2182 10 12 °
1370 2192 12 8 -
