1588 2694
410 279 461 309 I0

631 274 1175 303 PHILADELPHUS

471 1553 627 1581 EERST,
655 1540 709 1573 dat
737 1540 768 1573 ik
795 1539 899 1572 alleen
928 1548 1003 1572 naar
1029 1548 1088 1570 een
1117 1536 1217 1570 ander
1248 1535 1399 1579 Syema

422 1595 488 1629 heb
518 1591 714 1637 omgezien,
742 1590 788 1622 uit
815 1588 941 1621 hoofde
966 1598 1026 1620 van
1047 1588 1146 1631 mijne
1167 1586 1397 1630 zwarigheden

423 1653 521 1689 tegen
548 1642 603 1674 het
631 1637 844 1678 Leerelſel,
869 1648 929 1670 van
960 1637 983 1669 't
1010 1636 1096 1669 welk
1123 1636 1176 1676 ik,
1203 1634 1304 1668 onder
1335 1635 1398 1668 den

423 1703 515 1726 naam
546 1701 609 1724 van
639 1689 695 1722 het
723 1686 961 1723 Labadistisch
991 1684 1103 1733 Stelſel
1127 1684 1251 1729 ſpreke.

473 1793 556 1824 TEN
594 1797 825 1824 ANDEREN,
864 1787 918 1820 dat
949 1785 981 1818 ik
1011 1783 1068 1828 mij
1107 1785 1140 1816 in
1171 1782 1211 1816 de
1242 1781 1401 1828 beſchrij‑

423 1841 504 1887 ving
529 1849 591 1874 van
621 1836 720 1873 Gods
750 1836 909 1871 Verbond
938 1836 1006 1868 niet
1029 1832 1129 1880 gelijk
1156 1833 1268 1878 blijve.

471 1943 557 1974 TEN
593 1946 799 1978 DERDEN,
845 1936 899 1970 dat
928 1933 961 1967 ik
991 1933 1059 1966 niet
1089 1932 1225 1979 bewijze
1259 1929 1282 1964 't
1311 1938 1402 1976 geen

421 1990 455 2024 ik
483 1988 644 2033 bewijzen
670 1994 788 2022 moest.

1300 2087 1396 2114 TEN

411 462 483 494 niet
511 459 557 492 als
584 468 645 491 een
674 457 770 502 lastig
797 455 1022 490 Twistſchrift
1053 466 1265 501 wegwerpe,
1301 466 1388 488 maar

413 510 472 544 der
498 508 607 553 lezing
847 506 990 550 waardig
1017 505 1183 539 oordeele.
635 508 816 551 eenigszins

415 363 468 403 ik,
495 359 601 394 indien
631 359 661 391 ik
689 358 806 392 anders
831 360 891 390 iets
913 356 1102 401 wezenlijks
1121 357 1286 403 verrigten
1309 355 1385 398 wil,

415 411 480 445 wel
510 421 574 444 zoo
605 407 699 441 diene
727 418 758 442 te
780 407 960 452 ſchrijven,
987 404 1040 439 dat
1060 417 1137 439 men
1157 407 1279 451 mijnen
1302 406 1393 440 brief

464 568 591 593 MAAR
615 556 723 591 welke
751 556 850 589 reden
880 563 939 588 van
972 555 1089 598 klagen
1112 554 1146 587 ik
1175 554 1243 587 ook
1272 563 1389 588 meene

414 619 448 642 te
470 608 625 645 hebben,
652 605 778 652 gedane
798 606 918 650 dingen
938 604 1069 637 hebben
1090 614 1172 649 geen
1193 604 1286 637 keer!
1317 603 1388 637 Des

411 657 464 692 zal
501 658 535 690 ik
572 656 627 700 mij
668 666 745 688 naar
783 654 861 698 mijn
898 653 991 698 geval
1027 653 1186 697 geduldig
1221 653 1389 686 ſchikken.

419 1002 579 1049 bepaalde
610 999 838 1034 denkbeelden
871 998 1125 1042 voortedragen.

414 707 500 752 Dog
526 715 619 751 egter
648 715 736 739 maer
764 715 847 738 voor
878 703 956 735 deze
984 703 1064 735 ééne
1093 704 1175 743 reis,
1212 714 1268 736 om
1297 702 1391 735 rede‑

415 767 480 792 nen
511 756 561 789 die
591 756 644 799 mij
677 765 710 788 te
737 754 838 787 dezen
865 752 942 799 tijde
970 752 1154 797 bewegen,
1192 761 1280 785 want
1308 761 1393 785 voor

416 806 441 840 't
468 805 606 849 vervolg
634 804 775 837 verzoek
803 803 835 836 ik
865 801 929 835 wel
960 811 1033 834 zeer
1064 800 1204 846 ernig,
1232 800 1312 834 zelfs
1331 806 1392 832 van

414 857 473 890 het
500 855 673 899 aandagtig
704 853 796 887 lezen
826 861 886 884 van
906 850 1003 883 zulke
1025 850 1165 896 Boekjes
1185 848 1394 883 verſchoond

414 910 447 939 te
477 903 633 941 worden,
668 905 698 935 in
725 902 857 936 welken
884 910 959 933 men
990 901 1043 944 zig
1069 909 1158 933 meer
1185 899 1310 943 toelegt
1338 906 1395 931 om

417 956 495 989 kort
527 962 557 986 te
583 952 674 996 zijn,
698 951 757 985 dan
792 961 848 983 om
869 948 1170 994 ſamenhangende,
1198 947 1332 981 heldere
1353 957 1394 980 en

468 1062 523 1086 OP
549 1051 602 1084 dat
631 1051 694 1096 gij,
721 1049 835 1082 Eerw.
863 1045 954 1081 Heer
982 1057 1020 1079 en
1045 1045 1208 1086 Broeder,
1236 1053 1294 1078 uw
1323 1055 1396 1078 ver‑

418 1102 537 1146 langen
570 1111 646 1132 naar
676 1109 734 1132 een
766 1097 854 1130 klaar
883 1107 924 1128 en
953 1096 1172 1128 veraanbaar
1200 1093 1393 1134 antwoord,

418 1162 483 1186 zoo
511 1149 584 1183 veel
613 1148 666 1192 mij
694 1145 855 1192 mogelijk
876 1146 921 1185 is,
949 1155 1068 1189 moogt
1095 1143 1232 1177 voldaan
1254 1143 1392 1183 vinden,

417 1212 458 1234 en
495 1209 541 1243 op
578 1198 631 1231 dat
661 1197 748 1231 ieder
778 1195 864 1228 lezer
892 1204 1000 1227 weten
1030 1194 1158 1233 zoude,
1194 1201 1259 1225 wat
1289 1191 1335 1238 hij
1363 1193 1395 1224 in

419 1251 534 1284 dezen
554 1249 674 1293 mijnen
703 1245 799 1282 brief
817 1254 850 1278 te
874 1253 1006 1288 wagten
1037 1244 1166 1283 hebbe,
1203 1241 1250 1274 zal
1278 1241 1310 1273 ik
1339 1242 1394 1273 het

420 1300 497 1344 plan
511 1297 621 1332 dezer
649 1296 765 1339 mijner
789 1293 1089 1338 Verantwoording
1117 1302 1214 1336 tegen
1245 1290 1283 1322 de
1312 1290 1397 1322 brie‑

421 1359 481 1382 ven
519 1357 582 1381 van
620 1345 681 1382 den
717 1343 778 1378 Hr.
815 1344 856 1377 A.
894 1341 1016 1375 vooraf
1045 1351 1208 1386 opgeven.
1261 1339 1310 1382 Zij
1346 1336 1394 1372 zal

421 1407 503 1444 gaan
533 1406 615 1428 over
643 1394 722 1427 deze
752 1393 824 1426 drie
851 1391 1053 1433 Bezwaren,
1081 1391 1165 1424 door
1195 1389 1270 1422 hem
1293 1397 1391 1435 tegen

422 1447 477 1491 mij
506 1445 689 1490 ingebragt.
742 1439 932 1483 Namelijk:
