1611 2715
441 286 49 48 86
675 300 577 35 PHILADELPHDUS
1226 288 30 57 3

446 380 63 33 van
546 379 57 34 het
637 381 169 48 inwendig
835 382 172 46 geëstelijk
1034 385 290 37 Genadeverbond
1351 397 69 26 met

446 427 78 35 hem
552 428 179 46 inftemden
760 442 39 24 en
828 432 40 33 de
898 434 192 46 wettigheid
1119 447 61 23 van
1201 435 139 36 deszelfs
1359 448 59 35 ge-

445 476 83 46 volg
554 478 68 34 niet
646 479 166 35 lochenen
842 481 155 41 konden,
1032 494 109 25 moest
1168 485 78 46 deze
1275 487 145 46 ergernis

445 528 157 40 danzien,
622 537 75 26 en_
717 530 68 34 niet
818 531 227 46 tegenftaande
1076 533 40 34 de
1149 534 190 45 wezenlijke
1365 546 59 36 ge-

439 575 347 49 moedszwarigheid,
808 579 55 35 dat
883 590 95 33 men,
1005 591 75 25 naar
1099 582 80 35 deze
1200 583 67 35 leer
1289 594 31 24 te
1341 595 79 24 oor-

442 623 137 43 deelen,
608 626 62 34 den
699 627 44 36 H,
770 628 108 45 Doop
898 635 58 28 aan
976 630 242 46 onderwerpen
1238 634 182 45 bediende,

439 672 57 35 die
532 685 76 24 naar
635 675 94 47 Jefus
761 678 95 34 bevel
886 678 75 35 daar
992 689 55 27 toe
1081 682 145 45 waarlijk
1256 679 167 54 ongereg-

442 722 70 46 úgd
548 734 132 33 waren,
724 730 214 44 voortgaan,
963 729 63 34 alle
1065 730 158 35 kinderen
1261 736 60 30 wan
1362 742 61 35 ge-

438 771 131 48 doopte
590 774 222 45 Christenen,
839 774 124 38 zonder
990 779 117 46 eenige
1140 781 131 34 verdere
1299 781 127 35 uitflui

438 820 73 48 ting
536 832 32 24 te
597 822 147 47 doopen.

435 885 8 16 «
486 881 83 24 pEs
591 870 140 38 Heeren
759 874 151 44 Keppels
935 875 234 48 Amptgenoot
1193 889 43 25 en
1255 878 164 50 Zwager,

436 917 43 35 de
510 919 60 34 Hr.
597 920 38 34 P.
661 933 186 31 nanuis,
874 924 64 45 gâf
959 926 30 32 in
1012 927 66 44 zijn
1098 927 91 35 Kort
1210 928 129 47 Begrip
1359 932 62 34 der

437 967 222 47 Christelijke
685 972 155 46 Religie,
876 974 47 34 bl:
958 986 83 34 aas.
1064 985 52 25 en
1142 988 99 24 verv.
1263 979 63 34 wel
1355 983 63 30 ee

435 1024 310 30 AANHANGSEL
782 1025 51 39 op
871 1022 41 33 de
956 1022 69 35 leer
1062 1024 55 35 des
1157 1024 257 48 Kinderdoops,

434 1069 102 31 waar
553 1067 32 32 in
615 1068 45 44 hij
687 1069 196 42 beweerde,
901 1070 64 35 dat
989 1082 61 25 een
1072 1073 145 42 Leeraar
1241 1081 84 29 voor
1345 1079 70 45 zig-

434 1114 120 35 zelven
579 1117 139 44 vrijheid
746 1129 42 23 en
814 1121 121 32 ruimte
966 1121 84 41 had,
1079 1134 56 24 om
1166 1134 60 23 aan
1254 1125 159 35 kinderen

434 1174 66 23 van
528 1165 151 47 gedoopte
696 1166 185 37 Christen-
892 1161 150 60 Ouders,
1070 1171 61 33 den
1155 1171 114 46 Doop
1265 1161 90 60 niet
1366 1179 47 29 te

433 1214 180 45 weigeren.
666 1214 105 40 Dog,
807 1217 46 35 ats
883 1218 33 34 ík
949 1219 57 33 het
1036 1231 127 36 zeggen
1197 1233 98 35 mag,
1331 1224 82 34 deze

432 1262 167 35 waafheid
628 1264 145 36 bouwde
803 1266 45 46 hij
874 1278 45 33 op
948 1267 95 35 zulke
1072 1270 172 46 gronden,
1268 1272 55 35 dat
1351 1273 62 35 her

432 1311 60 44 mij
521 1312 69 33 piet
617 1315 229 42 verwòndert,
872 1316 62 37 dat.
953 1328 59 23 een
1036 1318 83 35 Man
1146 1331 71 23 van-
1235 1321 51 33 die
1314 1322 100 34 denk-

432 1360 116 44 wije,
584 1362 108 34 welke
726 1363 40 33 de
807 1364 77 35 Ur
902 1364 133 47 Keppel
1071 1369 62 33 had
1168 1371 248 44 áangenomen;,

433 1410 57 43 zig
524 1408 77 36 daar
631 1411 97 35 mede
758 1413 69 34 úiet
848 1414 74 35 kon
951 1420 31 31 te
1010 1404 136 63 vreden.
1160 1419 158 44 honden;
1356 1421 59 36 be-

431 1457 120 35 halven
587 1469 71 37 nog
682 1460 55 34 dat
766 1462 40 34 de
835 1461 65 36 Hr;
923 1463 152 45 Nahuis,
1111 1467 102 46 gelijk
1243 1474 74 28 men
1347 1469 68 35 wel

430 1515 79 25 eens
538 1517 90 25 meer
652 1510 85 41 ziet,
773 1510 105 34 alleen
910 1512 57 35 het
997 1516 144 44 gemoed
1170 1516 58 36 der
1253 1517 163 36 Bediena-

431 1565 58 24 ren
519 1555 58 35 des
600 1556 124 46 Doops
753 1559 99 34 zoekt
879 1569 31 24 te
939 1562 100 34 vrede
1065 1564 32 34 te
1125 1564 135 43 ftellen,
1288 1568 125 34 zonder

431 1604 42 34 de
510 1606 363 47 gemoedszwarigheid
901 1609 59 41 der
985 1612 132 36 Ouders
1174 1619 41 30 én
1241 1610 169 56 Doopge-

431 1654 114 45 tuigen
574 1665 80 24 eens
679 1661 234 38 aantereren,
945 1670 85 24 even
1059 1662 45 35 als
1127 1662 43 35 of
1187 1663 50 34 die
1267 1665 33 34 in
1328 1676 87 35 geen

429 1704 216 47 aanmerking
670 1705 173 44 kwamen,
877 1718 70 27 zoo
973 1720 88 25 maar
1086 1711 40 35 de
1154 1710 143 38 Leeraar
1327 1716 32 32 in

427 1751 118 47 begrip
576 1753 64 35 kan
666 1755 143 43 komen,
844 1755 56 36 dat
926 1757 46 46 hij
999 1770 77 25 naar
1104 1761 58 34 het
1188 1762 136 35 oordeel
1354 1763 59 36 der

426 1798 123 37 Liefde
580 1811 32 26 te
641 1804 92 34 werk
758 1813 97 37 gaat,
889 1816 40 25 en
958 1807 61 37 dus
1043 1812 60 32 van
1132 1810 41 34 de
1201 1812 84 34 zaak
1309 1811 38 35 af
1370 1812 43 37 is.

442 1911 118 26 “HET
585 1902 28 34 is
639 1901 80 47 mij,
743 1910 69 27 met
837 1903 47 35 dit
910 1904 83 37 alles
1008 1909 199 43 onbewust,
1233 1909 57 36 dat
1304 1920 36 25 er
1358 1910 50 35 fe=

422 1949 74 36 dert
518 1961 47 33 op
594 1951 80 34 deze
701 1953 231 46 zwarigheden
962 1958 100 45 eenig
1088 1969 224 37 genoegzaam
1333 1970 74 24 ant-

422 1999 118 36 woord
568 2001 27 33 is
623 2001 170 45 gegeven,
831 2002 60 35 dan
920 2004 85 36 door
1033 2007 63 35 den
1129 2006 61 36 Hr.
1226 2018 35 25 m
1286 2019 123 33 JANs-

63 2059 5 22 ;
419 2058 173 35 SONIUS,
616 2048 177 38 Predikant
816 2060 37 26 te
884 2053 187 47 Veendam,
1104 2057 34 35 in
1167 2056 39 35 de
1231 2056 172 38 Provintie

1341 2117 62 26 van
