1568 2691
365 263 484 291 XVIII

594 262 1216 298 VOORREDEN.

369 344 453 390 (dat
489 344 659 390 hetzelfde
690 348 741 393 bij
774 349 835 394 mij
861 347 919 395 is)
957 362 1029 385 eene
1063 352 1259 397 aanbieding
1300 353 1357 388 des

369 408 569 449 Verbonds,
593 406 636 455 of
646 421 719 443 eene
735 409 926 456 algemeene
944 414 1137 458 aanbieding
1158 418 1243 450 nooit
1260 430 1361 460 voor;

368 470 527 515 daarom,
553 472 695 507 anderen
724 473 831 509 hunne
867 476 1018 520 vrijheid
1047 478 1196 523 latende,
1234 481 1363 514 verkies

366 534 400 566 ik
431 545 511 566 voor
541 535 724 581 mijzelven
744 537 795 571 die
815 539 1060 586 bewoordingen
1079 543 1159 576 niet.
1187 543 1244 577 De
1265 545 1362 579 reden

371 595 423 630 die
448 598 481 631 ik
507 598 592 633 daar
621 613 700 635 voor
724 601 806 646 heb,
841 603 890 645 is,
926 613 974 635 om
1018 603 1077 637 dat
1114 606 1168 649 zij
1197 607 1359 653 onchrif

366 661 511 706 tuurlijk
532 663 633 708 zijn;
661 676 722 708 en,
749 676 904 699 wanneer
920 666 954 698 ik
975 665 1062 700 Gods
1080 679 1189 714 wegen
1208 672 1358 716 nadenk,

367 735 427 758 zoo
454 726 504 759 als
530 726 605 771 zij,
641 734 695 761 ten
721 730 866 763 aanzien
895 729 1008 774 zijner
1043 730 1175 776 Kerke,
1214 734 1360 780 dadelijk

359 788 475 832 plaats
498 790 608 835 gehad
625 790 746 824 hebben
773 802 811 824 en
831 803 889 838 nog
915 792 1057 837 hebben,
1086 794 1148 839 mij
1173 798 1240 830 niet
1249 797 1359 843 chij

366 863 426 885 nen
453 860 484 886 te
514 854 765 889 beantwoorden
789 865 856 888 aan
883 853 943 887 den
960 867 1075 890 waren
1085 858 1178 902 aat
1207 861 1264 894 der
1293 873 1358 895 za

364 912 446 957 ken,
474 923 530 949 ten
558 919 693 959 minen
719 920 787 951 niet
810 918 841 949 in
872 918 944 950 dien
974 920 1048 959 zin,
1076 922 1110 953 in
1140 923 1266 955 welken
1287 934 1359 956 men

365 977 548 1024 dezelven,
575 994 634 1015 zoo
662 981 695 1014 ik
725 993 831 1024 meen,
860 980 1039 1025 doorgaans
1059 984 1225 1028 gebruikt.

413 1053 642 1076 WANNEER
659 1042 835 1086 Christus,
862 1042 912 1085 bij
923 1043 1114 1088 voorbeeld,
1269 1047 1356 1081 Gaat
1139 1054 1215 1091 zegt
1228 1062 1246 1087 ;

367 1104 474 1146 heen,
507 1104 638 1149 predikt
679 1105 734 1139 het
762 1104 986 1149 Euangelium
1029 1105 1114 1139 allen
1143 1108 1348 1144 Creaturen:

369 1168 534 1203 Wanneer
565 1169 700 1203 Paulus
727 1169 842 1210 zeide;
881 1163 957 1202 Zoo
980 1168 1022 1212 zij
1048 1180 1069 1203 u
1096 1169 1157 1204 dan
1200 1173 1354 1220 bekend,

364 1231 513 1265 Mannen
542 1231 730 1272 Broeders,
763 1231 816 1265 dat
857 1231 943 1266 door
973 1231 1089 1266 Dezen
1116 1245 1136 1267 u
1168 1239 1350 1283 vergeving

364 1294 421 1327 der
440 1294 569 1328 zonden
591 1295 798 1340 verkondigd
821 1298 950 1336 wordt;
978 1298 1044 1331 dan
1063 1300 1122 1332 ben
1141 1299 1173 1333 ik
1194 1301 1275 1334 zulk
1296 1313 1351 1335 een

363 1358 542 1403 armelijke
560 1359 753 1404 letterknegt
773 1361 861 1405 niet,
886 1360 947 1394 dat
965 1361 998 1394 ik
1017 1362 1051 1394 in
1070 1361 1122 1395 die
1140 1363 1352 1410 voorellen,

363 1422 403 1456 de
428 1422 580 1457 woorden
609 1421 766 1465 prediken
795 1435 834 1458 en
856 1424 1085 1470 verkondigen
1107 1427 1174 1459 niet
1202 1434 1268 1460 met
1295 1426 1352 1461 het

362 1484 477 1520 woord
501 1484 681 1518 aanbieden
709 1487 812 1520 zoude
834 1487 961 1520 durven
988 1489 1212 1535 verwiselen.
1239 1489 1352 1525 Want

362 1549 520 1582 wanneer
544 1548 577 1581 ik
603 1547 655 1582 die
684 1548 863 1596 Prediking
888 1563 954 1585 aan
979 1553 1045 1586 alle
1077 1553 1287 1596 Creaturen,
1314 1565 1353 1586 en

362 1612 415 1645 die
440 1611 681 1659 Verkondiging
702 1614 760 1648 der
785 1615 962 1660 vergeving
990 1615 1066 1649 door
1090 1616 1132 1661 J.
1161 1617 1198 1650 C.
1225 1628 1291 1650 aan
1313 1616 1353 1650 de

362 1670 495 1720 Joden,
522 1673 556 1709 in
582 1675 668 1709 haar
687 1684 765 1710 aart
789 1689 827 1710 en
847 1689 964 1712 wezen
985 1678 1174 1725 bechouw,
1200 1679 1266 1714 dan
1286 1680 1352 1714 kan

363 1738 397 1771 ik
433 1737 596 1782 waarlijk
632 1740 700 1772 niet
734 1739 853 1773 anders
888 1741 989 1785 zien,
1025 1740 1065 1787 of
1091 1741 1148 1776 het
1181 1752 1255 1776 was
1297 1754 1353 1777 een

365 1801 575 1847 Aanbieding
610 1813 679 1836 van
714 1803 868 1838 Christus
905 1816 944 1838 en
979 1816 1049 1838 van
1086 1805 1174 1840 Gods
1212 1807 1359 1855 genadig

362 1861 531 1908 Verbond,
556 1866 661 1899 welke
686 1878 753 1902 aan
776 1867 828 1901 die
856 1867 1021 1914 menchen
1054 1869 1184 1915 gedaan
1216 1872 1351 1914 wierd;

364 1939 403 1961 en
443 1928 548 1963 welke
584 1929 780 1975 aanbieding
819 1930 870 1965 die
906 1930 1071 1977 menchen
1107 1943 1285 1968 aannemen
1310 1946 1351 1969 en

364 1990 629 2039 homologeren,
655 1992 696 2037 of
714 1993 882 2038 afwijzen
910 2008 948 2029 en
977 1995 1174 2039 repudiren
1202 1997 1345 2042 konden,

365 2065 451 2092 naar
474 2057 534 2092 dat
551 2055 657 2092 hunne
676 2059 881 2106 overtuiging
899 2057 940 2106 of
956 2059 1074 2107 reden,
1100 2061 1153 2098 die
1170 2062 1225 2110 zij
1240 2073 1347 2096 meen

1288 2125 1351 2160 den
