1600 2718
418 321 465 357 52

636 324 1163 358 PHILADELPHUS

1301 2127 1366 2162 den

423 412 483 436 van
510 403 541 436 in
571 404 694 449 mijnen
713 407 814 442 IVden
841 410 930 444 brief
942 411 1066 456 gedaan
1086 414 1171 456 heb,
1197 416 1262 449 niet
1280 415 1392 451 aldus:

422 511 479 535 zoo
503 502 529 535 is
557 501 582 535 't
607 504 722 550 geloof
740 508 940 554 vernietigd,
976 521 1016 544 en
1045 519 1098 544 DE
1137 523 1336 548 BELOFTE
1363 515 1393 550 is

420 451 536 486 Indien
555 453 624 498 zij,
652 455 702 489 die
721 458 771 491 uit
788 458 825 491 de
837 458 913 494 Wet
933 460 1023 504 zijn,
1045 462 1275 510 Erfgenamen
1294 466 1389 511 zijn,

417 548 613 596 afgechaft.
709 554 866 591 Daarom
905 552 991 602 [zijn
1021 555 1061 603 zij
1094 558 1148 608 't]
1174 563 1224 597 die
1252 563 1304 598 uit
1333 565 1394 598 den

416 599 542 644 geloove
571 601 662 644 zijn,
700 610 737 647 op
764 605 822 639 dat
851 605 960 653 [het]
999 619 1090 643 naar
1117 613 1244 655 genade
1272 611 1391 659 [zij],

405 1137 474 1171 ook
503 1138 560 1172 het
590 1139 685 1185 geval
710 1141 768 1175 der
796 1141 930 1188 Heilige
963 1144 1151 1180 Schriften!

415 654 470 681 ten
498 649 593 683 einde
627 662 679 684 DE
715 663 916 688 BELOFTE
948 666 1019 691 vast
1047 655 1096 700 zij
1124 668 1194 693 aan
1222 660 1277 695 het
1303 673 1391 708 gan

404 693 490 742 che
513 699 615 733 zaad.
645 710 716 734 enz.
743 701 827 735 Men
863 704 923 737 kan
962 705 1151 740 denzelfden
1189 709 1393 752 preektrant

411 745 504 787 zien,
532 746 629 781 Rom.
651 748 718 783 IX.
873 753 948 787 Gal.
969 753 1032 789 III.
1066 758 1130 796 I6,
1164 768 1216 803 I7.
1238 769 1277 792 en
1302 759 1390 805 Eph.
812 752 843 785 8.
746 762 790 794 4,

410 793 460 828 II.
494 805 547 829 I2.
582 797 614 829 in
656 798 762 833 welke
797 800 905 835 laate
938 803 1042 846 plaats
1076 804 1158 840 zelfs
1198 817 1257 841 van
1287 817 1392 842 VER

409 852 594 879 BONDEN
622 855 695 881 DER
722 859 920 884 BELOFTE
946 853 1130 897 geproken
1154 857 1280 898 wordt,
1309 866 1390 891 zon

409 892 468 925 der
499 893 552 926 dat
578 904 631 935 er,
667 898 763 940 mijns
790 898 965 941 oordeels,
999 903 1112 948 eenige
1142 906 1269 939 andere
1298 906 1388 940 zaak

406 940 492 975 door
518 942 581 975 kan
610 944 751 978 veraan
783 947 940 989 worden,
968 950 1029 983 dan
1061 952 1112 984 die
1142 951 1247 987 elders
1284 955 1318 987 in
1347 954 1389 987 de

406 988 453 1023 H.
488 990 523 1026 S.
556 995 749 1040 eenvoudig
779 995 863 1030 Gods
903 998 1074 1041 Verbond,
1111 1001 1168 1040 of,
1214 1003 1316 1047 gelijk
1353 1005 1387 1036 in

405 1039 447 1071 de
474 1041 692 1086 aangehaalde
720 1053 762 1076 en
792 1045 909 1079 andere
936 1045 1079 1090 plaaten
1108 1048 1224 1094 blijkt,
1253 1052 1292 1085 de
1320 1051 1389 1085 Be

405 1086 484 1133 lofte
523 1091 691 1135 genoemd
729 1093 847 1127 wordt.
897 1095 976 1130 Zoo
1008 1098 1033 1130 is
1070 1097 1130 1130 dan
1167 1099 1245 1144 mijn
1285 1099 1382 1146 geval

453 1197 548 1222 TEN
583 1199 821 1224 ANDEREN:
850 1191 906 1225 De
951 1194 1009 1227 Hr.
1049 1196 1091 1228 A.
1122 1205 1198 1240 zegt
1238 1197 1280 1231 bl.
1328 1209 1382 1232 I0.

451 1233 491 1269 Ik
520 1237 583 1270 kan
609 1239 676 1271 niet
701 1240 805 1283 gisen
835 1252 922 1274 waar
952 1253 1009 1276 aan
1038 1244 1094 1277 het
1128 1245 1381 1289 toetechrijven

454 1286 501 1326 is,
529 1286 584 1319 dat
613 1287 669 1320 het
696 1288 1019 1326 GenadeVerbond
1034 1304 1078 1337 op
1102 1292 1142 1326 de
1174 1304 1255 1328 eene
1275 1295 1380 1339 plaats

450 1333 534 1367 door
570 1344 594 1368 u
627 1337 793 1380 genoemd
824 1340 932 1374 wordt
969 1341 1056 1375 Gods
1085 1345 1382 1389 voorwaardelijke

452 1380 586 1427 belofte,
614 1394 654 1417 en
686 1396 729 1429 op
760 1385 800 1418 de
827 1388 945 1423 andere
982 1389 1086 1433 plaats
1120 1391 1275 1437 duidelijk
1306 1404 1379 1428 ver

453 1430 564 1465 klaard
592 1434 720 1473 wordt,
747 1434 800 1468 dat
829 1437 885 1470 het
920 1438 1081 1473 Verbond
1110 1440 1229 1474 beaat
1259 1443 1290 1475 in
1320 1443 1379 1477 het

449 1481 721 1522 voorwaardelijk
751 1485 893 1524 voorel
915 1487 1030 1530 Gods,
1059 1488 1086 1523 't
1106 1489 1187 1523 welk
1215 1491 1292 1525 door
1316 1492 1381 1526 den

450 1529 583 1563 mensch
611 1541 835 1576 aangenomen
870 1538 988 1570 wordt.
1052 1538 1321 1573 Ondertuschen
1348 1542 1377 1575 is

452 1576 500 1610 dit
524 1578 645 1620 zeker,
672 1579 725 1612 dat
762 1591 836 1615 men
867 1583 924 1617 het
953 1585 1112 1620 Verbond
1141 1587 1173 1619 in
1206 1586 1229 1620 't
1258 1589 1379 1634 geheel

449 1627 519 1659 niet
548 1637 692 1661 noemen
721 1630 805 1670 kan,
840 1631 926 1666 Gods
962 1635 1252 1680 voorwaardelijke
1278 1637 1380 1684 belof

449 1684 501 1717 te;
526 1686 615 1710 want
646 1676 694 1711 dit
724 1678 750 1711 is
774 1689 858 1725 geen
888 1681 1084 1717 Verbond.

447 1723 487 1758 Ik
513 1724 599 1759 denk
627 1728 695 1761 niet
717 1727 771 1761 dat
797 1728 837 1762 de
858 1728 918 1764 Hr.
941 1731 985 1766 A.
1014 1733 1070 1777 mij
1097 1734 1144 1768 zal
1174 1735 1372 1778 betwisten,

394 1772 451 1807 dat
472 1784 553 1810 men
583 1775 681 1810 Gods
711 1775 890 1820 Verbond,
917 1791 983 1814 zoo
1011 1781 1068 1816 het
1092 1785 1132 1817 de
1158 1783 1289 1830 Belofte
1313 1795 1374 1830 ge

395 1823 521 1857 noemd
547 1823 608 1858 kan
648 1825 805 1868 worden,
841 1829 912 1862 ook
950 1829 1046 1865 Gods
1080 1834 1370 1877 voorwaardelijke

391 1871 516 1917 Belofte
714 1875 799 1915 kan,
835 1888 892 1911 om
919 1878 994 1912 daar
1032 1880 1117 1915 door
1152 1893 1210 1916 aan
1239 1892 1272 1916 te
1301 1884 1373 1917 dui
533 1877 690 1916 noemen

393 1920 458 1954 den
492 1921 533 1954 de
568 1923 803 1958 voorwaarden
841 1937 901 1959 van
938 1928 1061 1973 geloof
1083 1940 1123 1963 en
1163 1932 1366 1976 bekeering,

392 1969 448 2003 die
474 1980 535 2003 aan
563 1971 659 2006 Gods
699 1973 845 2008 beloften
881 1987 942 2009 van
973 1979 1100 2023 genade
1132 1990 1173 2013 en
1204 1979 1367 2024 zaligheid

390 2019 515 2064 gehegt
542 2020 626 2064 zijn:
659 2021 755 2056 Maar
782 2023 836 2057 dat
865 2035 911 2058 nu
943 2026 1038 2061 Gods
1068 2028 1228 2062 Verbond
1257 2039 1362 2063 waar

389 2067 449 2114 lijk
474 2069 512 2104 de
536 2068 661 2116 Belofte
695 2074 866 2119 genoemd
899 2073 966 2109 kan
992 2076 1154 2121 worden,
1189 2077 1288 2127 blijkt
1312 2079 1363 2112 uit
