1590 2702
40 560 2 28 Sen
39 503 3 42 eeen
40 417 3 73 en
38 254 6 152 eee
40 224 4 15 een
38 124 8 89 een

407 300 42 27 Ie
631 291 525 32 PHILADELPHOUS

404 380 71 40 zal;
511 389 41 24 en
584 377 131 34 daarom
752 374 88 35 heeft
870 373 43 45 hij
941 373 57 35 het
1031 373 69 33 niet
1135 381 78 24 eens
1247 366 128 48 noodig

405 438 118 39 geagt,
552 438 75 28 om,
653 427 125 45 volgens
797 424 69 44 zijn
887 421 101 47 eerfle
1002 423 101 45 plan,
1130 422 71 45 (zie
1220 418 33 35 bl
1283 412 82 57 120)

405 479 104 44 mijne
534 473 223 45 voornaamfte
786 470 233 47 zwarigheden
1048 471 35 34 in
1110 468 206 46 overweging
1342 474 34 26 te

405 538 126 26 wemen.
584 525 24 33 ’t
634 524 31 34 Is
696 533 87 24 waar
816 521 42 45 hij
888 521 62 33 laat
984 520 47 34 dit
1060 530 41 22 na
1137 519 104 34 onder
1271 526 105 24 voor-

406 575 166 42 wendfel,
606 574 53 33 dat
688 573 32 33 ik
746 581 116 36 ergens
891 580 65 24 zou
988 568 127 47 gezegd
1144 568 152 38 hebben,
1321 564 56 34 dat

408 627 35 34 ik
473 636 68 23 met
567 624 40 34 de
631 621 229 47 zwarigheden
884 630 95 36 tegen
1005 619 38 33 de
1070 618 68 41 leer
1165 616 57 34 der
1245 613 132 46 publie-

407 676 44 35 ke
479 674 89 35 Kerk
597 673 68 33 niet
696 682 61 22 van
794 668 133 35 nooden
956 668 86 39 heb,
1078 665 108 45 dewijl
1212 665 32 33 ik
1272 663 106 34 alleen

407 734 110 25 moest
553 731 206 30 aantoonen,
804 718 109 34 welke
950 717 39 34 de
1026 716 67 33 leer
1129 715 56 34 der
1221 712 158 45 publieke

409 774 93 35 Kerk
523 783 98 24 ware,
667 769 71 35 Des
764 778 74 36 zegt
858 767 44 44 hij
923 764 162 36 catzelfde
1110 775 45 23 nu
1179 764 66 34 ook
1269 771 109 29 maar,

410 834 43 24 en
485 823 76 34 daar
589 819 94 36 mede
713 820 26 32 is
767 819 66 42 hij,
860 827 65 23 zoo
952 815 48 33 als
1027 814 113 34 buiten
1172 810 114 46 twijfel
1316 819 63 25 een

408 872 92 36 jeder
521 871 48 34 zal
597 869 231 37 toeftemmen,
856 876 62 22 van
939 865 46 33 dir
1003 863 92 40 ftuk,
1123 861 54 35 dat
1202 861 57 35 het
1280 869 100 37 groo-

411 931 34 25 te
471 920 138 35 doelwit
636 928 61 24 van
737 917 79 42 mijn
845 913 160 46 fchrijven
1035 923 86 29 was,
1158 909 138 45 loffelijk
1324 907 58 41 af;

411 970 134 36 latende
580 967 44 45 kij
659 976 83 24 voor
765 963 24 35 *t
821 964 134 45 overige
993 961 40 34 de
1069 961 143 37 moeite,
1255 968 55 24 om
1343 955 42 34 de

413 1018 173 49 gegrond-
613 1014 45 37 of
678 1011 276 48 ongegrondheid
975 1021 60 23 van
1056 1009 47 34 dit
1132 1000 225 56 voorwendfel
1371 1028 13 17 ,

414 1080 43 23 en
483 1079 60 24 van
568 1066 24 34 *t
621 1062 145 49 gevolg,
802 1061 54 34 dat
883 1060 45 44 hij
960 1059 124 34 daaruit
1116 1067 50 24 tot
1196 1057 84 39 zijne
1313 1064 75 23 ver-

413 1117 186 43 fchooning
619 1113 106 38 trekt,
754 1120 30 24 te
813 1109 253 38 onderzoeken,
1094 1117 58 23 aan
1179 1105 55 44 mij
1261 1114 41 24 en
1322 1098 66 54 den

413 1166 110 36 Lezer
557 1173 105 31 overs
701 1170 66 24 zoo
800 1159 54 45 wij
887 1158 64 34 lust
979 1156 156 40 hebben,
1170 1165 66 23 zoo
1265 1162 123 36 mogen

413 1217 57 44 wij
498 1216 72 33 zien
600 1221 66 26 wat
694 1209 74 35 daar
802 1219 60 22 van
894 1207 60 45 zij!
990 1205 43 36 of
1056 1216 66 24 zoo
1153 1204 35 34 ik
1215 1201 171 36 verkiezen

414 1274 116 37 mogt,
569 1262 78 34 zulk
675 1270 83 23 eene
788 1256 185 47 drogreden
1009 1257 32 32 in
1079 1255 75 33 haar
1191 1263 86 25 waar
1305 1250 83 34 licht

416 1322 33 26 te
476 1311 165 47 plaatfen,
678 1309 33 37 ik
744 1307 63 34 kan
834 1306 78 43 mijn
950 1315 87 36 gang
1064 1304 100 45 gaan!
1205 1299 105 46 Aküjd
1338 1297 50 35 zal

415 1373 79 25 men
523 1361 63 34 wel
615 1357 121 36 middel
766 1355 138 37 vinden,
942 1365 55 23 om
1027 1353 68 44 mij
1118 1361 66 24 met
1212 1360 61 23 een
1311 1358 78 34 paar

417 1422 74 25 zeer
520 1411 168 41 beknopte
718 1403 106 48 regels
851 1402 69 35 ftof
946 1412 31 24 te
1005 1412 127 36 geven,
1167 1408 50 26 tot
1252 1399 55 33 het
1332 1399 57 32 be-

417 1460 161 46 fchrijven
600 1468 60 23 van
691 1455 118 44 eenige
838 1452 139 41 bladen,
1004 1452 51 32 die
1077 1448 151 35 niemand
1249 1447 48 34 zal
1318 1446 73 35 wil

417 1510 55 34 len
510 1508 117 34 lezen!
675 1504 55 35 En
769 1512 75 23 men
882 1501 49 33 zal
970 1500 48 34 dit
1054 1498 112 47 langer
1205 1495 185 36 uichouden

415 1559 62 35 dan
505 1558 52 33 ik!

465 1618 83 25 Hor
577 1603 123 46 weinig
737 1598 256 37 ondertusfchen
1027 1597 40 34 de
1094 1595 90 36 Heer
1221 1595 41 35 A.
1290 1593 99 36 wilde

418 1658 146 44 fchijnen
594 1662 68 27 met
690 1651 100 45 mijne
818 1646 229 48 zwarigheden
1078 1656 30 23 te
1139 1646 86 36 doen
1256 1654 31 27 te
1307 1643 83 34 heb»

417 1710 85 37 ben,
530 1703 92 35 heeft
649 1702 42 45 hij
721 1709 94 37 egter
840 1696 288 48 goedgevonden,
1155 1695 55 45 mij
1241 1694 149 33 daarom-

418 1765 87 28 trent
532 1755 41 34 &/.
599 1763 78 24 1eo.
707 1751 47 33 dit
774 1748 168 44 onderrigt
970 1755 31 25 te
1029 1755 125 37 geven:
1182 1769 23 16 „
1225 1739 162 41 Evenwel

469 1803 57 35 wil
549 1804 34 33 ik
611 1812 20 23 u
660 1800 65 34 wel
755 1797 187 39 verklaren,
969 1794 54 34 dat
1048 1795 32 33 ik
1108 1804 106 37 geene
1242 1790 147 47 zwarig-

468 1854 104 35 heden
605 1861 61 23 van
694 1846 167 39 *t-minfte
889 1844 119 47 belang
1047 1853 95 37 tegen
1170 1844 41 32 de
1238 1841 68 34 leer
1331 1839 59 34 der

466 1901 158 47 publieke
645 1898 112 41 Kerk,
785 1907 64 24 zoo
878 1894 45 35 als
941 1893 34 34 ik
1001 1893 53 34 die
1074 1894 65 33 heb
1169 1898 217 40 opgegeven,

467 1954 118 33 kenne.
636 1950 171 35 Wanneer
831 1954 75 24 men
936 1942 69 35 ook
1033 1953 76 28 oper
1136 1940 158 37 niemand
1315 1947 69 24 oor-

464 2002 102 39 deelt,
604 2009 40 23 en
683 1997 69 35 wiet
784 1995 155 44 bepaalt,
973 1992 65 33 wie
1073 2002 94 23 ware
1194 1988 195 36 Christenen

468 2051 80 46 zijn,
572 2059 42 25 en
640 2047 58 38 het
717 2041 232 49 veronderflelt
969 2050 65 26 van
1054 2039 86 39 allen
1169 2039 51 36 die
1244 2036 72 37 niet
1336 2044 51 27 er-

1261 2110 25 19 »”
1311 2093 75 39 BEF

417 1832 25 18 5

416 1881 27 19 „3

416 1930 24 19 2

415 1979 25 19 9

416 2028 23 18 53

416 2077 26 18 „3
