<?xml version="1.0" encoding="UTF-8"?>
<alto xmlns="http://www.loc.gov/standards/alto/ns-v3#" xmlns:xlink="http://www.w3.org/1999/xlink" xmlns:xsi="http://www.w3.org/2001/XMLSchema-instance" xsi:schemaLocation="http://www.loc.gov/standards/alto/ns-v3# http://www.loc.gov/alto/v3/alto-3-0.xsd">
	<Description>
		<MeasurementUnit>pixel</MeasurementUnit>
		<sourceImageInformation>
			<fileName>			</fileName>
		</sourceImageInformation>
		<OCRProcessing ID="OCR_0">
			<ocrProcessingStep>
				<processingSoftware>
					<softwareName>tesseract v4.1.0-elag2019</softwareName>
				</processingSoftware>
			</ocrProcessingStep>
		</OCRProcessing>
	</Description>
	<Layout>
		<Page WIDTH="1564" HEIGHT="2718" PHYSICAL_IMG_NR="0" ID="page_0">
			<PrintSpace HPOS="0" VPOS="0" WIDTH="1564" HEIGHT="2718">
				<TextBlock ID="block_0" HPOS="310" VPOS="292" WIDTH="829" HEIGHT="56">
					<TextLine ID="line_0" HPOS="310" VPOS="292" WIDTH="829" HEIGHT="56">
						<String ID="string_0" HPOS="310" VPOS="304" WIDTH="675" HEIGHT="44" WC="0.86" CONTENT="VERANTWOORDING"/><SP WIDTH="81" VPOS="304" HPOS="985"/>
						<String ID="string_1" HPOS="1066" VPOS="292" WIDTH="73" HEIGHT="51" WC="0.86" CONTENT="“35"/>
					</TextLine>
				</TextBlock>
				<TextBlock ID="block_1" HPOS="148" VPOS="382" WIDTH="1151" HEIGHT="1774">
					<TextLine ID="line_1" HPOS="160" VPOS="382" WIDTH="976" HEIGHT="68">
						<String ID="string_2" HPOS="160" VPOS="411" WIDTH="25" HEIGHT="39" WC="0.39" CONTENT="„‚"/><SP WIDTH="26" VPOS="411" HPOS="185"/>
						<String ID="string_3" HPOS="211" VPOS="406" WIDTH="68" HEIGHT="34" WC="0.96" CONTENT="niet"/><SP WIDTH="28" VPOS="406" HPOS="279"/>
						<String ID="string_4" HPOS="307" VPOS="402" WIDTH="55" HEIGHT="41" WC="0.80" CONTENT="af,"/><SP WIDTH="34" VPOS="402" HPOS="362"/>
						<String ID="string_5" HPOS="396" VPOS="410" WIDTH="87" HEIGHT="25" WC="0.96" CONTENT="maar"/><SP WIDTH="25" VPOS="410" HPOS="483"/>
						<String ID="string_6" HPOS="508" VPOS="407" WIDTH="46" HEIGHT="36" WC="0.94" CONTENT="op"/><SP WIDTH="34" VPOS="407" HPOS="554"/>
						<String ID="string_7" HPOS="588" VPOS="396" WIDTH="41" HEIGHT="36" WC="0.94" CONTENT="de"/><SP WIDTH="28" VPOS="396" HPOS="629"/>
						<String ID="string_8" HPOS="657" VPOS="396" WIDTH="151" HEIGHT="38" WC="0.93" CONTENT="Ouders,"/><SP WIDTH="26" VPOS="396" HPOS="808"/>
						<String ID="string_9" HPOS="834" VPOS="410" WIDTH="45" HEIGHT="9" WC="0.92" CONTENT="—"/><SP WIDTH="24" VPOS="410" HPOS="879"/>
						<String ID="string_10" HPOS="903" VPOS="402" WIDTH="41" HEIGHT="24" WC="0.96" CONTENT="en"/><SP WIDTH="28" VPOS="402" HPOS="944"/>
						<String ID="string_11" HPOS="972" VPOS="382" WIDTH="164" HEIGHT="59" WC="0.92" CONTENT="gevolge-"/>
					</TextLine>
					<TextLine ID="line_2" HPOS="156" VPOS="442" WIDTH="976" HEIGHT="57">
						<String ID="string_12" HPOS="156" VPOS="454" WIDTH="138" HEIGHT="45" WC="0.74" CONTENT="„lijk,"/><SP WIDTH="24" VPOS="454" HPOS="294"/>
						<String ID="string_13" HPOS="318" VPOS="452" WIDTH="54" HEIGHT="33" WC="0.95" CONTENT="dat"/><SP WIDTH="33" VPOS="452" HPOS="372"/>
						<String ID="string_14" HPOS="405" VPOS="458" WIDTH="104" HEIGHT="39" WC="0.96" CONTENT="geene"/><SP WIDTH="27" VPOS="458" HPOS="509"/>
						<String ID="string_15" HPOS="536" VPOS="447" WIDTH="142" HEIGHT="34" WC="0.96" CONTENT="Kinders"/><SP WIDTH="27" VPOS="447" HPOS="678"/>
						<String ID="string_16" HPOS="705" VPOS="454" WIDTH="123" HEIGHT="36" WC="0.96" CONTENT="mogen"/><SP WIDTH="30" VPOS="454" HPOS="828"/>
						<String ID="string_17" HPOS="858" VPOS="442" WIDTH="151" HEIGHT="46" WC="0.93" CONTENT="gedoopt"/><SP WIDTH="31" VPOS="442" HPOS="1009"/>
						<String ID="string_18" HPOS="1040" VPOS="444" WIDTH="92" HEIGHT="27" WC="0.38" CONTENT="wot-"/>
					</TextLine>
					<TextLine ID="line_3" HPOS="156" VPOS="479" WIDTH="1143" HEIGHT="69">
						<String ID="string_19" HPOS="156" VPOS="528" WIDTH="26" HEIGHT="20" WC="0.18" CONTENT="„‚"/><SP WIDTH="26" VPOS="528" HPOS="182"/>
						<String ID="string_20" HPOS="208" VPOS="504" WIDTH="81" HEIGHT="40" WC="0.95" CONTENT="den,"/><SP WIDTH="35" VPOS="504" HPOS="289"/>
						<String ID="string_21" HPOS="324" VPOS="500" WIDTH="63" HEIGHT="34" WC="0.96" CONTENT="dan"/><SP WIDTH="30" VPOS="500" HPOS="387"/>
						<String ID="string_22" HPOS="417" VPOS="509" WIDTH="61" HEIGHT="23" WC="0.96" CONTENT="van"/><SP WIDTH="30" VPOS="509" HPOS="478"/>
						<String ID="string_23" HPOS="508" VPOS="496" WIDTH="96" HEIGHT="35" WC="0.96" CONTENT="zulke"/><SP WIDTH="31" VPOS="496" HPOS="604"/>
						<String ID="string_24" HPOS="635" VPOS="494" WIDTH="173" HEIGHT="41" WC="0.96" CONTENT="Ouderen,"/><SP WIDTH="35" VPOS="494" HPOS="808"/>
						<String ID="string_25" HPOS="843" VPOS="491" WIDTH="50" HEIGHT="34" WC="0.96" CONTENT="die"/><SP WIDTH="29" VPOS="491" HPOS="893"/>
						<String ID="string_26" HPOS="922" VPOS="499" WIDTH="97" HEIGHT="32" WC="0.95" CONTENT="men,"/><SP WIDTH="37" VPOS="499" HPOS="1019"/>
						<String ID="string_27" HPOS="1056" VPOS="496" WIDTH="76" HEIGHT="24" WC="0.95" CONTENT="naar"/><SP WIDTH="135" VPOS="496" HPOS="1132"/>
						<String ID="string_28" HPOS="1267" VPOS="479" WIDTH="32" HEIGHT="39" WC="0.0" CONTENT="&quot;"/>
					</TextLine>
					<TextLine ID="line_4" HPOS="205" VPOS="535" WIDTH="963" HEIGHT="52">
						<String ID="string_29" HPOS="205" VPOS="554" WIDTH="62" HEIGHT="32" WC="0.95" CONTENT="den"/><SP WIDTH="36" VPOS="554" HPOS="267"/>
						<String ID="string_30" HPOS="303" VPOS="559" WIDTH="68" HEIGHT="25" WC="0.95" CONTENT="aart"/><SP WIDTH="34" VPOS="559" HPOS="371"/>
						<String ID="string_31" HPOS="405" VPOS="548" WIDTH="57" HEIGHT="34" WC="0.96" CONTENT="der"/><SP WIDTH="34" VPOS="548" HPOS="462"/>
						<String ID="string_32" HPOS="496" VPOS="545" WIDTH="120" HEIGHT="42" WC="0.95" CONTENT="liefde,"/><SP WIDTH="36" VPOS="545" HPOS="616"/>
						<String ID="string_33" HPOS="652" VPOS="542" WIDTH="133" HEIGHT="37" WC="0.96" CONTENT="houden"/><SP WIDTH="30" VPOS="542" HPOS="785"/>
						<String ID="string_34" HPOS="815" VPOS="542" WIDTH="63" HEIGHT="34" WC="0.96" CONTENT="kan"/><SP WIDTH="30" VPOS="542" HPOS="878"/>
						<String ID="string_35" HPOS="908" VPOS="549" WIDTH="84" HEIGHT="24" WC="0.96" CONTENT="voor"/><SP WIDTH="27" VPOS="549" HPOS="992"/>
						<String ID="string_36" HPOS="1019" VPOS="535" WIDTH="111" HEIGHT="49" WC="0.53" CONTENT="goede"/>
					</TextLine>
					<TextLine ID="line_5" HPOS="201" VPOS="584" WIDTH="946" HEIGHT="59">
						<String ID="string_37" HPOS="201" VPOS="601" WIDTH="200" HEIGHT="36" WC="0.96" CONTENT="Christenen"/><SP WIDTH="30" VPOS="601" HPOS="401"/>
						<String ID="string_38" HPOS="431" VPOS="607" WIDTH="41" HEIGHT="24" WC="0.92" CONTENT="en"/><SP WIDTH="29" VPOS="607" HPOS="472"/>
						<String ID="string_39" HPOS="501" VPOS="595" WIDTH="222" HEIGHT="48" WC="0.87" CONTENT="geloovigen;"/><SP WIDTH="27" VPOS="595" HPOS="723"/>
						<String ID="string_40" HPOS="750" VPOS="591" WIDTH="44" HEIGHT="35" WC="0.96" CONTENT="of"/><SP WIDTH="16" VPOS="591" HPOS="794"/>
						<String ID="string_41" HPOS="810" VPOS="600" WIDTH="56" HEIGHT="25" WC="0.93" CONTENT="ten"/><SP WIDTH="22" VPOS="600" HPOS="866"/>
						<String ID="string_42" HPOS="888" VPOS="587" WIDTH="158" HEIGHT="41" WC="0.85" CONTENT="minften,"/><SP WIDTH="27" VPOS="587" HPOS="1046"/>
						<String ID="string_43" HPOS="1073" VPOS="584" WIDTH="74" HEIGHT="35" WC="0.70" CONTENT="dat”"/>
					</TextLine>
					<TextLine ID="line_6" HPOS="188" VPOS="636" WIDTH="942" HEIGHT="61">
						<String ID="string_44" HPOS="188" VPOS="649" WIDTH="57" HEIGHT="47" WC="0.66" CONTENT="‘bij"/><SP WIDTH="37" VPOS="649" HPOS="245"/>
						<String ID="string_45" HPOS="282" VPOS="649" WIDTH="125" HEIGHT="48" WC="0.95" CONTENT="gebrek"/><SP WIDTH="37" VPOS="649" HPOS="407"/>
						<String ID="string_46" HPOS="444" VPOS="656" WIDTH="60" HEIGHT="24" WC="0.93" CONTENT="van"/><SP WIDTH="30" VPOS="656" HPOS="504"/>
						<String ID="string_47" HPOS="534" VPOS="644" WIDTH="185" HEIGHT="45" WC="0.93" CONTENT="zoodanige"/><SP WIDTH="29" VPOS="644" HPOS="719"/>
						<String ID="string_48" HPOS="748" VPOS="641" WIDTH="177" HEIGHT="39" WC="0.93" CONTENT="Ouderen,"/><SP WIDTH="36" VPOS="641" HPOS="925"/>
						<String ID="string_49" HPOS="961" VPOS="636" WIDTH="52" HEIGHT="34" WC="0.93" CONTENT="die"/><SP WIDTH="22" VPOS="636" HPOS="1013"/>
						<String ID="string_50" HPOS="1035" VPOS="644" WIDTH="95" HEIGHT="37" WC="0.93" CONTENT="egter"/>
					</TextLine>
					<TextLine ID="line_7" HPOS="202" VPOS="682" WIDTH="929" HEIGHT="55">
						<String ID="string_51" HPOS="202" VPOS="709" WIDTH="82" HEIGHT="25" WC="0.92" CONTENT="eene"/><SP WIDTH="26" VPOS="709" HPOS="284"/>
						<String ID="string_52" HPOS="310" VPOS="706" WIDTH="105" HEIGHT="27" WC="0.92" CONTENT="zware"/><SP WIDTH="20" VPOS="706" HPOS="415"/>
						<String ID="string_53" HPOS="435" VPOS="692" WIDTH="291" HEIGHT="45" WC="0.96" CONTENT="verantwoording"/><SP WIDTH="21" VPOS="692" HPOS="726"/>
						<String ID="string_54" HPOS="747" VPOS="690" WIDTH="108" HEIGHT="35" WC="0.96" CONTENT="zullen"/><SP WIDTH="24" VPOS="690" HPOS="855"/>
						<String ID="string_55" HPOS="879" VPOS="687" WIDTH="154" HEIGHT="37" WC="0.96" CONTENT="hebben,"/><SP WIDTH="27" VPOS="687" HPOS="1033"/>
						<String ID="string_56" HPOS="1060" VPOS="682" WIDTH="71" HEIGHT="36" WC="0.13" CONTENT="zul»"/>
					</TextLine>
					<TextLine ID="line_8" HPOS="201" VPOS="733" WIDTH="929" HEIGHT="58">
						<String ID="string_57" HPOS="201" VPOS="750" WIDTH="42" HEIGHT="34" WC="0.92" CONTENT="ke"/><SP WIDTH="25" VPOS="750" HPOS="243"/>
						<String ID="string_58" HPOS="268" VPOS="744" WIDTH="228" HEIGHT="47" WC="0.88" CONTENT="Doopheffers"/><SP WIDTH="27" VPOS="744" HPOS="496"/>
						<String ID="string_59" HPOS="523" VPOS="742" WIDTH="43" HEIGHT="36" WC="0.96" CONTENT="of"/><SP WIDTH="12" VPOS="742" HPOS="566"/>
						<String ID="string_60" HPOS="578" VPOS="742" WIDTH="171" HEIGHT="46" WC="0.94" CONTENT="Getuigen"/><SP WIDTH="28" VPOS="742" HPOS="749"/>
						<String ID="string_61" HPOS="777" VPOS="739" WIDTH="41" HEIGHT="35" WC="0.96" CONTENT="de"/><SP WIDTH="27" VPOS="739" HPOS="818"/>
						<String ID="string_62" HPOS="845" VPOS="738" WIDTH="104" HEIGHT="45" WC="0.95" CONTENT="plaats"/><SP WIDTH="28" VPOS="738" HPOS="949"/>
						<String ID="string_63" HPOS="977" VPOS="734" WIDTH="56" HEIGHT="35" WC="0.96" CONTENT="der"/><SP WIDTH="20" VPOS="734" HPOS="1033"/>
						<String ID="string_64" HPOS="1053" VPOS="733" WIDTH="77" HEIGHT="36" WC="0.83" CONTENT="Ou»"/>
					</TextLine>
					<TextLine ID="line_9" HPOS="202" VPOS="782" WIDTH="927" HEIGHT="58">
						<String ID="string_65" HPOS="202" VPOS="800" WIDTH="101" HEIGHT="33" WC="0.94" CONTENT="deren"/><SP WIDTH="38" VPOS="800" HPOS="303"/>
						<String ID="string_66" HPOS="341" VPOS="804" WIDTH="209" HEIGHT="36" WC="0.93" CONTENT="vervangen,"/><SP WIDTH="37" VPOS="804" HPOS="550"/>
						<String ID="string_67" HPOS="587" VPOS="802" WIDTH="64" HEIGHT="24" WC="0.96" CONTENT="van"/><SP WIDTH="35" VPOS="802" HPOS="651"/>
						<String ID="string_68" HPOS="686" VPOS="788" WIDTH="133" HEIGHT="37" WC="0.96" CONTENT="welken"/><SP WIDTH="31" VPOS="788" HPOS="819"/>
						<String ID="string_69" HPOS="850" VPOS="787" WIDTH="59" HEIGHT="35" WC="0.76" CONTENT="het"/><SP WIDTH="26" VPOS="787" HPOS="909"/>
						<String ID="string_70" HPOS="935" VPOS="782" WIDTH="194" HEIGHT="50" WC="0.91" CONTENT="opgemelte"/>
					</TextLine>
					<TextLine ID="line_10" HPOS="202" VPOS="839" WIDTH="496" HEIGHT="55">
						<String ID="string_71" HPOS="202" VPOS="849" WIDTH="62" HEIGHT="34" WC="0.95" CONTENT="kan"/><SP WIDTH="31" VPOS="849" HPOS="264"/>
						<String ID="string_72" HPOS="295" VPOS="843" WIDTH="205" HEIGHT="51" WC="0.95" CONTENT="geoordeeld"/><SP WIDTH="25" VPOS="843" HPOS="500"/>
						<String ID="string_73" HPOS="525" VPOS="839" WIDTH="173" HEIGHT="37" WC="0.78" CONTENT="worden.”"/>
					</TextLine>
					<TextLine ID="line_11" HPOS="199" VPOS="883" WIDTH="931" HEIGHT="57">
						<String ID="string_74" HPOS="199" VPOS="908" WIDTH="53" HEIGHT="25" WC="0.80" CONTENT="op"/><SP WIDTH="37" VPOS="908" HPOS="252"/>
						<String ID="string_75" HPOS="289" VPOS="896" WIDTH="45" HEIGHT="33" WC="0.82" CONTENT="dit"/><SP WIDTH="31" VPOS="896" HPOS="334"/>
						<String ID="string_76" HPOS="365" VPOS="894" WIDTH="125" HEIGHT="46" WC="0.95" CONTENT="begrip"/><SP WIDTH="38" VPOS="894" HPOS="490"/>
						<String ID="string_77" HPOS="528" VPOS="891" WIDTH="86" HEIGHT="38" WC="0.96" CONTENT="dan,"/><SP WIDTH="38" VPOS="891" HPOS="614"/>
						<String ID="string_78" HPOS="652" VPOS="888" WIDTH="53" HEIGHT="48" WC="0.92" CONTENT="C&#39;t"/><SP WIDTH="30" VPOS="888" HPOS="705"/>
						<String ID="string_79" HPOS="735" VPOS="887" WIDTH="90" HEIGHT="36" WC="0.96" CONTENT="welk"/><SP WIDTH="28" VPOS="887" HPOS="825"/>
						<String ID="string_80" HPOS="853" VPOS="886" WIDTH="36" HEIGHT="34" WC="0.96" CONTENT="ik"/><SP WIDTH="27" VPOS="886" HPOS="889"/>
						<String ID="string_81" HPOS="916" VPOS="896" WIDTH="22" HEIGHT="23" WC="0.96" CONTENT="u"/><SP WIDTH="28" VPOS="896" HPOS="938"/>
						<String ID="string_82" HPOS="966" VPOS="883" WIDTH="74" HEIGHT="34" WC="0.96" CONTENT="hier"/><SP WIDTH="22" VPOS="883" HPOS="1040"/>
						<String ID="string_83" HPOS="1062" VPOS="890" WIDTH="68" HEIGHT="25" WC="0.96" CONTENT="zoo"/>
					</TextLine>
					<TextLine ID="line_12" HPOS="152" VPOS="925" WIDTH="976" HEIGHT="65">
						<String ID="string_84" HPOS="152" VPOS="945" WIDTH="184" HEIGHT="45" WC="0.83" CONTENT="omftandig"/><SP WIDTH="26" VPOS="945" HPOS="336"/>
						<String ID="string_85" HPOS="362" VPOS="944" WIDTH="67" HEIGHT="33" WC="0.93" CONTENT="heb"/><SP WIDTH="26" VPOS="944" HPOS="429"/>
						<String ID="string_86" HPOS="455" VPOS="938" WIDTH="229" HEIGHT="49" WC="0.91" CONTENT="voorgefteld,"/><SP WIDTH="37" VPOS="938" HPOS="684"/>
						<String ID="string_87" HPOS="721" VPOS="948" WIDTH="57" HEIGHT="24" WC="0.96" CONTENT="om"/><SP WIDTH="28" VPOS="948" HPOS="778"/>
						<String ID="string_88" HPOS="806" VPOS="947" WIDTH="23" HEIGHT="23" WC="0.77" CONTENT="u"/><SP WIDTH="27" VPOS="947" HPOS="829"/>
						<String ID="string_89" HPOS="856" VPOS="945" WIDTH="33" HEIGHT="24" WC="0.77" CONTENT="te"/><SP WIDTH="29" VPOS="945" HPOS="889"/>
						<String ID="string_90" HPOS="918" VPOS="934" WIDTH="86" HEIGHT="33" WC="0.96" CONTENT="doen"/><SP WIDTH="10" VPOS="934" HPOS="1004"/>
						<String ID="string_91" HPOS="1014" VPOS="925" WIDTH="114" HEIGHT="55" WC="0.65" CONTENT="zien;"/>
					</TextLine>
					<TextLine ID="line_13" HPOS="150" VPOS="978" WIDTH="979" HEIGHT="59">
						<String ID="string_92" HPOS="150" VPOS="995" WIDTH="66" HEIGHT="35" WC="0.96" CONTENT="hoe"/><SP WIDTH="26" VPOS="995" HPOS="216"/>
						<String ID="string_93" HPOS="242" VPOS="995" WIDTH="40" HEIGHT="32" WC="0.96" CONTENT="de"/><SP WIDTH="30" VPOS="995" HPOS="282"/>
						<String ID="string_94" HPOS="312" VPOS="990" WIDTH="251" HEIGHT="47" WC="0.96" CONTENT="zwarigheden,"/><SP WIDTH="27" VPOS="990" HPOS="563"/>
						<String ID="string_95" HPOS="590" VPOS="999" WIDTH="60" HEIGHT="23" WC="0.96" CONTENT="van"/><SP WIDTH="27" VPOS="999" HPOS="650"/>
						<String ID="string_96" HPOS="677" VPOS="987" WIDTH="130" HEIGHT="33" WC="0.96" CONTENT="welken"/><SP WIDTH="27" VPOS="987" HPOS="807"/>
						<String ID="string_97" HPOS="834" VPOS="984" WIDTH="32" HEIGHT="33" WC="0.90" CONTENT="ik"/><SP WIDTH="30" VPOS="984" HPOS="866"/>
						<String ID="string_98" HPOS="896" VPOS="981" WIDTH="136" HEIGHT="45" WC="0.70" CONTENT="fpreek,"/><SP WIDTH="26" VPOS="981" HPOS="1032"/>
						<String ID="string_99" HPOS="1058" VPOS="978" WIDTH="71" HEIGHT="34" WC="0.96" CONTENT="niet"/>
					</TextLine>
					<TextLine ID="line_14" HPOS="150" VPOS="1030" WIDTH="981" HEIGHT="59">
						<String ID="string_100" HPOS="150" VPOS="1043" WIDTH="82" HEIGHT="46" WC="0.77" CONTENT="lige,"/><SP WIDTH="38" VPOS="1043" HPOS="232"/>
						<String ID="string_101" HPOS="270" VPOS="1051" WIDTH="87" HEIGHT="24" WC="0.96" CONTENT="maar"/><SP WIDTH="31" VPOS="1051" HPOS="357"/>
						<String ID="string_102" HPOS="388" VPOS="1041" WIDTH="32" HEIGHT="31" WC="0.95" CONTENT="in"/><SP WIDTH="26" VPOS="1041" HPOS="420"/>
						<String ID="string_103" HPOS="446" VPOS="1039" WIDTH="56" HEIGHT="33" WC="0.80" CONTENT="het"/><SP WIDTH="23" VPOS="1039" HPOS="502"/>
						<String ID="string_104" HPOS="525" VPOS="1034" WIDTH="225" HEIGHT="36" WC="0.87" CONTENT="Labadiftisch"/><SP WIDTH="27" VPOS="1034" HPOS="750"/>
						<String ID="string_105" HPOS="777" VPOS="1030" WIDTH="194" HEIGHT="36" WC="0.89" CONTENT="Leerftelfel"/><SP WIDTH="26" VPOS="1030" HPOS="971"/>
						<String ID="string_106" HPOS="997" VPOS="1037" WIDTH="134" HEIGHT="25" WC="0.91" CONTENT="wezen-"/>
					</TextLine>
					<TextLine ID="line_15" HPOS="148" VPOS="1075" WIDTH="982" HEIGHT="63">
						<String ID="string_107" HPOS="148" VPOS="1091" WIDTH="58" HEIGHT="47" WC="0.93" CONTENT="lijk"/><SP WIDTH="28" VPOS="1091" HPOS="206"/>
						<String ID="string_108" HPOS="234" VPOS="1089" WIDTH="151" HEIGHT="49" WC="0.96" CONTENT="gegrond"/><SP WIDTH="28" VPOS="1089" HPOS="385"/>
						<String ID="string_109" HPOS="413" VPOS="1088" WIDTH="84" HEIGHT="44" WC="0.84" CONTENT="zijn;"/><SP WIDTH="36" VPOS="1088" HPOS="497"/>
						<String ID="string_110" HPOS="533" VPOS="1095" WIDTH="41" HEIGHT="24" WC="0.90" CONTENT="en"/><SP WIDTH="31" VPOS="1095" HPOS="574"/>
						<String ID="string_111" HPOS="605" VPOS="1083" WIDTH="26" HEIGHT="36" WC="0.24" CONTENT="*t"/><SP WIDTH="25" VPOS="1083" HPOS="631"/>
						<String ID="string_112" HPOS="656" VPOS="1082" WIDTH="88" HEIGHT="35" WC="0.96" CONTENT="welk"/><SP WIDTH="29" VPOS="1082" HPOS="744"/>
						<String ID="string_113" HPOS="773" VPOS="1091" WIDTH="75" HEIGHT="25" WC="0.96" CONTENT="zeer"/><SP WIDTH="25" VPOS="1091" HPOS="848"/>
						<String ID="string_114" HPOS="873" VPOS="1079" WIDTH="99" HEIGHT="37" WC="0.96" CONTENT="zeker"/><SP WIDTH="29" VPOS="1079" HPOS="972"/>
						<String ID="string_115" HPOS="1001" VPOS="1086" WIDTH="70" HEIGHT="37" WC="0.96" CONTENT="nog"/><SP WIDTH="26" VPOS="1086" HPOS="1071"/>
						<String ID="string_116" HPOS="1097" VPOS="1075" WIDTH="33" HEIGHT="35" WC="0.69" CONTENT="at"/>
					</TextLine>
					<TextLine ID="line_16" HPOS="149" VPOS="1124" WIDTH="981" HEIGHT="61">
						<String ID="string_117" HPOS="149" VPOS="1151" WIDTH="52" HEIGHT="24" WC="0.93" CONTENT="tot"/><SP WIDTH="34" VPOS="1151" HPOS="201"/>
						<String ID="string_118" HPOS="235" VPOS="1139" WIDTH="135" HEIGHT="35" WC="0.96" CONTENT="verdere"/><SP WIDTH="34" VPOS="1139" HPOS="370"/>
						<String ID="string_119" HPOS="404" VPOS="1136" WIDTH="170" HEIGHT="49" WC="0.96" CONTENT="gevolgen"/><SP WIDTH="28" VPOS="1136" HPOS="574"/>
						<String ID="string_120" HPOS="602" VPOS="1133" WIDTH="102" HEIGHT="42" WC="0.93" CONTENT="leidt,"/><SP WIDTH="40" VPOS="1133" HPOS="704"/>
						<String ID="string_121" HPOS="744" VPOS="1131" WIDTH="63" HEIGHT="35" WC="0.96" CONTENT="dan"/><SP WIDTH="26" VPOS="1131" HPOS="807"/>
						<String ID="string_122" HPOS="833" VPOS="1129" WIDTH="40" HEIGHT="35" WC="0.96" CONTENT="de"/><SP WIDTH="32" VPOS="1129" HPOS="873"/>
						<String ID="string_123" HPOS="905" VPOS="1128" WIDTH="61" HEIGHT="34" WC="0.96" CONTENT="Hr."/><SP WIDTH="27" VPOS="1128" HPOS="966"/>
						<String ID="string_124" HPOS="993" VPOS="1124" WIDTH="137" HEIGHT="46" WC="0.96" CONTENT="Keppel"/>
					</TextLine>
					<TextLine ID="line_17" HPOS="149" VPOS="1175" WIDTH="981" HEIGHT="59">
						<String ID="string_125" HPOS="149" VPOS="1190" WIDTH="95" HEIGHT="35" WC="0.93" CONTENT="zelve"/><SP WIDTH="34" VPOS="1190" HPOS="244"/>
						<String ID="string_126" HPOS="278" VPOS="1188" WIDTH="118" HEIGHT="46" WC="0.85" CONTENT="fchijnt"/><SP WIDTH="24" VPOS="1188" HPOS="396"/>
						<String ID="string_127" HPOS="420" VPOS="1187" WIDTH="115" HEIGHT="46" WC="0.96" CONTENT="gezien"/><SP WIDTH="31" VPOS="1187" HPOS="535"/>
						<String ID="string_128" HPOS="566" VPOS="1194" WIDTH="35" HEIGHT="24" WC="0.93" CONTENT="te"/><SP WIDTH="29" VPOS="1194" HPOS="601"/>
						<String ID="string_129" HPOS="630" VPOS="1180" WIDTH="186" HEIGHT="47" WC="0.91" CONTENT="hebben,)"/><SP WIDTH="36" VPOS="1180" HPOS="816"/>
						<String ID="string_130" HPOS="852" VPOS="1178" WIDTH="57" HEIGHT="45" WC="0.96" CONTENT="Op"/><SP WIDTH="29" VPOS="1178" HPOS="909"/>
						<String ID="string_131" HPOS="938" VPOS="1177" WIDTH="47" HEIGHT="34" WC="0.94" CONTENT="dit"/><SP WIDTH="27" VPOS="1177" HPOS="985"/>
						<String ID="string_132" HPOS="1012" VPOS="1175" WIDTH="118" HEIGHT="47" WC="0.96" CONTENT="begrip"/>
					</TextLine>
					<TextLine ID="line_18" HPOS="149" VPOS="1226" WIDTH="984" HEIGHT="58">
						<String ID="string_133" HPOS="149" VPOS="1240" WIDTH="63" HEIGHT="33" WC="0.96" CONTENT="dan"/><SP WIDTH="29" VPOS="1240" HPOS="212"/>
						<String ID="string_134" HPOS="241" VPOS="1236" WIDTH="229" HEIGHT="48" WC="0.96" CONTENT="doorgaande,"/><SP WIDTH="28" VPOS="1236" HPOS="470"/>
						<String ID="string_135" HPOS="498" VPOS="1231" WIDTH="179" HEIGHT="38" WC="0.96" CONTENT="oordeelde"/><SP WIDTH="27" VPOS="1231" HPOS="677"/>
						<String ID="string_136" HPOS="704" VPOS="1231" WIDTH="52" HEIGHT="34" WC="0.96" CONTENT="die"/><SP WIDTH="29" VPOS="1231" HPOS="756"/>
						<String ID="string_137" HPOS="785" VPOS="1229" WIDTH="89" HEIGHT="35" WC="0.96" CONTENT="Heer"/><SP WIDTH="26" VPOS="1229" HPOS="874"/>
						<String ID="string_138" HPOS="900" VPOS="1227" WIDTH="77" HEIGHT="46" WC="0.96" CONTENT="zig,"/><SP WIDTH="35" VPOS="1227" HPOS="977"/>
						<String ID="string_139" HPOS="1012" VPOS="1226" WIDTH="33" HEIGHT="33" WC="0.93" CONTENT="in"/><SP WIDTH="27" VPOS="1226" HPOS="1045"/>
						<String ID="string_140" HPOS="1072" VPOS="1234" WIDTH="61" HEIGHT="36" WC="0.0" CONTENT="ge"/>
					</TextLine>
					<TextLine ID="line_19" HPOS="149" VPOS="1272" WIDTH="983" HEIGHT="59">
						<String ID="string_141" HPOS="149" VPOS="1288" WIDTH="140" HEIGHT="41" WC="0.96" CONTENT="moede,"/><SP WIDTH="26" VPOS="1288" HPOS="289"/>
						<String ID="string_142" HPOS="315" VPOS="1283" WIDTH="220" HEIGHT="48" WC="0.96" CONTENT="onbevoegd,"/><SP WIDTH="28" VPOS="1283" HPOS="535"/>
						<String ID="string_143" HPOS="563" VPOS="1282" WIDTH="103" HEIGHT="35" WC="0.96" CONTENT="onder"/><SP WIDTH="24" VPOS="1282" HPOS="666"/>
						<String ID="string_144" HPOS="690" VPOS="1280" WIDTH="167" HEIGHT="40" WC="0.96" CONTENT="anderen,"/><SP WIDTH="26" VPOS="1280" HPOS="857"/>
						<String ID="string_145" HPOS="883" VPOS="1287" WIDTH="57" HEIGHT="24" WC="0.96" CONTENT="om"/><SP WIDTH="26" VPOS="1287" HPOS="940"/>
						<String ID="string_146" HPOS="966" VPOS="1285" WIDTH="61" HEIGHT="24" WC="0.95" CONTENT="een"/><SP WIDTH="23" VPOS="1285" HPOS="1027"/>
						<String ID="string_147" HPOS="1050" VPOS="1272" WIDTH="82" HEIGHT="36" WC="0.96" CONTENT="kind"/>
					</TextLine>
					<TextLine ID="line_20" HPOS="151" VPOS="1322" WIDTH="981" HEIGHT="59">
						<String ID="string_148" HPOS="151" VPOS="1347" WIDTH="32" HEIGHT="25" WC="0.92" CONTENT="te"/><SP WIDTH="36" VPOS="1347" HPOS="183"/>
						<String ID="string_149" HPOS="219" VPOS="1337" WIDTH="156" HEIGHT="44" WC="0.91" CONTENT="doopen,"/><SP WIDTH="35" VPOS="1337" HPOS="375"/>
						<String ID="string_150" HPOS="410" VPOS="1345" WIDTH="86" HEIGHT="24" WC="0.96" CONTENT="waar"/><SP WIDTH="29" VPOS="1345" HPOS="496"/>
						<String ID="string_151" HPOS="525" VPOS="1343" WIDTH="62" HEIGHT="26" WC="0.96" CONTENT="van"/><SP WIDTH="31" VPOS="1343" HPOS="587"/>
						<String ID="string_152" HPOS="618" VPOS="1331" WIDTH="90" HEIGHT="34" WC="0.96" CONTENT="noch"/><SP WIDTH="33" VPOS="1331" HPOS="708"/>
						<String ID="string_153" HPOS="741" VPOS="1329" WIDTH="130" HEIGHT="38" WC="0.96" CONTENT="Vader,"/><SP WIDTH="36" VPOS="1329" HPOS="871"/>
						<String ID="string_154" HPOS="907" VPOS="1324" WIDTH="89" HEIGHT="35" WC="0.92" CONTENT="noch"/><SP WIDTH="30" VPOS="1324" HPOS="996"/>
						<String ID="string_155" HPOS="1026" VPOS="1322" WIDTH="106" HEIGHT="35" WC="0.92" CONTENT="Moe-"/>
					</TextLine>
					<TextLine ID="line_21" HPOS="148" VPOS="1372" WIDTH="979" HEIGHT="58">
						<String ID="string_156" HPOS="148" VPOS="1388" WIDTH="79" HEIGHT="41" WC="0.96" CONTENT="der,"/><SP WIDTH="26" VPOS="1388" HPOS="227"/>
						<String ID="string_157" HPOS="253" VPOS="1386" WIDTH="90" HEIGHT="35" WC="0.97" CONTENT="noch"/><SP WIDTH="20" VPOS="1386" HPOS="343"/>
						<String ID="string_158" HPOS="363" VPOS="1385" WIDTH="172" HEIGHT="45" WC="0.28" CONTENT="Getuige,"/><SP WIDTH="29" VPOS="1385" HPOS="535"/>
						<String ID="string_159" HPOS="564" VPOS="1380" WIDTH="174" HEIGHT="45" WC="0.92" CONTENT="belijdenis"/><SP WIDTH="30" VPOS="1380" HPOS="738"/>
						<String ID="string_160" HPOS="768" VPOS="1378" WIDTH="57" HEIGHT="34" WC="0.96" CONTENT="des"/><SP WIDTH="18" VPOS="1378" HPOS="825"/>
						<String ID="string_161" HPOS="843" VPOS="1372" WIDTH="134" HEIGHT="50" WC="0.96" CONTENT="geloofs"/><SP WIDTH="21" VPOS="1372" HPOS="977"/>
						<String ID="string_162" HPOS="998" VPOS="1372" WIDTH="129" HEIGHT="46" WC="0.96" CONTENT="gedaan"/>
					</TextLine>
					<TextLine ID="line_22" HPOS="148" VPOS="1420" WIDTH="981" HEIGHT="53">
						<String ID="string_163" HPOS="148" VPOS="1436" WIDTH="153" HEIGHT="37" WC="0.89" CONTENT="hadden;"/><SP WIDTH="37" VPOS="1436" HPOS="301"/>
						<String ID="string_164" HPOS="338" VPOS="1445" WIDTH="41" HEIGHT="24" WC="0.96" CONTENT="en"/><SP WIDTH="31" VPOS="1445" HPOS="379"/>
						<String ID="string_165" HPOS="410" VPOS="1434" WIDTH="45" HEIGHT="33" WC="0.96" CONTENT="als"/><SP WIDTH="27" VPOS="1434" HPOS="455"/>
						<String ID="string_166" HPOS="482" VPOS="1442" WIDTH="61" HEIGHT="24" WC="0.94" CONTENT="een"/><SP WIDTH="28" VPOS="1442" HPOS="543"/>
						<String ID="string_167" HPOS="571" VPOS="1430" WIDTH="84" HEIGHT="34" WC="0.94" CONTENT="Man"/><SP WIDTH="30" VPOS="1430" HPOS="655"/>
						<String ID="string_168" HPOS="685" VPOS="1437" WIDTH="62" HEIGHT="33" WC="0.96" CONTENT="van"/><SP WIDTH="28" VPOS="1437" HPOS="747"/>
						<String ID="string_169" HPOS="775" VPOS="1427" WIDTH="69" HEIGHT="34" WC="0.95" CONTENT="Eer"/><SP WIDTH="29" VPOS="1427" HPOS="844"/>
						<String ID="string_170" HPOS="873" VPOS="1433" WIDTH="42" HEIGHT="23" WC="0.93" CONTENT="en"/><SP WIDTH="28" VPOS="1433" HPOS="915"/>
						<String ID="string_171" HPOS="943" VPOS="1420" WIDTH="186" HEIGHT="36" WC="0.90" CONTENT="Confcien-"/>
					</TextLine>
					<TextLine ID="line_23" HPOS="148" VPOS="1469" WIDTH="984" HEIGHT="61">
						<String ID="string_172" HPOS="148" VPOS="1488" WIDTH="64" HEIGHT="40" WC="0.95" CONTENT="tie,"/><SP WIDTH="37" VPOS="1488" HPOS="212"/>
						<String ID="string_173" HPOS="249" VPOS="1483" WIDTH="166" HEIGHT="47" WC="0.95" CONTENT="weigerde"/><SP WIDTH="28" VPOS="1483" HPOS="415"/>
						<String ID="string_174" HPOS="443" VPOS="1482" WIDTH="45" HEIGHT="45" WC="0.87" CONTENT="hij"/><SP WIDTH="29" VPOS="1482" HPOS="488"/>
						<String ID="string_175" HPOS="517" VPOS="1478" WIDTH="177" HEIGHT="40" WC="0.83" CONTENT="volftrekt,"/><SP WIDTH="38" VPOS="1478" HPOS="694"/>
						<String ID="string_176" HPOS="732" VPOS="1476" WIDTH="41" HEIGHT="33" WC="0.94" CONTENT="de"/><SP WIDTH="24" VPOS="1476" HPOS="773"/>
						<String ID="string_177" HPOS="797" VPOS="1472" WIDTH="181" HEIGHT="41" WC="0.96" CONTENT="kinderen,"/><SP WIDTH="36" VPOS="1472" HPOS="978"/>
						<String ID="string_178" HPOS="1014" VPOS="1469" WIDTH="54" HEIGHT="35" WC="0.95" CONTENT="die"/><SP WIDTH="27" VPOS="1469" HPOS="1068"/>
						<String ID="string_179" HPOS="1095" VPOS="1469" WIDTH="37" HEIGHT="34" WC="0.95" CONTENT="in"/>
					</TextLine>
					<TextLine ID="line_24" HPOS="148" VPOS="1528" WIDTH="565" HEIGHT="54">
						<String ID="string_180" HPOS="148" VPOS="1534" WIDTH="48" HEIGHT="35" WC="0.95" CONTENT="dit"/><SP WIDTH="28" VPOS="1534" HPOS="196"/>
						<String ID="string_181" HPOS="224" VPOS="1533" WIDTH="95" HEIGHT="48" WC="0.96" CONTENT="geval"/><SP WIDTH="27" VPOS="1533" HPOS="319"/>
						<String ID="string_182" HPOS="346" VPOS="1541" WIDTH="131" HEIGHT="31" WC="0.96" CONTENT="waren,"/><SP WIDTH="27" VPOS="1541" HPOS="477"/>
						<String ID="string_183" HPOS="504" VPOS="1539" WIDTH="32" HEIGHT="23" WC="0.92" CONTENT="te"/><SP WIDTH="29" VPOS="1539" HPOS="536"/>
						<String ID="string_184" HPOS="565" VPOS="1528" WIDTH="148" HEIGHT="54" WC="0.92" CONTENT="doopen."/>
					</TextLine>
					<TextLine ID="line_25" HPOS="197" VPOS="1572" WIDTH="935" HEIGHT="46">
						<String ID="string_185" HPOS="197" VPOS="1582" WIDTH="36" HEIGHT="36" WC="0.26" CONTENT="*r"/><SP WIDTH="19" VPOS="1582" HPOS="233"/>
						<String ID="string_186" HPOS="252" VPOS="1591" WIDTH="179" HEIGHT="26" WC="0.18" CONTENT="GEVOLG"/><SP WIDTH="26" VPOS="1591" HPOS="431"/>
						<String ID="string_187" HPOS="457" VPOS="1580" WIDTH="71" HEIGHT="33" WC="0.95" CONTENT="hier"/><SP WIDTH="22" VPOS="1580" HPOS="528"/>
						<String ID="string_188" HPOS="550" VPOS="1586" WIDTH="60" HEIGHT="24" WC="0.0" CONTENT="van"/><SP WIDTH="10" VPOS="1586" HPOS="610"/>
						<String ID="string_189" HPOS="620" VPOS="1585" WIDTH="90" HEIGHT="31" WC="0.0" CONTENT="was,"/><SP WIDTH="22" VPOS="1585" HPOS="710"/>
						<String ID="string_190" HPOS="732" VPOS="1572" WIDTH="100" HEIGHT="35" WC="0.96" CONTENT="dater"/><SP WIDTH="10" VPOS="1572" HPOS="832"/>
						<String ID="string_191" HPOS="842" VPOS="1578" WIDTH="224" HEIGHT="39" WC="0.96" CONTENT="ongenoegen"/><SP WIDTH="20" VPOS="1578" HPOS="1066"/>
						<String ID="string_192" HPOS="1086" VPOS="1577" WIDTH="46" HEIGHT="25" WC="0.96" CONTENT="en"/>
					</TextLine>
					<TextLine ID="line_26" HPOS="149" VPOS="1618" WIDTH="983" HEIGHT="49">
						<String ID="string_193" HPOS="149" VPOS="1630" WIDTH="235" HEIGHT="37" WC="0.94" CONTENT="verdeeldheid"/><SP WIDTH="35" VPOS="1630" HPOS="384"/>
						<String ID="string_194" HPOS="419" VPOS="1632" WIDTH="34" HEIGHT="31" WC="0.93" CONTENT="in"/><SP WIDTH="36" VPOS="1632" HPOS="453"/>
						<String ID="string_195" HPOS="489" VPOS="1628" WIDTH="53" HEIGHT="34" WC="0.95" CONTENT="die"/><SP WIDTH="25" VPOS="1628" HPOS="542"/>
						<String ID="string_196" HPOS="567" VPOS="1625" WIDTH="188" HEIGHT="35" WC="0.93" CONTENT="Gemeente"/><SP WIDTH="39" VPOS="1625" HPOS="755"/>
						<String ID="string_197" HPOS="794" VPOS="1618" WIDTH="177" HEIGHT="42" WC="0.86" CONTENT="ontftond,"/><SP WIDTH="35" VPOS="1618" HPOS="971"/>
						<String ID="string_198" HPOS="1006" VPOS="1629" WIDTH="42" HEIGHT="23" WC="0.95" CONTENT="en"/><SP WIDTH="28" VPOS="1629" HPOS="1048"/>
						<String ID="string_199" HPOS="1076" VPOS="1618" WIDTH="56" HEIGHT="33" WC="0.96" CONTENT="dat"/>
					</TextLine>
					<TextLine ID="line_27" HPOS="150" VPOS="1666" WIDTH="981" HEIGHT="61">
						<String ID="string_200" HPOS="150" VPOS="1682" WIDTH="42" HEIGHT="34" WC="0.96" CONTENT="de"/><SP WIDTH="39" VPOS="1682" HPOS="192"/>
						<String ID="string_201" HPOS="231" VPOS="1680" WIDTH="176" HEIGHT="47" WC="0.96" CONTENT="Regering"/><SP WIDTH="37" VPOS="1680" HPOS="407"/>
						<String ID="string_202" HPOS="444" VPOS="1677" WIDTH="58" HEIGHT="35" WC="0.96" CONTENT="der"/><SP WIDTH="34" VPOS="1677" HPOS="502"/>
						<String ID="string_203" HPOS="536" VPOS="1674" WIDTH="188" HEIGHT="49" WC="0.96" CONTENT="genoemde"/><SP WIDTH="31" VPOS="1674" HPOS="724"/>
						<String ID="string_204" HPOS="755" VPOS="1670" WIDTH="99" HEIGHT="42" WC="0.96" CONTENT="Stad,"/><SP WIDTH="36" VPOS="1670" HPOS="854"/>
						<String ID="string_205" HPOS="890" VPOS="1670" WIDTH="33" HEIGHT="32" WC="0.95" CONTENT="in"/><SP WIDTH="41" VPOS="1670" HPOS="923"/>
						<String ID="string_206" HPOS="964" VPOS="1668" WIDTH="64" HEIGHT="34" WC="0.95" CONTENT="den"/><SP WIDTH="25" VPOS="1668" HPOS="1028"/>
						<String ID="string_207" HPOS="1053" VPOS="1666" WIDTH="78" HEIGHT="47" WC="0.89" CONTENT="Jare"/>
					</TextLine>
					<TextLine ID="line_28" HPOS="153" VPOS="1718" WIDTH="976" HEIGHT="60">
						<String ID="string_208" HPOS="153" VPOS="1741" WIDTH="106" HEIGHT="37" WC="0.93" CONTENT="1743."/><SP WIDTH="28" VPOS="1741" HPOS="259"/>
						<String ID="string_209" HPOS="287" VPOS="1729" WIDTH="147" HEIGHT="42" WC="0.91" CONTENT="befloot,"/><SP WIDTH="28" VPOS="1729" HPOS="434"/>
						<String ID="string_210" HPOS="462" VPOS="1727" WIDTH="65" HEIGHT="34" WC="0.96" CONTENT="den"/><SP WIDTH="29" VPOS="1727" HPOS="527"/>
						<String ID="string_211" HPOS="556" VPOS="1727" WIDTH="121" HEIGHT="33" WC="0.96" CONTENT="braven"/><SP WIDTH="19" VPOS="1727" HPOS="677"/>
						<String ID="string_212" HPOS="696" VPOS="1722" WIDTH="103" HEIGHT="42" WC="0.93" CONTENT="Man,"/><SP WIDTH="26" VPOS="1722" HPOS="799"/>
						<String ID="string_213" HPOS="825" VPOS="1720" WIDTH="104" HEIGHT="34" WC="0.96" CONTENT="wiens"/><SP WIDTH="23" VPOS="1720" HPOS="929"/>
						<String ID="string_214" HPOS="952" VPOS="1718" WIDTH="177" HEIGHT="34" WC="0.96" CONTENT="bezwaren"/>
					</TextLine>
					<TextLine ID="line_29" HPOS="149" VPOS="1767" WIDTH="984" HEIGHT="59">
						<String ID="string_215" HPOS="149" VPOS="1791" WIDTH="77" HEIGHT="24" WC="0.96" CONTENT="men"/><SP WIDTH="39" VPOS="1791" HPOS="226"/>
						<String ID="string_216" HPOS="265" VPOS="1781" WIDTH="69" HEIGHT="32" WC="0.91" CONTENT="niet"/><SP WIDTH="34" VPOS="1781" HPOS="334"/>
						<String ID="string_217" HPOS="368" VPOS="1776" WIDTH="151" HEIGHT="50" WC="0.96" CONTENT="gegrond"/><SP WIDTH="28" VPOS="1776" HPOS="519"/>
						<String ID="string_218" HPOS="547" VPOS="1775" WIDTH="79" HEIGHT="34" WC="0.93" CONTENT="kost"/><SP WIDTH="27" VPOS="1775" HPOS="626"/>
						<String ID="string_219" HPOS="653" VPOS="1770" WIDTH="178" HEIGHT="47" WC="0.71" CONTENT="opfosfen,"/><SP WIDTH="38" VPOS="1770" HPOS="831"/>
						<String ID="string_220" HPOS="869" VPOS="1778" WIDTH="61" HEIGHT="24" WC="0.96" CONTENT="van"/><SP WIDTH="29" VPOS="1778" HPOS="930"/>
						<String ID="string_221" HPOS="959" VPOS="1768" WIDTH="84" HEIGHT="45" WC="0.93" CONTENT="zijne"/><SP WIDTH="27" VPOS="1768" HPOS="1043"/>
						<String ID="string_222" HPOS="1070" VPOS="1767" WIDTH="63" HEIGHT="33" WC="0.91" CONTENT="be-"/>
					</TextLine>
					<TextLine ID="line_30" HPOS="151" VPOS="1809" WIDTH="989" HEIGHT="67">
						<String ID="string_223" HPOS="151" VPOS="1830" WIDTH="135" HEIGHT="46" WC="0.85" CONTENT="diening"/><SP WIDTH="26" VPOS="1830" HPOS="286"/>
						<String ID="string_224" HPOS="312" VPOS="1838" WIDTH="33" HEIGHT="24" WC="0.96" CONTENT="te"/><SP WIDTH="27" VPOS="1838" HPOS="345"/>
						<String ID="string_225" HPOS="372" VPOS="1836" WIDTH="191" HEIGHT="29" WC="0.95" CONTENT="ontzetten,"/><SP WIDTH="24" VPOS="1836" HPOS="563"/>
						<String ID="string_226" HPOS="587" VPOS="1834" WIDTH="41" HEIGHT="23" WC="0.96" CONTENT="en"/><SP WIDTH="27" VPOS="1834" HPOS="628"/>
						<String ID="string_227" HPOS="655" VPOS="1823" WIDTH="47" HEIGHT="33" WC="0.96" CONTENT="als"/><SP WIDTH="28" VPOS="1823" HPOS="702"/>
						<String ID="string_228" HPOS="730" VPOS="1819" WIDTH="176" HEIGHT="37" WC="0.96" CONTENT="Predikant"/><SP WIDTH="26" VPOS="1819" HPOS="906"/>
						<String ID="string_229" HPOS="932" VPOS="1817" WIDTH="94" HEIGHT="34" WC="0.96" CONTENT="harer"/><SP WIDTH="21" VPOS="1817" HPOS="1026"/>
						<String ID="string_230" HPOS="1047" VPOS="1809" WIDTH="93" HEIGHT="57" WC="0.87" CONTENT="Stad:"/>
					</TextLine>
					<TextLine ID="line_31" HPOS="150" VPOS="1865" WIDTH="977" HEIGHT="57">
						<String ID="string_231" HPOS="150" VPOS="1890" WIDTH="33" HEIGHT="24" WC="0.96" CONTENT="te"/><SP WIDTH="27" VPOS="1890" HPOS="183"/>
						<String ID="string_232" HPOS="210" VPOS="1878" WIDTH="184" HEIGHT="36" WC="0.95" CONTENT="bedanken."/><SP WIDTH="52" VPOS="1878" HPOS="394"/>
						<String ID="string_233" HPOS="446" VPOS="1875" WIDTH="57" HEIGHT="47" WC="0.95" CONTENT="Hij"/><SP WIDTH="31" VPOS="1875" HPOS="503"/>
						<String ID="string_234" HPOS="534" VPOS="1873" WIDTH="136" HEIGHT="49" WC="0.96" CONTENT="klaagde"/><SP WIDTH="27" VPOS="1873" HPOS="670"/>
						<String ID="string_235" HPOS="697" VPOS="1871" WIDTH="65" HEIGHT="35" WC="0.97" CONTENT="wel"/><SP WIDTH="31" VPOS="1871" HPOS="762"/>
						<String ID="string_236" HPOS="793" VPOS="1867" WIDTH="167" HEIGHT="46" WC="0.82" CONTENT="openlijk,"/><SP WIDTH="36" VPOS="1867" HPOS="960"/>
						<String ID="string_237" HPOS="996" VPOS="1866" WIDTH="63" HEIGHT="35" WC="0.90" CONTENT="dat"/><SP WIDTH="27" VPOS="1866" HPOS="1059"/>
						<String ID="string_238" HPOS="1086" VPOS="1865" WIDTH="41" HEIGHT="34" WC="0.96" CONTENT="de"/>
					</TextLine>
					<TextLine ID="line_32" HPOS="152" VPOS="1915" WIDTH="976" HEIGHT="57">
						<String ID="string_239" HPOS="152" VPOS="1926" WIDTH="193" HEIGHT="39" WC="0.93" CONTENT="Waarheid"/><SP WIDTH="24" VPOS="1926" HPOS="345"/>
						<String ID="string_240" HPOS="369" VPOS="1925" WIDTH="154" HEIGHT="47" WC="0.96" CONTENT="vervolgd"/><SP WIDTH="26" VPOS="1925" HPOS="523"/>
						<String ID="string_241" HPOS="549" VPOS="1933" WIDTH="42" HEIGHT="25" WC="0.96" CONTENT="en"/><SP WIDTH="28" VPOS="1933" HPOS="591"/>
						<String ID="string_242" HPOS="619" VPOS="1920" WIDTH="179" HEIGHT="38" WC="0.96" CONTENT="verdrukt,"/><SP WIDTH="27" VPOS="1920" HPOS="798"/>
						<String ID="string_243" HPOS="825" VPOS="1929" WIDTH="40" HEIGHT="23" WC="0.96" CONTENT="en"/><SP WIDTH="27" VPOS="1929" HPOS="865"/>
						<String ID="string_244" HPOS="892" VPOS="1915" WIDTH="55" HEIGHT="36" WC="0.95" CONTENT="het"/><SP WIDTH="24" VPOS="1915" HPOS="947"/>
						<String ID="string_245" HPOS="971" VPOS="1923" WIDTH="78" HEIGHT="39" WC="0.92" CONTENT="vegt"/><SP WIDTH="19" VPOS="1923" HPOS="1049"/>
						<String ID="string_246" HPOS="1068" VPOS="1915" WIDTH="60" HEIGHT="34" WC="0.95" CONTENT="der"/>
					</TextLine>
					<TextLine ID="line_33" HPOS="150" VPOS="1964" WIDTH="975" HEIGHT="52">
						<String ID="string_247" HPOS="150" VPOS="1978" WIDTH="113" HEIGHT="36" WC="0.89" CONTENT="Kerke"/><SP WIDTH="25" VPOS="1978" HPOS="263"/>
						<String ID="string_248" HPOS="288" VPOS="1976" WIDTH="167" HEIGHT="36" WC="0.95" CONTENT="verraden"/><SP WIDTH="28" VPOS="1976" HPOS="455"/>
						<String ID="string_249" HPOS="483" VPOS="1984" WIDTH="39" HEIGHT="24" WC="0.93" CONTENT="en"/><SP WIDTH="27" VPOS="1984" HPOS="522"/>
						<String ID="string_250" HPOS="549" VPOS="1971" WIDTH="162" HEIGHT="45" WC="0.91" CONTENT="verkragt"/><SP WIDTH="29" VPOS="1971" HPOS="711"/>
						<String ID="string_251" HPOS="740" VPOS="1966" WIDTH="126" HEIGHT="41" WC="0.96" CONTENT="wierd,"/><SP WIDTH="26" VPOS="1966" HPOS="866"/>
						<String ID="string_252" HPOS="892" VPOS="1965" WIDTH="71" HEIGHT="47" WC="0.95" CONTENT="dog"/><SP WIDTH="23" VPOS="1965" HPOS="963"/>
						<String ID="string_253" HPOS="986" VPOS="1965" WIDTH="48" HEIGHT="34" WC="0.95" CONTENT="dit"/><SP WIDTH="19" VPOS="1965" HPOS="1034"/>
						<String ID="string_254" HPOS="1053" VPOS="1964" WIDTH="72" HEIGHT="34" WC="0.96" CONTENT="kon"/>
					</TextLine>
					<TextLine ID="line_34" HPOS="152" VPOS="2015" WIDTH="976" HEIGHT="54">
						<String ID="string_255" HPOS="152" VPOS="2028" WIDTH="69" HEIGHT="34" WC="0.89" CONTENT="pier"/><SP WIDTH="26" VPOS="2028" HPOS="221"/>
						<String ID="string_256" HPOS="247" VPOS="2028" WIDTH="119" HEIGHT="40" WC="0.94" CONTENT="baten;"/><SP WIDTH="28" VPOS="2028" HPOS="366"/>
						<String ID="string_257" HPOS="394" VPOS="2021" WIDTH="184" HEIGHT="38" WC="0.95" CONTENT="Neerlands"/><SP WIDTH="20" VPOS="2021" HPOS="578"/>
						<String ID="string_258" HPOS="598" VPOS="2019" WIDTH="111" HEIGHT="50" WC="0.95" CONTENT="Kerk,"/><SP WIDTH="25" VPOS="2019" HPOS="709"/>
						<String ID="string_259" HPOS="734" VPOS="2027" WIDTH="88" HEIGHT="26" WC="0.96" CONTENT="waar"/><SP WIDTH="19" VPOS="2027" HPOS="822"/>
						<String ID="string_260" HPOS="841" VPOS="2016" WIDTH="32" HEIGHT="33" WC="0.95" CONTENT="in"/><SP WIDTH="22" VPOS="2016" HPOS="873"/>
						<String ID="string_261" HPOS="895" VPOS="2015" WIDTH="68" HEIGHT="34" WC="0.70" CONTENT="nier"/><SP WIDTH="21" VPOS="2015" HPOS="963"/>
						<String ID="string_262" HPOS="984" VPOS="2015" WIDTH="144" HEIGHT="44" WC="0.96" CONTENT="weinige"/>
					</TextLine>
					<TextLine ID="line_35" HPOS="150" VPOS="2061" WIDTH="978" HEIGHT="75">
						<String ID="string_263" HPOS="150" VPOS="2076" WIDTH="159" HEIGHT="60" WC="0.81" CONTENT="Leergars"/><SP WIDTH="29" VPOS="2076" HPOS="309"/>
						<String ID="string_264" HPOS="338" VPOS="2084" WIDTH="59" HEIGHT="25" WC="0.43" CONTENT="en."/><SP WIDTH="15" VPOS="2084" HPOS="397"/>
						<String ID="string_265" HPOS="412" VPOS="2072" WIDTH="205" HEIGHT="38" WC="0.89" CONTENT="Ledematen"/><SP WIDTH="29" VPOS="2072" HPOS="617"/>
						<String ID="string_266" HPOS="646" VPOS="2076" WIDTH="135" HEIGHT="36" WC="0.92" CONTENT="waren,"/><SP WIDTH="25" VPOS="2076" HPOS="781"/>
						<String ID="string_267" HPOS="806" VPOS="2066" WIDTH="54" HEIGHT="35" WC="0.96" CONTENT="die"/><SP WIDTH="19" VPOS="2066" HPOS="860"/>
						<String ID="string_268" HPOS="879" VPOS="2065" WIDTH="33" HEIGHT="33" WC="0.30" CONTENT="in"/><SP WIDTH="21" VPOS="2065" HPOS="912"/>
						<String ID="string_269" HPOS="933" VPOS="2061" WIDTH="195" HEIGHT="50" WC="0.30" CONTENT=" beginfel"/>
					</TextLine>
					<TextLine ID="line_36" HPOS="596" VPOS="2119" WIDTH="538" HEIGHT="37">
						<String ID="string_270" HPOS="596" VPOS="2119" WIDTH="83" HEIGHT="37" WC="0.86" CONTENT="Ca"/><SP WIDTH="391" VPOS="2119" HPOS="679"/>
						<String ID="string_271" HPOS="1070" VPOS="2121" WIDTH="64" HEIGHT="25" WC="0.96" CONTENT="van"/>
					</TextLine>
				</TextBlock>
				<TextBlock ID="block_2" HPOS="148" VPOS="873" WIDTH="26" HEIGHT="18">
					<TextLine ID="line_37" HPOS="148" VPOS="873" WIDTH="26" HEIGHT="18">
						<String ID="string_272" HPOS="148" VPOS="873" WIDTH="26" HEIGHT="18" WC="0.62" CONTENT="2"/>
					</TextLine>
				</TextBlock>
				<TextBlock ID="block_3" HPOS="1458" VPOS="0" WIDTH="106" HEIGHT="2718">
					<TextLine ID="line_38" HPOS="1458" VPOS="0" WIDTH="106" HEIGHT="2718">
						<String ID="string_273" HPOS="1458" VPOS="0" WIDTH="106" HEIGHT="2718" WC="0.95" CONTENT=" "/>
					</TextLine>
				</TextBlock>
			</PrintSpace>
		</Page>
	</Layout>
</alto>
