1544 2688
970 191 12 16 <

358 260 29 35 Xx
547 266 24 24 v
615 243 28 58 O0
692 265 24 25 O
764 263 26 30 R
839 247 100 43 RE
983 265 23 25 D
1057 251 22 38 E
1098 243 65 58 Ne

362 374 27 18 „
415 348 44 36 C.
479 336 159 60 Vitringa
647 344 48 38 O.
716 344 35 35 S.
777 340 43 37 Lu
840 340 44 38 Il.
911 354 31 25 c.
964 344 33 36 6.
1025 343 86 36 Cum
1136 355 35 24 eo
1193 342 141 48 fruêu,

362 439 27 17 …
415 421 39 27 ut
490 422 65 25 non
589 406 175 50 defuerint
802 406 96 42 Virit,
934 418 45 24 ex
1017 406 97 47 ipfius
1141 405 121 49 fcholis
1297 408 37 36 in

363 502 24 18 „
413 473 159 47 Eeelefias
597 471 125 48 emisfì,
749 471 64 48 qui.
828 468 88 54 fatis
942 471 126 37 alienos
1094 471 43 36 ab
1161 469 67 50 ipfo
1262 470 73 48 Pe-

361 565 27 20 »
413 540 211 43 dobaptismo
637 563 19 19 „
682 544 112 40 operte
819 535 52 36 vel
903 542 115 39 aperte
1040 533 38 50 fe
1102 534 233 43 oftenderunt,

361 628 30 19 »
414 614 67 24 Hon
501 599 72 49 fine
598 602 91 36 omni
719 599 150 47 Ecchfie
899 597 229 40 turbatione”

412 678 113 24 EVEN
552 676 59 26 gu.
624 663 104 48 gelijk
758 664 40 35 de
827 663 93 38 Heer
950 662 115 36 Mark
1083 661 166 49 klaagde,
1274 661 62 36 dat

363 732 40 36 de
427 728 202 48 Leerlingen
652 739 67 24 van
743 728 65 34 den
837 727 92 35 Heer
961 713 167 60 Vitringa
1157 726 78 47 zig,
1264 726 73 35 min

361 795 43 44 of
420 806 88 23 meer
532 791 133 42 bedekt,
700 789 46 47 af
745 789 114 49 keerig
893 792 142 35 toonden
1064 801 69 24 van
1161 793 63 32 den
1253 789 86 35 Kin-

360 851 160 54 derdoop,
547 857 79 35 door
647 855 77 37 dien
753 854 52 45 zij
828 865 73 27 van
923 854 75 38 hem
1023 854 138 48 geleerd
1180 853 158 49 hadden,

359 924 41 36 de
427 933 149 38 gewoone
602 920 161 46 bewijzen
789 929 77 25 voar
899 918 80 36 dien
1001 918 99 49 Daop
1133 926 32 26 te
1197 927 141 25 verwers

353 996 90 39 pens
468 998 58 25 zoo
552 996 71 24 was
648 983 58 37 het
731 983 58 36 ook
815 980 125 50 gefleld
963 989 66 27 met
1055 980 64 35 den
1147 981 191 44 Schrijver,

359 1052 102 35 wiens
496 1048 87 40 Boek
612 1040 97 55 tegen
738 1047 65 34 den
838 1043 218 47 Kinderdoop
1084 1043 33 36 ik
1156 1046 184 35 ondernam

359 1125 34 28 te
430 1111 235 44 beoordeelen
644 1102 30 57 ;
707 1116 95 28 want
831 1107 52 47 hij
915 1109 174 36 ontleende
1127 1108 65 35 den
1227 1106 115 48 grond

343 1159 122 69 zijner
504 1173 209 47 verwerping
747 1183 70 25 van
849 1173 88 41 dien
977 1172 93 48 Doop
1099 1169 240 46 voornamelijk

357 1241 61 49 uit.
437 1239 54 34 die
514 1236 257 48 leerftellingen,
806 1234 122 35 welken
956 1235 39 35 de
1022 1235 67 35 Hr.
1118 1235 158 45 Vitringa
1301 1235 36 34 in

357 1305 41 47 de
426 1302 133 50 vorige,
601 1311 43 25 en
678 1301 41 36 de
752 1299 69 35 Hr.
841 1299 157 43 Venema
1016 1324 20 19 ,
1064 1305 69 27 met
1170 1299 171 40 derzelver

348 1367 203 49 Navolgers
579 1365 37 37 in
648 1365 57 36 de.
729 1345 257 68 tegenwoordige
1033 1360 124 41 Eeuw,
1198 1369 69 27 met
1302 1361 40 44 al

358 1433 115 36 hunne
498 1427 200 46 veelvuldige
716 1424 216 48 geleerdheid
950 1423 218 48 voorgeflaan
1191 1435 39 24 en
1250 1435 99 34 aans,

357 1504 171 42 geprezen
553 1490 156 37 hadden:
735 1486 77 47 ja!
837 1488 67 44 Hij
930 1489 112 46 beriep
1062 1488 59 46 zig
1141 1487 207 42 uitdrukkee,

361 1560 62 48 lijk
451 1565 40 41 op
517 1558 79 35 deze
620 1554 175 38 Mannen,
814 1562 42 23 en
873 1550 173 37 derzebwer
1065 1550 140 42 bekende
1214 1549 126 50 fchrif-

361 1632 68 29 tem
465 1620 71 36 Het
563 1630 69 25 was
662 1616 62 45 mij
748 1616 69 36 dan
836 1610 216 62 onmogelijk,
1074 1615 54 39 die
1148 1615 141 41 Namen
1307 1624 45 31 te.

357 1685 205 46 vermijden;
586 1693 104 25 maar
718 1680 35 36 ik
778 1681 80 36 laat
884 1679 57 35 het
967 1690 72 24 aan
1066 1690 53 23 uw
1140 1680 147 42 oordeel,
1307 1677 43 48 of:

359 1750 34 36 ik
427 1749 75 34 hier
540 1747 38 35 in
618 1746 70 36 niet
722 1752 69 28 met
828 1742 69 37 alle
925 1741 268 49 befcheidenheid
1214 1742 63 36 ben
1304 1750 35 27 te

358 1813 92 37 werk
485 1822 158 39 gegaan;
676 1821 41 24 en
741 1806 81 48 zelfs
850 1806 103 36 onder
980 1805 146 49 ernftige
1155 1806 185 37 voorbetui-

355 1880 106 47 ging,
487 1878 52 35 die
565 1876 35 36 ik
625 1875 76 36 hier
724 1870 243 50 hoofdzakelijk
983 1882 43 29 en
1033 1878 126 41 opregt
1177 1870 159 41 herhale,

357 1944 62 35 dat
443 1941 35 37 ik
493 1941 101 36 onder
610 1939 66 36 alle
693 1948 81 25 onze
791 1938 108 47 vorige
910 1936 241 48 Godgeleerden
1171 1932 181 38 niemand.

357 2006 118 48 hooger
502 2004 179 37 waardere
715 2002 73 36 dan
815 2012 79 25 even
914 2002 80 35 deze
1026 1997 104 49 zelfde
1153 1997 180 41 Mannen?

355 2071 73 37 Hoe
452 2081 66 27 zou
544 2069 75 38 ikze
642 2068 70 37 dan
736 2067 122 47 hebben
886 2065 113 38 willen
1023 2064 184 47 beledigen,
1240 2061 94 54 daar

1255 2120 82 50 zelfs

837 2152 19 35 G
