1461 2691
301 244 653 60 VERANTMOORDINCG.
1080 255 45 41 17

148 355 66 26 too
241 345 47 42 is,
314 353 143 24 waarom
485 341 107 36 wordt
620 340 55 46 mij
701 341 81 42 dan,
809 351 45 35 op
885 350 61 32 een
975 339 139 37 zekeren

148 402 102 35 toon,
278 391 228 48 toegevoegd:
534 390 25 36 t
578 401 114 25 varen
716 391 103 35 alleen
836 401 72 25 uve
925 389 186 47 ziarighe-

144 445 85 40 den,
254 441 100 36 velte
385 452 22 23 u
437 451 46 24 da
509 451 57 23 een
591 441 104 34 ander
717 437 146 47 ſiiſtema
891 439 120 35 hebben
1030 440 81 34 doen

142 491 158 36 omzien?
334 490 102 35 MWant
463 489 47 34 dit
537 490 25 33 is
591 499 65 24 z0o
682 489 88 41 niet,
796 487 25 35 't
838 488 62 45 zijn
920 489 66 33 niet
1005 487 105 45 mijne

140 540 254 46 zwarigheden,
420 549 87 23 maar
535 536 24 35 t
577 538 65 44 zijn
663 536 40 35 de
724 537 229 46 zwarigheden
972 547 63 23 van
1064 536 42 34 de

138 589 140 46 geheeſe
296 586 262 37 Nederlandſche
578 585 115 41 Rerk;
719 597 60 23 van
808 585 100 35 aulke
926 584 180 48 gemoede-

135 638 79 45 Fjke
234 637 156 35 Leeraars
408 647 41 23 en
470 635 224 42 Ledematen,
721 635 52 35 die
790 644 65 27 wat
869 633 235 44 doordenken,

134 696 45 25 en
210 687 110 34 hunne
348 685 143 46 praktijk
515 695 120 36 gaerne
655 695 75 24 naar
754 684 111 35 hunne
883 683 69 37 leer
969 684 137 35 zouden

132 737 165 45 inrigten,
332 745 44 23 en
408 735 74 45 zig,
518 734 74 34 daar
616 733 103 42 door,
753 732 259 36 onderſcheiden
1040 744 64 24 van

133 785 199 41 menſehen,
359 783 53 34 die
443 784 71 44 zig,
540 782 123 35 zonder
691 782 142 47 gevoel,
868 792 235 36 vergenoegen

131 834 132 35 kunnen
293 842 68 25 met
394 832 58 35 het
481 833 163 45 verrigten
671 841 99 25 eener
789 842 84 25 voor
891 832 70 34 hun
991 830 43 35 of
1054 830 47 47 bij

128 882 67 35 hen
223 885 83 31 niets
334 880 208 36 beduidende
567 882 202 34 ceremonie.

180 943 41 23 IE
248 931 48 33 zal
324 941 41 28 u,
410 929 128 35 waarde
567 928 168 36 Broeder!
775 940 42 23 en
844 930 98 34 elken
974 928 127 43 Lezer,

126 990 58 23 om
213 989 32 23 te
275 989 123 23 toonen
427 978 54 33 dat
509 980 9 30 i
561 978 71 33 hier
652 979 67 32 niet
739 988 31 23 te
790 978 73 34 veel
883 988 126 35 zegge,
1035 988 66 24 een

124 1028 78 34 Kort
229 1026 128 35 verhaal
384 1035 127 37 geven,
537 1035 62 24 van
625 1024 25 35 't
668 1035 84 36 geen
773 1025 71 35 hier
866 1036 82 24 over
967 1027 33 32 in
1014 1036 87 24 once

125 1076 92 35 Kerk
244 1077 25 33 is
297 1074 256 47 voorgevallen,
589 1084 41 24 en
653 1085 76 24 men
757 1074 157 35 oordeele
943 1074 84 41 dan,
1055 1074 44 35 of

122 1125 37 35 ik
187 1125 76 34 zulk
282 1125 172 45 onnoodig
471 1124 91 34 werk
581 1123 125 47 gedaan
726 1124 129 42 kebbe,
881 1132 68 26 met
967 1124 49 34 uit
1031 1124 67 35 den

123 1174 109 45 Bijbel
258 1184 42 24 en
326 1173 38 34 de
395 1172 234 35 Formulieren
649 1173 56 34 het
724 1172 87 36 oude
831 1173 184 45 christelijk
1037 1183 59 37 ge-

122 1223 224 35 reformeerde
366 1221 187 35 Leerſtelſel
581 1232 90 24 weer
696 1232 32 25 te
749 1222 122 45 helpen
895 1223 198 44 opzoeken,

119 1283 43 23 en
194 1272 204 46 voordragen
432 1282 47 33 op
506 1281 81 24 eene
605 1271 113 45 wijze,
743 1271 52 34 dat
812 1271 87 35 ieder
917 1273 72 32 zien
1010 1272 85 34 lun-

119 1332 63 30 ne,
209 1322 53 34 dat
287 1321 39 33 de
355 1331 64 24 zoo
448 1320 77 47 lang
550 1321 102 44 plaats
681 1321 106 46 gehad
809 1320 174 35 hebbende
997 1316 98 56 ama-

115 1371 161 48 righeden
305 1369 73 34 daar
407 1370 84 34 door
521 1370 119 47 geheel
670 1369 191 35 vervallen?
1034 1381 33 17 —

165 1479 88 25 vAN
278 1469 63 35 den
369 1468 59 47 tijd
454 1467 54 42 af,
535 1467 54 35 dat
618 1478 83 24 onze
728 1466 199 36 voorvaders
955 1467 58 35 het
1039 1467 50 36 al-

112 1519 159 38 lereerst,
295 1518 85 34 door
405 1517 63 33 den
491 1516 141 46 heiligen
652 1516 227 45 Materdoop,
906 1517 56 34 der
983 1517 105 35 chris-

114 1567 112 44 telijbe
253 1566 90 35 Rerk
380 1566 63 44 eijn
475 1565 151 47 ingelijfd
657 1566 204 46 geworden,
906 1566 97 34 heeft
1031 1566 55 35 die

111 1616 110 45 Doop
241 1617 55 45 zig
320 1614 135 36 mecstal
472 1615 139 44 bepaald
635 1624 50 25 tot
701 1614 82 47 jong
799 1615 150 46 geboren
968 1615 116 35 kinde-

111 1676 77 30 ren,
209 1674 31 24 te
261 1674 130 31 weten,
413 1675 62 23 van
495 1664 98 34 zulke
611 1664 151 41 Ouders,
780 1664 54 34 die
854 1674 44 24 nu
916 1664 86 34 door
1019 1665 66 34 den

110 1714 108 44 Doop
238 1713 198 35 Christenen
454 1714 181 46 geworden
655 1723 131 32 waren;
813 1724 40 23 en
871 1712 52 34 die
941 1712 144 36 Rinder-

110 1764 92 43 doop
233 1763 97 35 heeft
348 1765 34 32 in
401 1762 186 36 Neerlands
611 1762 108 41 Rerk,
747 1762 272 36 onbeſchroomd
1038 1773 45 25 en

112 1812 123 36 zonder
255 1812 243 45 gemoedelijke
519 1811 254 47 warigheden,
791 1822 96 36 gang
912 1812 109 46 gehad
1039 1823 43 24 en

108 1861 204 48 gehouden,
333 1871 50 25 tot
400 1863 31 32 in
452 1862 57 32 het
528 1860 107 35 laatſte
660 1860 57 37 der
742 1862 116 44 vorige
875 1859 112 38 Eeuv
1013 1870 69 27 toe.

109 1909 102 48 (Het
239 1910 181 45 christelija
451 1910 262 44 Genootſchap,
749 1909 53 34 dat
832 1910 42 43 bij
905 1909 41 34 de
975 1910 107 36 refor-

108 1960 99 34 matie
237 1958 39 34 de
307 1960 183 45 begrippen
520 1970 60 23 van
604 1970 160 23 muαN
783 1954 153 55 gevolgd
951 1959 130 44 heeft,

108 2008 154 36 feheidde
295 2010 53 44 zig
367 2018 61 24 van
448 2008 48 34 de
517 2007 241 48 gemeenſchap
789 2018 101 25 òncer
911 2008 170 36 Gemeen-

596 2056 28 35 B
1029 2068 58 31 —
