1610 2722
429 266 476 308 34

646 270 1178 307 PHILADELPHUS

426 377 450 394 „
477 351 700 397 Avondmaal,
728 367 785 392 aan
805 359 914 393 hunne
930 360 1047 396 Zielen
1068 361 1242 411 verzegeld
1260 360 1404 400 wordt.”

428 399 519 436 Daar
549 414 586 437 na
617 403 653 439 bl
690 407 746 440 26.
793 433 816 449 „
844 408 927 442 Hier
955 411 980 444 is
1006 412 1065 445 dan
1087 413 1125 445 de
1146 424 1266 459 groote
1288 426 1402 461 vraag:

425 473 450 494 „
479 450 557 486 Hoe
586 453 626 486 de
649 451 761 489 kleine
796 454 998 493 Kinderkens
1028 462 1159 496 konnen
1188 467 1402 510 aangemerkt

429 522 454 543 „
478 500 615 536 worden
651 503 698 538 als
735 505 1038 555 verbondelingen,
1076 511 1118 545 of
1146 523 1208 546 zoo
1240 515 1285 547 als
1315 524 1400 549 onze

401 2051 425 2070 „
451 2028 566 2063 mine
602 2031 836 2077 wetenſchap,
874 2034 942 2068 ook
977 2034 1018 2068 de
1047 2037 1161 2072 mine
1193 2038 1383 2085 nuttigheid

430 573 452 594 „
479 549 710 587 Katechismus
735 563 831 603 zegt,
862 559 980 593 zoowel
1006 561 1054 594 als
1075 563 1111 594 de
1131 560 1345 607 volwasſenen
1367 565 1402 599 in

424 623 450 640 „
478 609 587 635 GODS
615 604 763 638 verbond
783 605 945 652 begrepen
975 608 1073 655 zijn?
1108 620 1148 643 en
1175 611 1221 645 als
1250 612 1289 645 de
1318 624 1400 647 zoo‐

420 668 447 690 „
476 649 612 696 danigen
641 652 701 686 den
726 653 851 699 Doop,
880 657 929 690 als
955 665 1015 691 een
1036 660 1248 706 zegelteeken
1271 670 1332 695 van
1353 663 1400 696 dit

421 722 446 741 „
474 697 657 742 Verbond,
695 702 898 750 ontfangen?
925 707 1062 741 Immers
1087 711 1154 742 niet
1180 707 1333 756 dadelijk
1359 723 1401 746 en

420 771 446 789 „
474 749 664 796 werkelijk;
690 761 778 786 want
799 765 871 788 enz.
898 776 941 780 —
968 757 1178 803 Gevolgelijk
1203 760 1337 794 kunnen
1359 761 1400 795 de

419 818 444 838 „
473 795 618 832 Kinders
643 800 687 834 als
711 801 1003 850 Verbondelingen
1030 808 1097 841 niet
1126 811 1262 846 worden
1284 820 1403 856 aange‐

418 866 444 888 „
473 847 602 889 merkt,
643 850 703 883 dan
740 854 963 898 aangemerkt
997 855 1033 889 in
1070 856 1182 891 hunne
1224 860 1401 900 Ouderen,

418 918 443 937 „
470 901 538 929 met
573 895 704 932 welken
741 902 801 943 zij,
839 903 869 934 in
907 903 952 936 dit
984 906 1119 951 opzigt,
1156 917 1221 941 zoo
1251 908 1320 941 veel
1352 908 1398 942 als

417 967 442 985 „
471 946 532 978 één
557 945 707 981 lichaam
730 949 919 993 uitmaken;
945 953 1110 999 invoegen
1133 954 1187 988 dat
1207 955 1247 989 de
1270 958 1401 992 Ouders

416 1017 441 1035 „
471 993 684 1040 Geloovigen
714 1007 756 1030 en
786 996 1077 1047 Verbondelingen
1108 999 1233 1047 zijnde,
1262 1007 1329 1039 ook
1357 1006 1398 1039 de

417 1065 442 1084 „
471 1042 616 1078 Kinders
647 1046 685 1079 in
710 1045 781 1080 hun
807 1058 848 1081 en
876 1057 925 1082 om
954 1050 1085 1086 hunnen
1116 1053 1139 1086 't
1165 1053 1253 1089 wille,
1311 1065 1396 1088 voor

414 1116 439 1135 „
466 1090 666 1139 geloovigen
701 1105 742 1128 en
778 1098 1060 1144 verbondelingen
1099 1102 1232 1136 konnen
1264 1101 1396 1148 gehou‐

413 1166 436 1183 „
466 1140 532 1174 den
568 1140 739 1177 worden.”
792 1145 883 1179 Daar
919 1157 963 1192 op
994 1154 1091 1183 toont
1119 1150 1201 1183 deze
1231 1153 1398 1197 Schrijver

414 1191 636 1238 breedvoerig
665 1203 744 1232 aan,
781 1194 847 1229 hoe
876 1195 956 1230 deze
985 1200 1197 1246 vereeniging
1225 1202 1281 1234 der
1312 1201 1395 1235 Kin‐

412 1240 514 1274 deren
556 1250 626 1275 met
652 1243 693 1277 de
723 1244 879 1287 Ouders,
914 1243 1000 1292 zijns
1026 1248 1198 1291 oordeels,
1234 1252 1301 1286 niet
1330 1251 1396 1285 kan

415 1290 584 1335 begrepen
612 1291 770 1335 worden,
798 1304 839 1327 en
867 1294 1019 1342 vervolgt
1040 1298 1081 1331 bl.
1110 1308 1167 1341 4I.
1197 1298 1259 1333 dan
1281 1300 1395 1335 aldus:

410 1361 436 1381 „
463 1338 553 1373 Daar
578 1337 662 1384 blijft
688 1342 748 1375 dan
774 1344 859 1378 niets
882 1345 1001 1380 anders
1020 1348 1156 1393 overig,
1182 1348 1243 1382 dan
1266 1349 1319 1382 dat
1340 1350 1397 1383 de‐

408 1410 434 1430 „
462 1398 501 1421 ze
528 1383 754 1432 Kinderkens,
781 1392 826 1426 als
850 1393 967 1428 zelven
988 1406 1058 1441 nog
1078 1407 1185 1443 geene
1205 1395 1395 1433 Perſoonen

409 1461 433 1479 „
461 1437 494 1470 in
524 1437 604 1470 deze
633 1440 981 1490 verbondshandeling
1002 1445 1179 1480 kunnende
1200 1448 1393 1491 uitmaken,

409 1509 435 1528 „
461 1484 562 1533 gelijk
588 1486 623 1520 ik
647 1488 757 1522 boven
780 1491 937 1526 bewezen
960 1494 1045 1535 heb,
1072 1495 1114 1528 bl.
1149 1497 1210 1537 I8,
1241 1506 1294 1541 I9.
1317 1509 1393 1531 aan‐

408 1558 433 1578 „
460 1535 613 1581 gemerkt
651 1538 782 1571 werden
820 1541 851 1573 in
886 1540 927 1574 de
955 1540 1143 1578 Perſoonen
1182 1553 1243 1579 van
1278 1547 1390 1581 hunne

407 1608 432 1626 „
459 1583 640 1630 geloovige
679 1597 721 1620 en
761 1589 797 1620 in
833 1589 891 1622 het
931 1590 1222 1628 Genadeverbond
1262 1595 1391 1629 aande

407 1657 432 1675 „
459 1634 643 1676 Ouderen,
680 1636 732 1669 die
771 1637 833 1670 dan
871 1639 942 1673 ook
975 1647 1035 1674 van
1063 1650 1189 1688 wegen
1214 1653 1256 1677 en
1287 1645 1320 1678 in
1348 1645 1391 1678 de

408 1706 433 1724 „
461 1683 564 1728 plaats
602 1694 665 1718 van
698 1686 813 1720 hunne
845 1679 1013 1723 Kinderen
1051 1691 1107 1725 het
1134 1692 1296 1727 Verbond
1321 1701 1391 1729 met

408 1755 433 1773 „
464 1732 544 1766 God
583 1744 666 1767 voor
703 1735 770 1769 hun
808 1738 947 1777 maken,
984 1739 1069 1775 door
1104 1741 1161 1775 het
1188 1743 1312 1789 geloof
1337 1755 1387 1789 op

405 1804 431 1822 „
461 1780 653 1817 'sHeilands
683 1782 896 1828 oﬀerhande,
925 1786 973 1821 Pſ.
1001 1787 1042 1822 L.
1073 1790 1130 1834 5.”
1182 1791 1243 1825 Uit
1271 1793 1300 1826 al
1330 1794 1389 1828 het

406 1830 493 1864 welk
523 1831 562 1864 de
592 1831 653 1866 Hr.
674 1832 807 1878 Keppel
838 1836 899 1869 dan
920 1836 1013 1871 aldus
1032 1841 1226 1882 redeneert,
1253 1839 1296 1876 bl.
1326 1854 1386 1888 44.

402 1902 426 1920 „
455 1880 557 1914 Waar
594 1883 642 1915 uit
678 1883 739 1917 dan
778 1885 845 1919 ook
882 1885 937 1920 elk
972 1885 1112 1934 ligtelijk
1143 1891 1225 1932 ziet,
1261 1890 1316 1925 dat
1345 1892 1388 1925 de

403 1953 429 1971 „
457 1928 564 1973 Doop
601 1931 656 1966 der
684 1932 904 1981 Zuigelingen
941 1937 1002 1977 zie,
1047 1946 1112 1972 zoo
1140 1950 1216 1973 zeer
1244 1941 1311 1974 niet
1337 1952 1384 1986 op

399 2000 427 2020 „
455 1978 494 2012 de
522 1979 694 2015 Kinderen
724 1983 863 2025 zelven,
900 1995 988 2019 want
1025 1986 1078 2020 die
1115 1987 1246 2023 hebben
1278 2001 1313 2023 er
1340 1990 1383 2024 de

1260 2113 1287 2132 „
1313 2090 1382 2124 niet
