1555 2717
1066 275 1112 324 63

296 291 963 333 VERANTWOORDING.

148 402 210 427 van
253 390 309 424 het
341 386 448 424 boek,
492 383 553 417 den
589 377 796 421 Kinderdoop
832 379 1035 419 verworpen,
1080 369 1120 402 de

148 434 460 482 noodzaaklijkheid
492 444 558 467 van
594 433 655 465 den
687 425 893 468 Kinderdoop
930 431 994 455 zoo
1031 419 1118 453 klaar

152 493 309 526 bewezen
337 486 420 526 had,
448 482 501 516 dat
531 479 706 518 niemand,
735 476 785 509 die
810 474 871 507 den
897 471 1006 514 Bijbel
1030 469 1121 504 onbe

152 537 375 577 vooroordeeld
400 534 534 580 gelezen
561 528 669 575 heeft,
709 536 779 560 aan
815 524 852 556 de
880 517 1121 562 noodzakelijk

157 589 234 624 heid
256 597 323 621 van
352 584 429 618 dien
455 581 549 625 Doop
575 581 699 624 langer
725 571 881 618 twijfelen
912 570 1032 609 konde,
1060 566 1123 600 dan

155 696 298 732 wegen,
327 680 496 726 openlijk,
525 689 566 711 en
596 673 811 722 blijmoedig,
841 670 963 715 mijnen
988 666 1072 700 dank
1094 674 1127 698 te

153 648 217 674 zou
245 637 278 669 ik
299 634 353 678 mij
378 631 523 675 verpligt
543 624 746 674 geordeeld
773 622 923 657 hebben,
951 619 1027 652 hem
1055 616 1128 651 des

155 736 324 780 betuigen.
358 731 453 765 Maar
480 739 525 761 nu
555 727 621 771 hij,
648 724 719 757 daar
748 722 787 754 de
817 720 884 753 leer
907 719 962 753 des
989 715 1132 750 Kinder

158 834 263 869 kelik
294 830 402 866 wordt
430 836 613 873 aangetast,
640 824 722 857 niets
741 820 856 854 anders
874 818 997 865 gedaan
1019 813 1134 852 heeft,

156 786 264 828 doops
290 792 354 817 zoo
382 776 618 816 aanhoudend,
643 784 709 809 zoo
737 770 877 815 ernig,
905 779 969 802 zoo
989 764 1131 799 nadruk

157 884 221 918 dan
256 892 287 915 te
326 882 502 917 beweren,
557 875 610 907 dat
654 873 688 905 ik
730 870 850 913 mijnen
894 872 1136 912 opgegevenen

160 931 268 979 grond
303 939 387 962 voor
425 924 606 959 denzelven
635 924 702 955 niet
730 919 888 962 bewijze,
935 914 1056 949 zonder
1084 913 1139 945 dat

160 982 207 1024 hij
244 989 336 1024 egter
374 975 465 1010 zelve
501 974 599 1019 egts
633 981 695 1005 een
722 969 837 1012 vinger
873 974 1045 1003 verroere,
1082 970 1141 995 om

163 1031 238 1063 daar
264 1036 347 1060 voor
373 1026 482 1058 betere
508 1022 654 1068 gronden
679 1028 735 1051 aan
769 1016 808 1048 de
837 1014 924 1047 hand
955 1022 987 1045 te
1013 1019 1142 1054 geven,

164 1088 229 1113 zoo
258 1077 320 1109 kan
347 1073 379 1107 ik
406 1074 473 1105 niet
501 1070 617 1103 anders
644 1069 739 1106 zien,
767 1064 809 1098 of
830 1064 874 1108 hij
904 1060 996 1095 heeft
1024 1062 1076 1105 zig
1097 1057 1142 1101 bij

166 1128 206 1162 de
244 1120 507 1170 gereformeerde
545 1119 636 1153 Kerk
662 1126 749 1150 maar
787 1112 952 1158 matiglijk
987 1105 1146 1145 verdiend

168 1175 339 1224 gemaakt,
366 1171 395 1205 al
424 1170 487 1204 had
514 1169 578 1212 hij,
606 1177 703 1213 tegen
732 1163 807 1207 mij,
836 1162 875 1195 de
902 1159 1066 1195 waarheid
1087 1167 1146 1191 aan

171 1228 254 1271 zijne
283 1222 377 1267 zijde.
429 1220 504 1254 Zoo
533 1218 595 1251 dan
627 1218 668 1250 de
694 1214 754 1249 Hr.
782 1212 823 1245 A.
860 1211 924 1244 lust
953 1208 1065 1249 heeft,
1101 1206 1146 1250 hij

172 1275 374 1309 onderneme
411 1270 450 1303 de
488 1267 703 1311 verdediging
740 1263 796 1295 des
832 1259 1066 1302 Kinderdoops
1103 1266 1149 1299 op

181 1715 351 1753 Schriften
381 1712 564 1748 volkomen
593 1711 754 1744 bewezen
779 1706 856 1740 heb.

173 1324 291 1358 andere
328 1331 368 1353 en
404 1321 516 1354 betere
543 1317 711 1363 gronden,
748 1313 810 1345 dan
841 1312 873 1344 ik
907 1309 1031 1355 gedaan
1062 1307 1152 1347 heb;

174 1384 249 1409 zeer
284 1379 401 1417 gaarne
437 1368 492 1402 wil
524 1367 557 1400 ik
585 1367 631 1399 dit
659 1366 752 1400 zien,
798 1371 838 1392 en
869 1358 1038 1402 onderrigt
1067 1364 1156 1388 wor

176 1425 250 1457 den.
283 1422 378 1455 Maar
408 1429 472 1452 zoo
501 1417 577 1461 lang
602 1416 680 1447 deze
709 1410 924 1454 verdediging
953 1408 1020 1438 niet
1049 1413 1158 1447 open

177 1472 234 1517 lijk
267 1469 419 1513 volbragt
445 1468 490 1507 is,
519 1465 565 1498 zal
596 1464 629 1497 ik
660 1461 779 1506 blijven
808 1456 987 1490 oordeelen
1008 1463 1049 1487 en
1078 1462 1159 1498 zeg

178 1532 261 1567 gen,
290 1519 342 1551 dat
371 1515 450 1550 zelfs
485 1514 522 1547 de
553 1511 613 1547 Hr.
640 1513 682 1545 A.
710 1509 761 1542 die
789 1507 855 1539 niet
886 1515 993 1552 geven
1024 1503 1158 1542 kunne,

179 1572 241 1604 dan
282 1579 326 1610 op
363 1563 556 1598 denzelfden
591 1559 717 1607 grond,
762 1557 836 1590 dien
874 1556 908 1588 ik
940 1561 1158 1598 opgegeven,

178 1630 241 1660 en,
268 1628 332 1651 zoo
361 1615 407 1648 als
429 1614 483 1651 ik,
511 1610 704 1647 behoudens
732 1607 772 1641 de
792 1606 906 1651 agting
934 1614 995 1638 van
1016 1602 1079 1635 den
1098 1599 1160 1634 Hr.

180 1669 222 1703 A.
250 1676 318 1711 nog
344 1663 522 1702 oordeele,
553 1661 600 1694 uit
628 1660 684 1692 het
712 1655 850 1704 geheele
881 1654 1006 1696 beloop
1026 1650 1083 1685 der
1110 1647 1158 1684 H.

233 1828 276 1850 IK
312 1812 456 1848 verzoek
886 1802 940 1838 dat
977 1812 1074 1842 men,
1107 1810 1166 1837 om
612 1816 851 1846 ANDEREN,
493 1820 583 1845 TEN

183 1876 245 1900 een
274 1865 361 1898 klaar
402 1862 518 1907 begrip
547 1870 577 1893 te
610 1860 726 1892 maken
753 1867 814 1889 van
852 1854 908 1888 het
939 1862 1021 1899 geen
1054 1849 1087 1884 ik
1122 1849 1169 1883 ei

186 1914 310 1962 genlijk
337 1912 499 1955 bewijzen
530 1918 659 1949 moest,
695 1906 826 1952 gelieve
853 1902 1072 1947 optemerken
1100 1899 1168 1933 niet

187 1965 290 1999 alleen
321 1962 373 1994 dat
403 1960 443 1993 de
474 1959 645 2001 chrijver,
673 1958 778 1989 wiens
807 1955 892 1987 boek
920 1952 953 1985 ik
988 1950 1168 1985 ondernam

190 2025 221 2048 te
257 2010 502 2049 beoordeelen,
554 2008 617 2041 den
655 2004 872 2047 Kinderdoop
921 2001 1084 2044 verwierp
1122 2007 1167 2042 op

191 2063 364 2111 gronden,
397 2059 528 2094 welken
566 2057 610 2103 hij
648 2064 715 2091 met
742 2064 815 2089 zeer
849 2051 920 2087 vele
947 2049 1101 2098 geleerde
1128 2056 1171 2082 en

1112 2105 1172 2131 on
