1535 2705
312 278 670 55 VERANTMOORDIAMCG.
1084 281 54 44 —

212 389 76 26 ALS
312 388 37 25 er
375 377 61 35 dan
456 386 106 37 geene
582 376 91 44 hoop
693 385 45 35 op
756 374 115 45 eenige
889 369 188 38 reformat
1042 364 33 63 e
1094 368 33 33 in

163 426 43 39 de
234 427 138 45 praktijk
389 426 41 35 of
450 425 207 46 iitoefening
676 424 55 38 des
749 423 212 47 algemeenen
987 417 144 47 Rinder-

164 476 107 44 doops
289 486 90 24 meer
396 485 81 25 over
495 485 90 33 was,
611 485 38 23 en
671 473 56 34 het
743 480 128 30 ontrust
890 479 153 38 geweten
1068 477 59 36 eg-

161 535 49 29 ter
230 524 200 47 voldoening
447 534 98 37 zogt,
571 534 64 27 zoo
654 522 117 34 ſcheen
790 515 35 40 er
840 521 84 34 niets
943 517 114 35 anders
1078 526 46 34 op

161 584 32 30 te
209 574 83 44 zijn,
320 574 60 40 dan
397 584 81 24 cene
494 573 214 44 derandering
728 580 32 24 te
779 571 117 34 maben
913 569 32 39 in
966 568 55 33 het
1041 565 85 35 For-

157 622 119 36 mulier
300 622 57 35 des
374 621 253 45 Rinderdoops,
654 631 41 34 em
715 620 60 35 dus
792 621 45 32 in
853 618 40 34 de
913 614 213 45 voorwaarde

158 681 61 25 van
241 671 74 35 dien
337 671 130 45 Doop,
493 670 58 42 of,
568 662 84 58 want
654 670 85 40 hier
755 679 44 34 op
813 668 106 42 kwam
941 666 45 33 dit
1006 666 32 32 in
1059 664 67 33 den

155 721 108 45 grond
284 721 66 40 uit,
379 722 33 33 in
433 720 40 35 de
488 719 88 42 Leer
602 718 56 42 des
678 718 143 44 Doops;
849 715 105 42 welke
972 713 156 45 verande-

156 770 75 46 ring
245 771 57 45 zig
319 769 29 34 al
372 780 55 24 ver
443 768 184 46 verſpreid,
653 778 42 24 en
714 767 71 34 veel
803 775 137 38 gerugts
959 772 90 25 moet
1069 771 59 36 ge-

156 819 110 40 maakt
291 819 152 42 hebben,
468 817 166 36 nademaal
666 816 41 35 de
737 813 205 44 Provinciale
969 811 161 46 Synoden

155 867 59 34 het
244 867 126 47 noodig
397 877 134 37 agtten,
559 868 53 44 aig
641 866 98 34 dezer
769 864 84 37 zae
880 861 249 46 aantetrebken.

156 915 75 42 Ten
256 917 138 45 beviſie
424 917 75 37 daar
523 915 158 34 vanRan
702 914 173 40 ſtrebben,
901 912 25 42 t
946 921 85 36 geen
1051 908 80 46 inen

157 965 33 34 in
216 965 39 33 de
276 967 107 34 Acten
403 965 56 34 der
479 964 135 44 Synode
634 974 62 23 van
717 961 201 43 Gelderland
936 960 103 38 leest,
1064 968 63 25 van

154 1013 66 37 den
240 1013 69 45 jare
335 1023 103 33 1y22.
465 1014 72 31 Art.
567 1022 40 23 21
638 1011 41 34 ad
706 1021 57 24 28.
789 1009 148 34 luidende
967 1007 109 33 aldus:

204 1072 103 32 „DOs.
332 1059 278 46 Correspondens
624 1058 263 35 Zuidhollandiæ
908 1057 46 34 las
972 1067 41 23 ex
1032 1056 96 41 actis,

157 1110 104 48 dat
278 1109 40 43 de
328 1108 304 45 Zuidhollandſche
652 1107 153 45 Synodus
826 1116 90 33 weer
933 1116 45 34 op
998 1105 131 46 niecvs

210 1159 223 47 gearresteerd
458 1157 82 43 had,
566 1157 55 35 dat
641 1158 33 33 in
702 1157 57 36 het
785 1155 177 42 voorleten
983 1153 61 34 der
1058 1152 81 47 for-

208 1208 186 45 nmulieren,
420 1206 115 36 vooral
565 1217 62 25 van
654 1206 63 34 den
738 1205 107 45 Doop
876 1216 40 23 en
944 1204 59 38 het
1021 1202 109 46 Nagt-

155 1255 135 47 „maal
307 1268 84 37 geen
412 1256 212 47 verandering
644 1266 63 32 van
724 1255 160 34 woorden
896 1253 42 35 of
941 1251 189 47 ſpreekwij⸗

207 1317 61 24 en
295 1318 75 35 mag
390 1307 89 34 noch
501 1316 89 31 moet
615 1304 224 48 geſchieden,
859 1303 143 47 volgens
1018 1301 110 45 Syno-

153 1355 122 44 „dale
294 1355 195 45 reſolutien,
524 1357 64 41 Ao.
620 1355 105 44 1581.
760 1361 60 26 art.
849 1363 55 34 30.
937 1360 105 35 1591.
1068 1358 60 33 art.

211 1416 52 34 15.
296 1415 103 35 1599.
435 1413 59 26 art.
523 1414 56 34 30.
613 1404 101 43 1689.
748 1410 59 33 art.
838 1411 55 34 25.
926 1400 105 43 1699.
1066 1406 62 26 art.

209 1464 57 36 25.
293 1453 273 46 Grdonnerende
583 1452 41 33 de
645 1449 210 47 vastgeſtelde
873 1447 254 46 Formulieren:

154 1502 167 45 3vdoral
348 1505 32 34 ia
411 1503 63 36 den
501 1502 52 38 zin
583 1502 67 39 niet
680 1509 31 25 te
738 1496 233 48 veranderen.

203 1562 55 24 EN
285 1562 58 32 een
372 1552 121 44 weinig
518 1549 115 39 verder
659 1548 80 40 leest
767 1557 92 24 men:

202 1611 106 34 „Ei
335 1600 106 34 welke
471 1597 219 48 gelegenheid
719 1607 58 23 aan
809 1597 80 33 ders
917 1594 105 48 Hloog
1047 1594 77 42 Ew.

151 1648 280 47 „Vergadering
462 1648 32 33 in
529 1647 189 46 bedenking
750 1656 154 36 gegeven
931 1643 122 42 wierd,
1089 1643 43 44 of

155 1699 109 42 „het
288 1699 66 33 niet
374 1697 136 46 dienſtig
528 1707 66 33 zou
615 1696 85 45 zijn,
727 1695 53 34 dat
800 1696 32 34 in
858 1694 88 36 dere.
963 1693 166 45 Vergade-

153 1749 124 45 „ring
302 1756 145 34 omtrent
475 1746 54 34 het
555 1745 93 35 lezen
678 1745 57 34 der
764 1743 215 36 formulieren
1009 1743 33 33 in
1069 1743 58 33 het

152 1796 211 47 gem̃een,
388 1807 40 33 en
457 1795 54 34 dat
530 1806 62 32 van
612 1795 106 45 Doop
735 1805 43 32 en
794 1791 207 38 Avondmaal
1019 1792 33 33 in
1072 1791 57 34 het

153 1846 243 45 „bijzonder,
424 1847 32 32 in
489 1844 192 43 deliberatie
708 1853 168 38 genomen
904 1840 151 42 wierd?“

202 1906 38 32 s
263 1905 41 23 na
329 1893 167 48 hoogwijs
513 1894 169 44 præadvijs
708 1903 62 24 dan
788 1892 40 32 de
848 1889 64 35 Ed.
931 1889 100 47 Mog.
1058 1887 68 46 Ed.

153 1944 111 44 Gr.
283 1944 105 45 Agtb.
409 1942 44 35 H.
473 1940 44 35 H.
539 1941 287 35 Commisſarisſen
845 1939 144 46 Politicd,
1003 1937 125 48 goed-

153 1993 224 46 gevonden
403 1992 45 35 dit
473 1992 179 46 gewigtige
682 2000 86 35 punt
794 1991 32 33 in
854 1989 216 48 overweging
1094 1996 34 33 te

152 2040 204 50 ——

605 2089 76 48 B3
1020 2094 112 28 WAN-
