1498 2693
346 281 963 312 VOORREDEN.

1095 275 1170 303 XIX

185 365 246 403 den
273 376 304 402 te
330 367 471 411 hebben,
499 364 696 410 medebragt.
722 363 777 400 En
802 364 897 399 alzoo
919 362 1011 411 aat
1036 358 1088 393 dit
1109 370 1167 405 ge‑

182 431 265 476 lijk,
292 438 354 463 met
382 431 419 464 de
450 430 679 475 Aanbieding,
712 429 816 463 welke
839 427 902 472 wij
929 438 986 472 nog
1013 433 1044 459 te
1062 423 1165 457 dezen

181 496 260 541 dage
288 506 353 528 aan
385 493 422 527 de
451 493 558 538 Joden
589 491 687 537 doen,
722 492 773 525 die
803 490 899 524 onder
925 501 979 523 ons
1007 498 1162 530 woonen,

180 571 217 592 en
252 558 356 593 welke
391 557 428 591 de
466 554 721 590 Misonarisſen
758 554 892 599 eertijds
928 564 994 586 aan
1021 551 1160 596 Japan,

178 635 216 657 en
249 623 368 656 andere
402 621 535 655 Natiën
566 621 694 667 gedaan
721 617 864 659 hebben,
900 627 958 660 nog
986 614 1082 657 doen,
1119 623 1161 646 en

177 685 296 719 verder
321 685 398 718 doen
425 685 536 717 zullen
562 693 627 717 aan
652 683 716 717 alle
744 680 881 723 volken,
916 690 975 713 zoo
1003 679 1096 712 velen
1120 677 1159 711 de

176 751 266 784 Heer
293 761 373 783 onze
403 748 474 781 God
500 759 534 781 er
562 758 619 792 nog
645 753 694 780 toe
720 745 781 778 zal
806 743 883 777 doen
908 753 1033 788 roepen.
1060 742 1161 775 Deze

173 816 222 858 is,
248 814 348 858 mijns
375 812 532 853 oordeels,
559 819 643 843 naar
669 810 728 844 den
743 811 829 856 geest
854 819 925 841 van
947 807 984 841 de
1011 807 1158 841 Nieuwe

171 878 373 921 Bediening,
418 876 457 909 de
507 873 714 919 Algemeene
756 871 987 916 Aanbieding,
1031 870 1082 904 die
1123 868 1158 902 ik

167 953 286 989 gaerne
312 940 418 974 erken.

216 1013 340 1039 MAAR
366 1012 521 1035 wanneer
539 1011 593 1032 een
614 999 721 1042 Volk,
749 998 789 1043 of
801 1010 855 1032 een
882 998 953 1031 deel
977 1009 1046 1031 van
1065 998 1154 1042 eenig

170 1070 269 1113 volk,
312 1065 393 1100 deze
420 1075 487 1099 aan
518 1063 673 1097 hetzelve
695 1062 819 1109 gedane
848 1061 1076 1108 Aanbieding,
1112 1072 1156 1094 nu

168 1134 259 1167 reeds
285 1140 500 1176 aangenomen
528 1127 640 1169 heeft,
665 1136 703 1159 en
730 1126 825 1159 alzoo
855 1132 920 1158 met
943 1124 1016 1158 God
1041 1126 1076 1157 in
1101 1123 1157 1156 het

169 1192 366 1241 Christelijk
394 1191 550 1229 Verbond
569 1190 722 1237 getreden
741 1201 791 1231 is;
818 1188 884 1223 dan
911 1198 968 1233 nog
987 1192 1062 1220 van
1081 1197 1153 1219 eene

160 2020 295 2070 betuige
317 2021 373 2057 het
391 2022 424 2054 in
442 2019 505 2054 den
534 2016 665 2055 Heere,
693 2013 745 2048 dat
771 2015 814 2062 gij
843 2015 911 2049 niet
937 2020 1028 2049 meer
1053 2023 1144 2047 wan

167 1261 373 1307 Algemeene
410 1254 620 1300 Aanbieding
655 1266 725 1289 van
768 1252 947 1297 Christus,
996 1257 1061 1284 met
1096 1249 1151 1285 be‑

166 1325 316 1370 trekking
343 1323 391 1356 tot
417 1322 476 1356 dat
503 1321 594 1356 reeds
621 1317 807 1354 verbonden
834 1314 910 1349 volk
939 1321 971 1347 te
996 1311 1152 1357 ſpreken,

155 1388 286 1432 ſchijnt
322 1386 385 1433 mij
418 1381 731 1432 onſchriftuurlijk,
766 1379 888 1411 zuiver
917 1372 1151 1419 Syematiek,

163 1454 214 1487 uit
243 1448 462 1495 misverand
483 1446 669 1493 geſproten,
703 1453 741 1475 en
767 1447 817 1473 tot
843 1438 978 1473 verdere
1005 1438 1150 1471 misvat‑

164 1519 276 1562 tingen
310 1521 342 1547 te
374 1511 489 1546 leiden.
534 1507 593 1541 De
629 1505 806 1550 Apostelen
840 1498 956 1539 zeiden
992 1507 1040 1535 tot
1066 1498 1148 1534 zulk

164 1592 219 1614 een
245 1577 343 1620 volk,
370 1573 409 1620 of
428 1571 612 1614 volksdeel,
639 1579 704 1603 zoo
735 1567 828 1601 velen
859 1567 903 1613 gij
933 1567 965 1599 in
992 1563 1148 1598 Christus

161 1642 312 1690 gedoopt
341 1638 416 1683 zijt,
445 1636 525 1670 hebt
554 1635 598 1683 gij
629 1632 782 1667 Christus
811 1629 1009 1676 aangedaan.
1067 1628 1146 1673 En,

163 1707 280 1751 Gelijk
309 1701 351 1751 gij
377 1701 469 1748 Jeſus
494 1698 648 1732 Christus
669 1695 732 1729 den
752 1693 866 1737 Heer,
893 1692 934 1739 of
949 1703 999 1728 tot
1030 1691 1144 1735 Heer,

160 1776 387 1817 aangenomen
416 1765 517 1801 hebt,
560 1760 704 1796 wandelt
738 1759 835 1794 alzoo
865 1759 897 1792 in
927 1757 1029 1792 Hem.
1081 1756 1141 1792 En

160 1848 209 1872 om
235 1836 286 1870 uit
313 1834 351 1868 de
386 1826 642 1873 meenigvuldige
675 1823 907 1868 voorbeelden,
942 1822 993 1858 die
1029 1831 1065 1869 op
1091 1821 1142 1856 elk

165 1897 244 1933 blad
272 1896 330 1930 der
357 1890 573 1939 Apooliſche
603 1888 750 1923 Brieven
779 1895 810 1922 te
838 1886 960 1921 vinden
987 1887 1083 1932 zijn,
1109 1889 1145 1921 er

160 1973 219 2007 nog
253 1971 349 1995 maar
385 1958 442 1992 êén
469 1963 500 1991 te
526 1964 652 2001 geven:
700 1954 735 1985 Ik
761 1961 865 1998 zegge
892 1941 963 1985 dan
991 1949 1055 1990 dit,
1100 1957 1143 1981 en

588 2079 604 2100 *
629 2077 647 2098 *
675 2091 695 2113 2

1072 2073 1143 2108 delt
