1471 2690
325 272 68 26 VE
396 256 595 60 RANTMOONOMNC.
1122 267 27 41 7

171 351 83 44 den;
282 362 87 26 want
396 352 40 35 de
464 351 62 36 Hr.
552 352 43 37 A.
626 354 73 34 wist
724 352 87 42 wel,
839 353 52 34 dat
916 352 31 33 ik
972 349 176 46 bepaalde-

170 401 58 45 lijk
258 412 49 24 tot
331 402 53 33 dat
411 402 114 42 einde,
552 413 40 23 en
623 414 55 22 om
706 402 100 35 desen
828 401 212 47 algemeenen
1062 399 82 36 Kin-

168 451 150 45 derdoop
347 452 75 33 daar
450 461 107 36 opete
586 453 166 38 bouwen,
788 451 99 34 miine
916 450 67 35 leor
1010 450 67 41 van
1102 449 41 33 de

167 499 203 36 Verbonden
399 501 208 43 voorgeſteld
633 512 39 22 en
701 512 64 23 zoo
791 500 62 35 wel
881 494 157 55 bewezen
1053 498 91 42 had,

167 550 53 33 dat
246 551 74 33 daar
347 559 96 37 tegen
464 551 83 33 niets
568 546 190 42 wezenliibs
778 551 31 33 in
833 559 30 25 te
885 551 146 45 brengen
1052 556 88 32 was,

165 597 100 47 gelijk
290 599 45 45 hij
364 600 55 45 mij
445 599 75 34 daar
544 601 33 32 in
600 600 67 33 dan
676 600 73 34 ook
770 598 197 42 toeſtemde;
987 596 65 39 des
1073 607 73 24 ver-

167 647 131 47 wagtte
318 648 32 34 ik
378 649 87 41 ook,
486 649 58 33 dat
572 648 44 46 hij
646 649 56 44 mij
729 650 73 33 dien
824 648 215 47 algemeenen
1061 646 84 35 Rin-

166 697 153 45 derdoop
352 707 64 25 zou
445 698 130 35 hebben
585 691 243 60 toegeſtemd,
855 697 43 35 of
912 691 231 59 aangeroond,

164 746 56 34 dat
248 746 134 34 decelve
412 748 48 33 uit
488 747 120 45 mijne,
635 748 96 34 door
739 748 82 34 hem
856 746 191 46 toegeſtane
1075 745 70 35 leer

164 795 60 34 der
248 795 221 44 Verbonden,
496 798 68 33 niet
592 798 115 46 wettig
732 795 142 46 volgde:
901 792 98 38 Maar
1019 794 40 34 de
1081 793 62 36 Hr.

164 844 44 35 A.
244 845 103 34 doedt
379 856 84 36 geen
498 855 64 25 van
598 846 143 43 beiden;
778 855 88 26 want
902 845 44 45 hij
982 843 161 35 verklaart

165 893 84 42 zijne
270 894 318 46 Geloofsbelijdenis
616 906 89 29 zoo,
728 896 68 41 dat
824 891 76 37 men
931 895 67 33 niet
1029 893 116 34 anders

165 943 129 34 denken
324 943 133 43 kunne,
494 945 44 34 of
562 944 43 45 hij
633 943 109 36 houdt
768 944 105 34 alleen
904 943 40 34 de
975 942 180 47 Rinderen.

162 1000 64 24 van
260 1001 91 24 vare
385 993 186 45 geloovigen
611 1002 50 23 tot
701 992 63 33 den
803 991 107 43 Doop
948 991 193 46 geregtigd

162 1038 79 36 Hoe
270 1041 128 48 tog,
408 1051 97 35 (vraag
534 1041 33 34 ik
593 1039 217 48 andermaal)
835 1040 130 47 hangen
995 1039 63 34 dan
1088 1039 57 34 de-

161 1099 39 23 ze
228 1088 119 48 dingen
378 1099 32 24 te
440 1090 134 35 ſamen?

209 1149 358 31 DAARENSEOVSGN:
591 1138 76 36 Hoe
687 1141 26 33 is
733 1139 57 35 het
810 1148 68 25 met
902 1137 243 49 mogeliſtheid

165 1197 32 24 te
231 1188 194 46 begrijpen,
452 1188 54 34 dat
535 1188 40 34 de
606 1188 60 36 Ur.
700 1189 41 34 A.
774 1188 69 45 (de
870 1187 277 37 Nederlandſohe

163 1236 317 46 Geloofsbelijdenis
507 1246 60 26 van
594 1239 90 34 ieder
709 1249 63 23 een
800 1248 68 25 zoo
893 1238 154 35 willende
1072 1247 74 25 ver-

161 1286 84 33 ſtaan
273 1286 151 40 hebben,
435 1287 61 34 als
523 1295 52 27 we
600 1287 154 48 zagen,)
785 1288 53 45 zig
860 1298 141 36 nergens
1022 1286 119 42 inlaat,

162 1346 56 23 om
260 1335 40 33 de
347 1346 67 25 zcoco
452 1331 193 56 veιeönlijke
666 1337 384 46 gemoedsbegmaren,
1088 1335 55 34 die

161 1394 96 36 tegen
285 1385 47 34 dit
360 1383 277 37 kommerbarend
665 1385 186 34 denkbeeld
877 1386 189 45 opkomen,
1094 1386 51 32 uit

161 1435 63 34 den
258 1445 76 35 vweg
372 1444 32 24 te
432 1434 157 35 ruimen?
614 1434 43 35 Al
694 1436 34 32 in
757 1434 62 33 den
848 1436 147 44 aanvang
1027 1433 115 45 mijner

160 1484 130 34 brieven
320 1484 125 35 toonde
474 1484 56 40 ib,
566 1483 56 34 dat
649 1484 33 33 ik
713 1481 156 36 dezelven
902 1482 241 43 voornameliſk

161 1531 136 38 ſchreef
321 1542 54 24 ten
407 1532 133 34 dienſte-
558 1542 61 24 van
641 1532 98 34 zulbe
762 1531 242 47 gemoedelijke
1024 1531 119 35 Chris-

162 1578 116 44 tenen,
312 1581 79 46 (uie
419 1582 42 34 h.
490 1581 63 46 2.)
588 1582 52 34 die
666 1582 201 35 belemmerdi
876 1582 90 45 ijn
996 1590 65 25 met
1087 1581 55 35 her

155 1641 84 38 geen
273 1640 74 26 men
382 1632 169 47 algemeen
582 1629 130 48 vooraf
732 1631 34 34 in
793 1632 40 33 de
854 1630 193 47 gebruibers
1076 1640 66 25 van

160 1680 250 38 Sacramenten
439 1681 153 42 vordert;
616 1689 33 25 te
667 1688 127 33 veten,
821 1679 55 35 het
897 1679 244 48 zaligmatend

159 1727 126 51 geloof,
322 1728 56 35 het
410 1729 82 36 velt
521 1740 75 24 men
624 1730 174 47 zigxelven
823 1730 68 34 niet
915 1728 105 47 geven
1039 1728 102 41 ban,

159 1782 81 35 voch
277 1776 129 48 cefenen
442 1780 51 34 als
534 1786 75 27 men
647 1779 75 41 Vil:
740 1778 55 48 ſa
829 1786 110 27 vdar
965 1787 68 26 ven
1065 1787 75 25 men

158 1831 79 34 vor
239 1837 108 40 gaans
382 1828 146 36 onzeber
558 1829 28 34 is
613 1839 42 24 en
684 1826 122 48 bliiſt,
833 1828 138 34 immers
987 1826 44 35 t
1058 1827 80 35 ιiσ

159 1891 77 23 men
272 1876 71 35 niet
373 1887 77 25 zcer
474 1885 242 40 gemcenzuam
730 1883 81 28 van
840 1877 182 45 zigelven-
1038 1874 100 48 durfi

158 1928 148 35 denben?
334 1926 125 34 Voorts
488 1927 27 32 is
541 1926 47 33 dit
616 1925 166 47 oogmerk
812 1926 33 32 in
871 1925 24 34 t
914 1924 140 46 geheele
1081 1926 59 33 be.

161 1977 83 45 loop
270 1986 61 25 van
358 1975 100 45 mijne
487 1975 159 41 brieven,
679 1973 42 35 en
750 1973 112 35 overal
887 1973 178 46 blijkbaar-
1112 1973 29 35 Is

158 2027 60 34 het
253 2036 48 25 nu
338 2034 34 26 te
410 2025 193 46 begrijpen,
639 2022 54 35 dat
727 2024 41 34 de
798 2022 61 36 Hr.
886 2022 44 36 A.
957 2033 99 39 tegen
1084 2021 60 46 mij

612 2073 81 44 A4
1030 2072 114 46 ſchrij-
