1576 2692
78 768 23 64 "Ea

380 290 136 39 VEXIV
590 300 25 24 OV
662 299 24 25 O
734 296 171 27 O-R-R
954 296 20 23 E
1023 297 26 24 D
1096 295 23 25 E
1169 294 43 27 Ne

386 384 75 35 labe
485 377 196 42 veranderd
712 378 82 45 heb,
829 386 74 27 eens
939 375 195 49 aandagtig
1170 375 193 43 nateezen,

387 446 97 46 vleije
514 445 35 36 ik
576 444 81 45 mij,
693 445 62 35 dat
779 443 52 46 hij
859 440 65 46 mij
949 439 78 43 hier
1056 441 36 34 in
1118 442 63 35 zal
1218 438 152 49 toeflems=

387 520 98 32 men;
507 507 107 49 gelijk
640 506 51 47 hij
715 505 55 38 ook
797 505 94 37 reeds
920 505 55 41 uit
1000 504 105 46 mijne
1128 503 116 48 vorige
1275 503 99 36 bries.

387 585 63 27 ven
479 573 60 37 zal
560 572 133 35 kunnen
718 570 96 42 zien,
848 570 61 36 dat
938 569 36 41 ik
1008 580 76 24 over
1116 566 57 37 het
1206 566 165 49 Syfterna-

390 637 85 38 tisch
497 634 194 50 Hoofdfluk
731 645 68 25 van
836 634 42 41 de
911 633 270 40 Sacramenten,
1221 642 41 25 en
1303 640 76 26 van

389 702 59 36 het
481 700 304 43 Genadeverbond,
816 698 117 39 beiden
952 698 44 34 in
1023 695 57 35 het
1108 704 134 38 gemeen
1276 704 103 37 geno.

389 779 100 30 men,
534 767 39 34 in
608 765 63 40 den
703 763 116 50 grond
853 762 73 36 wiet
963 760 144 36 anders
1126 758 127 48 gedagt
1281 756 96 42 heb;

391 832 72 35 dan
490 841 58 29 zoo
574 828 53 35 als
655 827 53 49 hij
732 828 61 37 dat
820 837 69 31 nu,
913 823 123 37 hoewel
1070 829 70 29 wat
1166 820 216 38 breedvoeris

390 905 85 37 ger,
486 886 80 60 voor
571 886 90 60 flelt.
1372 908 15 25 °

443 967 91 26 mer
561 956 51 35 dit
637 955 80 35 alles
743 951 90 49 blijft
863 951 57 37 het
945 959 56 39 tog
1029 949 56 37 ook
1113 957 120 30 waar,
1260 947 61 35 dat
1347 944 37 38 ik

394 1024 105 39 dezen
536 1019 178 46 Schrijver
743 1018 90 46 juist
869 1016 37 35 in
942 1013 68 35 alle
1044 1012 123 46 dingen
1203 1011 70 34 niet
1311 1009 71 35 kan

395 1081 215 56 toeflemmen.
662 1070 72 57 Het
753 1093 84 36 geen
862 1079 33 35 ik
921 1088 131 36 wegens
1079 1076 58 35 het
1165 1070 218 39 onderfcheid

396 1149 118 37 maken
541 1144 203 51 gefchreven
774 1142 85 41 heb,
877 1140 131 49 fchijnt
1033 1139 56 46 hij
1107 1139 65 45 mij
1199 1136 69 36 niet
1293 1144 92 28 over:

396 1211 199 49 eenkomftig
625 1210 84 46 mijn
728 1207 178 38 denkbeeld
927 1214 141 41 opgevat
1096 1214 33 27 te
1156 1202 146 41 hebbens
1328 1199 57 37 ook

395 1276 119 48 vwijfel
537 1277 55 41 ik,
618 1275 55 34 uit
700 1272 57 35 het
782 1282 87 36 geen
893 1271 55 45 hij
980 1275 79 32 over
1086 1270 108 34 Rom.
1220 1265 96 35 VIJL
1344 1276 42 23 ez

397 1343 121 38 vooral
535 1352 76 25 over
629 1337 131 36 Paulus
779 1333 109 44 Brief
893 1345 70 24 aan
980 1336 39 33 de
1029 1332 177 45 Ephefiërs
1220 1327 166 51 fehrijft,

398 1405 42 48 of
459 1405 59 47 wij
552 1414 76 25 over
665 1400 96 37 zulke
792 1398 143 47 flukken
964 1397 62 34 wel
1059 1394 215 48 eenflemmig
1310 1393 79 34 den

399 1471 88 41 ken;
511 1464 184 39 nademaal
717 1463 33 36 ik
777 1464 64 44 mij
860 1461 189 42 verbeelde,
1074 1460 61 35 dat
1167 1457 35 35 ik
1232 1457 39 35 de
1298 1465 96 27 zwa-

400 1532 189 48 vigheden,
618 1529 53 34 die
690 1527 52 45 hij
762 1528 90 36 daar
872 1526 39 34 in
931 1523 132 50 fchijnt
1092 1530 33 25 te
1142 1520 142 41 vinden,
1310 1519 81 34 door

404 1608 80 26 eene
509 1594 161 47 volledige
698 1590 204 45 verklaring
936 1598 68 24 van
1033 1584 52 36 die
1110 1582 166 45 flukken,
1313 1590 81 26 zeer

404 1657 226 54 gemakkelijk
662 1667 64 25 zou
752 1654 139 35 kunnen
922 1646 159 51 oplosfen,
1117 1658 39 23 en
1185 1641 210 50 aangaande

408 1725 40 35 de
476 1720 186 46 Leerwijze
689 1720 61 33 der
773 1715 180 48 Apostelen
982 1722 77 26 eene
1076 1710 96 47 goede
1191 1704 203 50 rekenfchap

406 1797 115 38 geven.
557 1784 78 47 Dog
653 1783 39 34 de
710 1782 136 48 geëerde
875 1778 173 45 Schrijver
1067 1777 119 36 verliet
1213 1770 83 46 mij,
1322 1776 75 29 toen

409 1851 35 36 ik
472 1850 134 46 hoopte,
646 1847 66 35 dat
735 1845 73 45 zijn
847 1843 117 48 begrip
1002 1838 212 48 aangaande
1237 1834 69 38 den
1338 1829 58 37 zin

411 1915 61 36 der
497 1911 177 50 genoemd:
705 1907 162 50 flukken,
902 1917 42 23 en
971 1915 126 37 wegens
1131 1903 39 35 de
1207 1894 191 46 Leerwijze

407 1972 67 43 der
507 1974 179 50 Apostelen
710 1972 122 48 volgen
867 1969 118 40 zoude,
1036 1966 70 36 Zoo
1136 1965 88 38 ist
1249 1959 66 46 mij
1340 1956 58 37 ook

412 2040 249 49 voorgekomen,
686 2036 65 38 dat
778 2033 59 49 hij
855 2034 138 48 gedaan
1013 2030 94 49 heeft
1134 2036 67 31 met
1226 2025 41 38 de
1286 2031 112 37 vraag

1309 2094 92 27 aan-
