1475 2691
335 274 607 43 YERANETWOORDIN
968 279 19 26 G
1123 278 37 37 8

178 384 25 19 »
229 358 286 37 bevooroordeeld
558 359 156 48 geleezen
759 359 203 43 hebbende,
1007 367 59 25 aan
1111 355 43 37 de

176 433 25 18 9»
226 408 325 45 noodzaakelijkheid
578 420 63 24 van
665 409 76 38 dien
764 408 107 47 Doop
892 407 155 47 twijfelen
1067 406 88 35 kon-

187 483 11 18 >
225 457 75 35 de.”
335 457 98 35 Toen
453 458 60 34 dan
531 458 100 44 mijne
650 459 134 35 brieven
808 459 220 39 verfchenen,
1054 457 98 33 wiers

169 507 102 34 denze
299 506 85 35 door
419 507 63 34 den
514 506 92 36 Heer
638 509 43 34 A.
715 507 158 45 gelezen,
909 507 68 46 dog
1012 505 43 46 hij
1072 515 78 24 was

169 557 58 34 het
255 565 68 25 met
349 555 56 46 mij
431 558 66 32 niet
524 567 86 25 eens.
661 572 25 28 5,
712 556 216 44 Intusfchen,
955 555 126 46 fchrijft
1102 553 48 46 hij

167 630 24 18 »
216 606 44 34 bl.
288 617 34 32 4»
349 615 67 25 was
447 606 57 34 het
530 607 54 44 mij
615 617 66 24 zoo
710 607 179 46 duidelijk,
926 606 46 34 als
1001 605 41 34 de
1072 603 77 35 Zon

167 679 24 19 »
217 665 46 34 op
294 655 63 34 den
386 654 133 48 middag
547 655 140 46 fchijnt,
713 656 53 34 dar
785 658 84 33 niets
890 653 259 52 gemakkelijker

168 729 26 17 s
220 715 89 31 Was,
331 703 77 35 dan
443 715 58 24 uw
534 705 148 44 Syftema
716 715 32 24 te
782 702 248 51 weerleggen.”
1090 702 56 36 En

165 754 43 34 bl.
237 764 34 35 5.
322 778 23 16 »„
372 753 38 35 Ik
436 754 61 35 kan
517 751 23 37 u
560 755 126 34 vooraf
700 760 146 41 zeggen,
871 755 55 34 dat
947 753 55 46 wij
1021 753 35 34 in
1077 762 73 25 ver

167 828 24 17 »
220 803 175 34 fcheidene
426 803 173 47 ftellingen
635 804 283 35 overeenkomen.
982 803 69 35 Dat
1088 800 59 45 Gij

166 863 123 39 »-nog
311 846 89 60 maar
408 853 124 35 éénen
543 853 80 44 flap
653 852 64 35 had
739 863 132 25 moeten
893 854 107 40 doen,
1026 862 60 24 om
1106 850 42 35 de

168 925 24 18 »
221 901 164 34 waarheid
405 903 140 33 ‘bereikt
578 912 32 24 te
634 901 154 35 hebben:
825 904 70 45 dog
919 903 75 34 daar
1020 901 57 43 zijt
1101 900 47 46 gij
1183 923 4 5 -

165 975 25 16 »
216 952 97 42 mijns
343 950 193 35 bedunkens
558 951 124 45 blijven
704 951 104 42 ftaan,
834 962 42 24 en
898 963 65 24 zoo
985 950 69 37 ook
1074 959 75 25 ver=

162 1022 25 18 »
214 994 57 54 der
281 998 267 46 afgedwaald.”
1121 1001 15 11 ĳ

214 1057 128 34 DAAR
377 1058 46 23 nu
450 1047 101 45 mijne
572 1047 136 35 brieven
737 1047 165 47 kennelijk
935 1046 210 44 bedoelden,

164 1095 63 36 den
261 1096 219 46 Kinderdoop
517 1106 32 24 te
584 1096 204 48 verdedigen
817 1099 49 34 uit
895 1096 65 36 den
990 1098 79 33 aart
1087 1097 59 35 des

166 1145 327 43 Genadeverbonds,
529 1145 57 36 der
617 1145 209 43 Kerke,:en
859 1147 59 34 der
948 1146 198 36 Sacramen-

166 1205 76 30 ten,
277 1195 170 45 bijzonder
478 1206 66 24 van
580 1195 73 35 den.
675 1195 131 46 Doop,
840 1207 44 24 en
919 1196 34 35 ik
981 1205 57 26 ten
1058 1195 87 36 dien

162 1245 109 34 einde:
288 1255 75 24 zeer
389 1244 158 47 duidelijk
574 1255 42 25 en
636 1246 186 47 omftandig
843 1256 197 38 opgegeven
1061 1245 85 43 had,

149 1290 122 58 welke
285 1290 343 58 denkbeelden-men
650 1296 64 47 zig
744 1306 61 24 van
834 1295 50 35 die
911 1295 123 42 zaken,
1066 1304 80 26 naar

161 1343 24 34 *
207 1343 125 45 beloop
363 1355 102 24 onzer
493 1343 233 37 Formulieren
739 1355 78 30 „en
844 1345 64 34 den
937 1343 204 46 duidelijken

159 1394 52 33 zin
238 1392 58 35 der
315 1393 44 34 H.
382 1393 146 44 Schrift,
556 1393 103 44 mijns
672 1393 174 38 oordeels,
874 1393 117 34 maken
1012 1402 129 33 moest;

158 1442 91 35 Daar
279 1453 66 24 zou
373 1453 75 24 men
460 1437 149 55 immers
641 1453 62 24 van
733 1443 68 33 den
818 1441 64 35 Hr.
908 1444 43 33 A.
979 1452 48 25 na
1044 1443 98 35 zulke

155 1491 279 47 verzekeringen,
473 1491 47 34 als
555 1492 33 32 ik
624 1502 46 23 nu
702 1491 323 47 hebropgegeven,
1063 1502 75 24 ver-

153 1550 151 36 wagten,
331 1540 54 33 dat
413 1540 44 44 hij
487 1539 41 35 de
554 1539 285 48 begrippen,die
865 1541 34 35 ik
920 1541 223 35 daaromtrent

156 1588 152 44 voorfta,
345 1589 173 45 duidelijk
538 1600 41 23 en
619 1591 49 33 in
687 1589 174 36 derzelver
882 1590 162 35 ‘verbând
1071 1589 68 36 zou

156 1638 134 35 hebben
320 1638 233 46 voorgefteld;,
589 1649 45 24 en
657 1639 79 35 daar
764 1650 61 30 na,
864 1640 64 35 één
957 1650 86 25 voor
1072 1640 66 35 één

156 1699 67 25 zoo.
242 1687 104 36 klaar
373 1689 54 35 als
457 1690 38 32 de
522 1688 73 36 Zon
621 1686 193 50 weerlegd:
851 1690 69 35 Dat
948 1690 45 45 hij
1022 1699 116 25 voorts

160 1738 86 44 zijhe
274 1738 117 46 eigene
417 1738 232 35 denkbeelden
662 1746 70 26 van
753 1739 57 34 het
828 1738 310 43 Genadeverbond,

154 1786 39 34 de
215 1786 119 42 Kerk;
367 1796 40 25 en
437 1787 41 34 de
506 1788 255 40 Sacramenten,
795 1798 84 25 even
909 1788 158 47 duidelijk
1094 1799 45 26 en

154 1834 125 35 zonder
305 1836 313 47 dubbelzinnigheid
646 1846 220 39 opgegeven,
884 1848 80 25 met
988 1838 41 34 de
1048 1837 90 36 For-

155 1884 160 35 mulieren
337 1896 107 24 ‘onzer
468 1885 135 44 Kerke,
630 1889 69 32 nier
726 1886 87 35 maar
834 1889 35 33 ín
899 1898 61 24 een
981 1888 156 48 afgebro-

155 1933 66 34 ken
251 1934 94 42 (tuk,
374 1945 87 24 maar
484 1938 36 32 in
551 1932 167 39 derzelver
744 1937 118 46 geheel
892 1937 144 46 beloop,
1063 1948 74 24 ver-

154 1983 164 46 geleken,
354 1995 56 23 en-
414 1986 60 32 uit
501 1985 279 45 klaarfprekende.
799 1988 144 43 plaacfen
968 1994 43 28 en
1020 1976 115 59 ‘rede-

159 2034 157 47 neringen
343 2034 57 37 der
427 2033 44 36 H.
500 2029 183 57 Schrijvers
701 2044 75 33 zou
802 2038 157 34 bewezen
986 2038 148 42 hebbe.

157 2083 100 39 e
604 2086 33 34 A
666 2096 20 23 2
1031 2085 106 47 Mogt
