1585 2692
39 411 9 54 —
38 272 8 128 —
37 196 9 75 —
29 118 15 69 —

394 269 24 33 8
608 271 527 30 SEFILADELDVME
1046 261 79 47 VsS

401 354 188 47 ſchrijven,
617 365 44 24 en
691 365 59 25 een
774 355 117 47 begrip
923 354 167 35 voorſtaan
1115 353 71 41 zal,
1224 361 85 24 waar
1334 352 35 32 in

401 406 64 34 alle
492 404 53 35 die
570 405 331 46 gemoedsbezwaren
932 403 131 35 worden
1084 401 198 49 gevonden,
1307 409 63 25 van

400 455 133 35 welken
567 455 35 33 i
636 454 68 34 niet
729 452 221 49 geſchroomd
981 452 64 35 heb
1077 463 31 23 te
1136 461 146 37 teggen,
1318 448 55 34 dat

399 504 45 44 Zij
481 503 64 35 den
577 503 161 48 geheelen
767 502 213 44 Rinderdoop
1014 502 174 43 overhoop
1217 508 155 35 werpen?

401 563 42 24 eñ
474 561 50 26 tot
551 562 81 24 eene
662 551 261 47 ongerijmdheid
943 550 137 42 maken,
1105 549 125 35 zonder
1249 549 54 33 dat
1324 545 45 45 hij

400 601 44 35 de
470 600 170 47 oplosſing
664 611 60 24 van
754 600 53 35 die
835 599 228 48 awarigheden
1090 599 80 35 zelfs
1192 609 85 24 maar
1295 605 78 25 eens

399 650 191 46 aanſtippe?
615 650 55 35 En
700 659 91 38 egter
814 651 84 44 zijne
925 648 184 47 Lerklaring
1136 648 58 34 der
1213 644 162 39 Geloofs-

401 700 196 45 belijdenis,
638 709 43 25 en
716 710 64 23 dan
818 699 76 34 hẽt
913 697 283 38 Formulier
1124 690 85 59 des
1234 694 141 36 Kinder-

401 750 130 45 doops,
558 749 118 45 ſchijnt
703 759 60 24 een
793 748 71 45 paal
891 748 109 35 boven
1025 748 119 34 water!

452 810 55 24 DE
536 797 61 37 Nr.
624 798 43 35 A.
695 797 150 36 oordeelt
871 796 87 42 wel,
985 796 54 34 dat
1068 796 40 35 de
1134 805 82 26 even
1236 791 141 38 vermel-

404 848 41 35 de
472 847 232 48 zwarigheden
729 846 155 48 eigenlijs
909 856 88 24 maar
1017 846 103 46 mijne
1139 839 46 60 zτι
1191 843 185 48 righeden

403 897 83 46 zijn,
513 908 43 24 en
583 897 54 33 dat
663 895 106 35 alleen
797 896 52 33 die
877 894 231 47 zwarigheden
1134 894 56 44 mij
1211 894 79 43 mijn
1314 891 64 42 Sy-

403 947 100 34 ſtema
529 947 33 33 in
595 945 63 34 den
684 944 108 45 Bijbel
820 945 132 34 hebben
982 944 86 34 doen
1097 943 139 39 vinden,
1269 939 108 47 vijnde

402 995 97 35 alxoo
527 995 41 33 de
596 994 229 45 ongelubige
855 993 162 39 oorzaak,
1052 989 53 36 dât
1135 992 32 32 ib
1195 1002 64 33 zoo
1286 998 93 24 verre

400 1055 67 25 van
495 1044 41 33 de
563 1042 164 36 waarheid
755 1043 65 33 ben
842 1040 219 48 afgedwaald:
1089 1040 95 35 Maar
1204 1036 176 37 degniette-

403 1093 211 47 genſtaande
636 1092 62 33 laat
731 1090 45 45 hij
810 1091 52 33 die
893 1089 221 47 gemoedsbez
1117 1085 107 59 waren
1252 1077 121 56 ragtjes

402 1144 154 34 berusten
593 1140 43 36 of
666 1140 82 45 ſtapt
784 1149 36 24 er
854 1148 68 26 met
955 1148 119 37 groote
1112 1137 154 35 ſchreden
1298 1145 80 26 over

400 1191 101 36 heen.
553 1192 81 34 Wat
658 1198 93 26 moet
778 1199 75 24 men
880 1188 68 35 hier
967 1198 80 30 van,
1076 1188 44 44 biij
1142 1197 65 24 zoo
1227 1185 71 35 veel
1321 1185 59 34 be-

402 1240 223 37 kwaamheids
654 1250 41 22 en
724 1249 64 23 zoo
819 1238 134 46 hoogen
983 1247 101 30 toon,
1111 1236 45 34 als
1182 1236 78 33 deze
1287 1234 91 35 Brie-

403 1300 68 26 ven
496 1300 146 31 voeren,
679 1287 153 35 denken?
869 1287 31 34 Js
929 1286 48 35 dit
1007 1285 173 36 misſchien
1211 1295 85 24 maar
1323 1283 58 34 het

403 1339 126 47 gevolg
560 1347 62 27 van
658 1336 41 34 de
736 1346 205 35 ongemeene
980 1335 175 40 kortheid,
1197 1335 84 33 door
1317 1332 62 34 den

403 1388 65 36 Tr.
503 1389 43 34 A.
582 1384 166 38 bedoeld?
783 1384 99 35 Dan-
898 1384 140 47 beklaag
1063 1384 35 35 ib
1127 1383 55 45 mij
1212 1382 74 35 daar
1315 1379 65 37 wel

404 1447 81 27 zeer
517 1437 120 46 ernſtig
666 1445 102 30 over;
803 1433 47 35 als
882 1433 53 35 die
963 1433 174 34 derhalven
1164 1432 112 41 dient,
1313 1431 69 34 niet

405 1497 60 25 om
499 1485 87 35 door
620 1485 79 34 deze
731 1483 141 34 Brieven
909 1493 58 23 aan
1003 1482 40 34 de
1073 1481 209 35 Gemeenten
1318 1490 63 24 een

405 1534 179 45 werenlijb
619 1530 168 48 onderrigt
821 1542 32 24 te
879 1542 130 35 geven,
1043 1541 87 23 maar
1160 1530 126 37 alleen,
1322 1539 58 24 om

406 1595 49 25 nu
476 1594 37 26 te
534 1584 133 34 Kunnen
690 1591 147 36 zeggen;
864 1581 54 35 dat
936 1591 36 23 er
990 1579 150 36 evenwel
1169 1590 45 34 op
1234 1578 41 34 de
1297 1579 88 33 brie-

407 1645 67 25 ven
506 1643 63 26 van
598 1630 237 45 Philadelphus
862 1628 216 49 geantwoord
1109 1630 49 40 is;
1193 1638 41 23 en
1265 1636 116 25 voorts

405 1684 44 35 de
475 1682 109 48 goede
609 1680 208 46 eenvoudige
847 1679 199 41 menſchen,
1073 1677 52 34 die
1151 1679 116 43 eenige
1286 1676 95 46 kragt

406 1734 36 33 in
475 1731 100 46 mijne
603 1731 133 35 brieven
765 1728 143 46 gevoeld
935 1727 146 42 hadden,
1116 1738 44 33 op
1191 1726 57 35 het
1276 1734 106 38 gezag

406 1792 63 25 van
511 1790 103 25 cenen
654 1789 65 24 z00
760 1776 276 47 doorkundigen,
1081 1776 224 45 verſtandigen
1337 1783 44 25 en

406 1827 338 40 waarheidlievenden
776 1826 281 47 Godgeleerden,
1093 1825 49 35 als
1170 1824 41 35 de
1240 1822 63 37 Hr.
1335 1822 45 36 A.

405 1881 48 40 is,
478 1878 195 47 vrijmoedig
701 1886 31 25 te
758 1877 216 40 verzekeren,
1002 1876 54 34 dat
1082 1875 40 34 de
1150 1875 142 34 brieven
1316 1882 64 25 van

402 1928 237 45 Philadelphus
664 1927 86 34 niets
775 1925 61 35 dan
863 1925 190 46 dwalingen
1080 1925 173 38 bevatten,
1279 1932 41 23 en
1344 1921 34 33 in

404 1978 44 34 de
480 1979 70 35 vier
580 1989 39 22 en
644 1976 129 45 tuiintig
799 1975 140 35 Bricven
964 1985 62 22 van
1053 1973 61 34 den
1145 1972 59 35 Fr.
1231 1972 43 34 A.
1302 1979 76 25 zeer

401 2027 127 48 bondig
562 2024 191 49 wederlegd
781 2023 88 47 zijn;
904 2034 42 24 en
973 2022 168 36 ofſchoon
1168 2022 52 34 die
1246 2028 127 40 genen.

1325 2067 53 35 die
