1498 2692
330 254 954 292 VOORREDEN.

1064 248 1154 285 XVII

228 356 343 382 OVER
369 346 425 380 het
463 345 690 398 verbondeling
726 344 799 388 zijn
827 356 864 378 en
893 342 1041 388 blijven,
1075 341 1113 375 al
1135 342 1163 375 is

181 424 254 447 men
279 417 449 454 ontrouw,
482 408 541 443 heb
566 408 599 442 ik
625 409 659 441 in
691 406 793 440 dezen
822 406 944 451 Brief,
977 406 1029 440 die
1057 406 1092 439 U
1114 416 1158 439 nu

178 475 288 510 wordt
315 482 368 508 ter
391 469 482 507 hand
501 469 643 517 geeld,
674 468 873 515 gehandeld,
907 469 967 503 dus
983 467 1098 514 preek
1123 470 1159 503 ik

177 537 263 571 daar
288 547 357 571 van
382 536 454 570 hier
479 536 562 569 niet.
596 533 705 569 Maar
724 532 781 567 hoe
798 539 849 578 tog
869 532 956 566 komt
975 531 1036 566 den
1054 531 1162 566 Heere

177 603 226 636 A.
253 602 287 635 in
315 602 342 634 't
370 597 487 643 hoofd,
520 608 570 630 om
596 607 665 630 van
699 608 772 631 eene
805 594 995 640 algemeene
1026 596 1160 630 aanbie

177 664 258 711 ding
283 663 339 697 des
365 660 531 697 verbonds
560 668 593 694 te
609 659 779 710 preken?
804 659 966 694 Waarom
991 666 1044 705 tog
1061 660 1089 692 is
1108 656 1162 704 hij

175 738 236 763 zoo
264 726 424 773 bezorgd,
452 737 501 759 om
529 724 579 759 dit
606 724 717 757 buiten
743 723 803 758 den
824 723 917 767 aat
945 721 1000 755 des
1023 720 1162 767 gechils

174 801 208 827 te
227 790 380 827 houden?
424 788 537 835 Mijns
564 793 687 821 wetens
717 785 776 821 heb
798 785 835 821 ik
863 785 948 821 daar
975 798 1044 821 van
1068 795 1164 832 geene

175 854 214 888 de
240 852 353 898 mine
382 851 520 896 melding
536 851 713 895 gemaakt,
740 851 820 885 noch
849 851 956 895 nige
974 848 1164 894 aanleiding

176 916 261 950 daar
287 922 337 949 toe
352 925 504 960 gegeven.
542 912 769 958 Integendeel;
797 915 831 948 ik
850 914 910 948 heb
929 913 979 946 dit
995 910 1091 956 uk,
1109 909 1162 943 als

175 978 210 1009 in
236 977 320 1018 mijn
345 986 399 1020 oog
427 977 511 1008 niets
539 976 656 1009 anders
684 975 799 1017 zijnde
824 975 888 1009 dan
916 987 971 1010 een
998 972 1162 1018 Syema

174 1036 260 1070 tisch
300 1036 428 1082 begrip,
463 1035 663 1081 zorgvuldig
699 1036 856 1081 vermijd.
912 1037 953 1071 Ik
987 1036 1065 1079 heb,
1102 1047 1163 1069 zoo

169 1100 234 1145 mij
259 1099 331 1133 hier
356 1112 394 1133 en
417 1098 502 1132 daar
528 1099 632 1145 dagt,
654 1100 722 1133 wel
746 1100 914 1146 gemerkt,
940 1099 999 1133 dat
1024 1098 1062 1132 de
1090 1098 1161 1132 Hr.

172 1166 220 1198 A.
249 1162 433 1206 oordeelde,
459 1163 518 1197 dat
551 1162 584 1196 ik
618 1161 705 1197 daar
730 1170 780 1197 toe
806 1162 1000 1207 overhelde,
1028 1174 1076 1197 om
1102 1161 1162 1195 dat

168 1226 204 1260 ik
223 1223 379 1272 omtijds
403 1237 473 1260 van
501 1225 588 1261 Gods
617 1223 758 1268 belofte,
793 1236 831 1259 en
858 1225 1161 1269 voorwaardelijke

173 1288 290 1329 belofte
312 1286 440 1334 prak,
467 1288 571 1323 welke
596 1287 650 1334 hij
666 1288 730 1333 mij
754 1289 811 1323 ook
839 1290 890 1324 als
916 1296 964 1323 tot
990 1288 1054 1323 alle
1072 1298 1162 1321 men

163 1352 265 1399 chen
293 1351 506 1395 behoorende,
548 1352 615 1386 wel
640 1352 742 1387 wilde
771 1352 926 1396 toeaan.
976 1350 1054 1396 Dog
1081 1349 1163 1383 deze

172 1416 298 1464 geheele
326 1415 515 1459 denkwijze
548 1416 651 1449 raakt
684 1415 749 1459 mij
769 1414 971 1460 ganchelijk
997 1414 1077 1447 niet.
1122 1412 1165 1447 Ik

183 1924 376 1963 verklaren.

177 1481 310 1514 behoore
334 1480 507 1525 geenszins
533 1482 582 1509 tot
610 1476 662 1508 die
691 1476 899 1521 Broederen,
933 1476 985 1511 die
1011 1488 1163 1521 meenen,

177 1545 235 1589 zig
263 1542 335 1576 hier
360 1540 449 1575 mede
472 1539 523 1572 uit
549 1538 587 1571 de
612 1539 848 1585 zwarigheden
875 1547 907 1575 te
936 1540 1063 1575 kunnen
1088 1538 1165 1573 red

177 1606 251 1641 den.
301 1603 379 1649 Dog
405 1602 463 1636 hoe
490 1614 568 1637 zeer
595 1603 629 1637 ik
657 1602 717 1636 den
748 1604 819 1638 Hr.
843 1606 890 1639 A.
913 1617 990 1651 geen
1019 1604 1166 1649 gelegen

178 1670 256 1705 heid
286 1677 429 1715 gegeven
463 1665 523 1700 heb
557 1678 606 1700 om
642 1667 692 1711 dit
717 1669 753 1702 in
789 1669 816 1702 't
844 1666 983 1715 gechil,
1021 1667 1081 1700 dat
1115 1665 1168 1711 hij

177 1733 242 1779 mij
267 1732 405 1774 maakt,
430 1729 555 1770 vooraf
575 1727 798 1776 aftenijden;
827 1732 891 1767 wil
914 1731 947 1765 ik
974 1738 1060 1777 egter
1084 1730 1165 1775 mij

177 1811 216 1834 ne
240 1797 419 1845 gedagten,
453 1803 550 1827 maar
577 1794 702 1828 zonder
729 1796 896 1841 oogmerk,
929 1806 979 1829 om
1006 1794 1069 1838 mij
1093 1793 1166 1827 des

179 1872 291 1906 wegen
323 1862 359 1893 in
401 1869 458 1891 een
487 1854 604 1902 geding
638 1858 819 1903 intelaten,
863 1859 949 1893 daar
982 1867 1060 1891 over
1101 1854 1170 1891 wel

231 1994 433 2020 ZOOVEEL
459 1984 523 2029 mij
540 1983 662 2018 bekend
676 1984 725 2027 is,
752 1984 863 2019 komen
879 1987 913 2020 in
932 1985 1018 2020 Gods
1036 1983 1171 2028 woord,

184 2050 266 2088 deze
293 2048 569 2096 uitdrukkingen,
605 2047 800 2096 aanbieding
835 2060 896 2086 van
926 2050 1102 2090 Christus,
1140 2051 1180 2095 of

689 2110 708 2133 *
646 2112 664 2133 *

1097 2114 1176 2158 (dat
