1581 2713
390 249 44 42 jo
605 259 526 38 PHILADELPHUS

392 336 155 48 lekeurig
582 350 62 24 een
679 344 110 35 nieuw
817 344 190 40 Leerftelfel
1034 352 46 34 uit
1109 352 63 35 den
1199 354 104 45 Bijbel
1330 366 33 25 te

398 388 170 45 Wringen;
595 389 75 35 daar
694 403 140 38 nogtans
859 396 79 36 deze
957 398 143 37 Brieven
1121 402 76 47 lang
1218 412 85 32 voor
1321 405 42 35 de

395 436 123 45 mijnen
548 438 31 32 in
608 438 40 34 de
677 443 123 35 wereld
825 455 126 32 waren,
977 458 40 25 en
1040 449 53 35 het
1112 448 226 55 daarenboven
1349 480 7 17 ,

398 481 54 38 uit
479 487 168 43 openbare
671 492 107 35 Aten
813 495 101 34 zeker
938 497 46 40 is,
1018 499 54 34 dat
1100 500 41 34 de
1169 500 61 37 Hr.
1246 513 115 26 zion

396 544 144 34 QUINT
578 538 93 35 reeds
705 541 34 33 in
772 542 40 34 de
839 545 122 34 maand
981 545 79 47 Julij
1090 552 102 44 1780.
1218 561 78 25 toen
1326 554 36 34 ik

395 593 73 36 nog
499 595 104 36 geene
630 587 41 34 de
700 591 112 34 minfte
839 594 163 46 gedagten
1027 597 82 41 hâd,
1146 601 102 44 mijne
1277 603 86 33 brie-

395 641 64 25 ven
490 643 34 24 te
554 635 184 47 fchrijven,
773 642 33 33 in
835 642 57 35 het
921 648 171 45 aangezigt
1123 660 59 24 van
1213 650 41 34 de
1281 661 81 35 gan-

390 681 79 34 fche
495 681 334 43 Noordhollandfche
850 692 136 44 Synode
1014 695 92 36 heeft
1132 698 124 35 durven
1283 711 80 35 zeg-

392 740 65 36 gens.
467 732 114 37 Dat
596 734 65 46 hij
682 738 232 44 rijkhalzende
938 744 173 47 verlangt,
1138 760 51 23 om
1207 758 32 26 te
1259 750 99 42 zien,

389 780 42 34 de
467 781 98 45 wijze
603 792 40 37 op
676 787 101 35 welke
812 789 53 36 die
895 791 211 38 Eerwaarde
1135 796 113 44 Heer,
1285 810 74 23 aan

387 829 85 35 wien
496 831 52 34 die
568 831 142 38 Brieven
734 837 75 45 zijn
826 840 259 46 geaddresfeerd
1102 848 191 44 geworden,
1318 848 40 34 de

387 878 235 47 zwarigheden
648 894 67 24 van
742 887 64 32 den
833 887 50 44 bij
908 890 63 33 den
999 892 189 46 Áppellant
1218 896 138 45 (zion

386 929 177 44 QUINT)
597 931 153 46 volfirekt
784 936 201 37 onbekenden
1015 942 152 46 uitgever
1200 944 58 42 Cv.
1290 943 63 48 c.)

387 976 63 35 zal
472 976 156 48 oplosfen.
676 981 61 36 Zie
770 981 128 46 PFaarb.
938 989 103 41 1780.
1077 992 43 33 bl.
1149 993 82 40 966.
1282 993 73 36 On-

383 1024 210 37 dertusfchen
634 1040 87 24 weet
749 1032 32 34 ik
812 1034 93 40 niet,
943 1036 53 35 dat
1023 1048 62 25 een
1115 1040 97 47 éénig
1241 1040 115 36 Predi.

383 1072 81 36 Kant
502 1074 52 35 die
591 1077 168 49 oplosfing
794 1082 229 39 onderiomen
1055 1089 109 35 heeft.
1208 1089 57 35 De
1290 1090 63 36 Hr.

383 1125 45 33 A.
453 1122 93 36 heeft
574 1125 55 35 het
656 1129 69 34 ook
749 1131 67 34 niet
840 1132 146 44 gedaan,
1013 1135 126 36 fchoon
1169 1139 84 44 zijne
1281 1151 75 23 vere

381 1171 179 49 handeling
589 1186 90 25 voor
714 1177 62 36 den
802 1178 219 50 Kinderdoop
1050 1187 104 34 onder
1182 1189 82 43 zijne
1293 1188 62 36 Pa.

379 1222 117 43 pieren
531 1234 82 24 zoo
634 1227 90 45 goed
759 1228 56 36 als.
838 1232 123 45 gereed
993 1233 77 48 lag;
1109 1247 43 23 en
1190 1237 52 34 die
1278 1239 74 45 (hij

380 1280 103 36 moge
522 1283 61 24 van
619 1274 42 34 de
694 1279 255 45 zwarigheden,
984 1282 56 35 die
1064 1294 97 38 tegen
1190 1287 56 34 her
1272 1286 83 36 leer-

379 1318 107 35 ftelfel
520 1331 60 23 van
618 1322 70 37 Mr.
722 1326 214 50 Addington,
973 1331 44 34 of
1047 1332 58 36 der
1131 1334 223 45 Labadisten,

381 1368 212 44 opkomen,
613 1382 86 25 zoo.
718 1364 119 65 gering
876 1379 133 35 denken
1042 1381 44 35 als
1125 1383 24 34 *
1184 1385 75 34 hem
1297 1387 58 33 be-

380 1416 129 48 haagt)
539 1419 109 42 allen,
683 1412 131 62 welken
825 1427 124 35 in-dit
973 1428 171 39 teerftelfel
1172 1434 104 43 ftaan,
1311 1445 44 25 en

378 1465 80 36 zelfs
485 1467 69 35 ook
583 1470 76 45 mij,
685 1474 197 45 grootelijks
915 1478 183 48 verpligten
1127 1482 70 42 zal,
1222 1494 65 24 zoo
1307 1484 46 45 hij

377 1525 41 25 ze
450 1515 132 44 gelieve
611 1511 239 61 optelosfen;'
866 1511 133 61 hoewel
1038 1530 34 34 ik
1111 1541 49 24 tot
1197 1542 69 36 hog
1297 1543 56 24 toe

380 1563 79 46 blijf
480 1565 127 35 denken
637 1578 41 24 en
704 1580 148 37 zeggen,
888 1574 54 34 dat
969 1577 89 36 noch
1087 1579 67 46 hij,
1188 1581 90 35 noch
1305 1583 49 32 ie-

379 1613 101 35 mand
506 1614 65 43 dit,
597 1617 197 38 behoudens
802 1621 72 35 dat
898 1624 118 36 Stelfel
1041 1627 86 36 doen
1153 1630 82 42 kan;
1262 1630 87 35 zelfs

379 1664 89 40 niet,
502 1663 31 34 al
569 1667 130 46 voegde
737 1680 77 24 men
852 1669 89 38 daar
963 1674 102 36 dezen
1095 1677 141 46 fraaijen,
1256 1679 92 47 regel

376 1721 70 37 nog
481 1712 29 34 al
537 1714 63 45 bij:
635 1718 59 33 dat
722 1729 75 24 men
828 1733 75 23 over
931 1734 209 27 NIEMAND
1171 1736 82 28 moet
1280 1740 69 24 ore

373 1761 130 40 deelen,
529 1764 82 34 noch
631 1765 155 46 bepalen,
812 1771 62 33 wie
902 1782 126 27 WARE
1058 1785 287 29 CHRISTENEN

372 1810 95 43 zijn,
503 1823 104 24 maar
633 1815 54 33 dit
713 1826 445 33 VERONDERSTELLEN
1187 1837 70 25 van
1291 1828 53 35 al.

368 1858 74 43 len,
464 1860 54 36 die
546 1871 107 26 Nier
682 1874 240 39 ERGERLIJK
951 1867 103 54 leven,

415 1967 85 25 HET
524 1960 93 45 geval
644 1972 61 25 van
735 1964 63 34 den
828 1976 66 25 zoo
922 1973 294 44 evengenoemden
1247 1972 93 40 Heer

363 2016 106 26 ZION
506 2019 146 34 QUINT
684 2022 33 24 te
744 2014 226 47 Amfterdam,
1006 2030 44 25 nu
1079 2032 89 26 maar
1197 2032 66 27 tien
1288 2025 48 45 ja-

1272 2085 63 26 ren
