1577 2720
339 269 666 60 VERANTWOORDING.
1110 270 49 40 55

242 389 112 25 cops
391 374 158 47 genadige
576 366 213 46 handelwijs,
824 371 68 26 met
919 358 95 39 zulke
1047 357 113 45 eigeri-

193 428 81 46 lijke
305 424 261 46 bewoordingen
598 419 198 36 befchreven
822 411 125 45 zijnde,
974 407 46 35 als
1046 406 34 34 ik
1100 404 61 35 be-

192 478 129 33 denken
352 475 86 41 kan,
474 475 119 43 brengt
627 467 115 41 mede,
766 462 45 37 of
841 460 120 36 beftaat
995 457 71 33 hier
1104 455 56 39 in,

192 527 54 34 dat
276 524 56 45 Hij
361 535 61 23 aan
448 522 116 35 zekere
593 517 140 45 zondige
763 511 175 36 menfchen
961 504 128 47 genade
1118 511 42 24 en

192 573 162 46 zaligheid
392 575 32 32 in
460 580 124 35 jrsus
618 560 217 44 CHRISTUS
868 555 153 41 belooft,
1055 552 105 38 onder

191 623 123 48 beding
340 633 60 24 van
435 618 123 49 geloof
575 628 41 23 en
646 613 203 43 bekeering
819 609 34 66 ;
875 608 56 41 of,
958 605 76 33 mits
1058 602 40 45 zij
1127 602 34 33 in

192 673 102 40 God,
322 682 41 24 en
389 670 95 46 J.C
505 667 188 47 gelooven,
721 673 40 24 en
787 662 53 44 zig
864 658 174 35 bekeeren.
1089 645 72 57 De-

191 733 61 24 zen
289 721 105 46 zijnen
422 717 186 48 genadigen
623 705 77 66 wil
735 709 101 37 doede
873 706 45 46 hij
947 702 109 37 onder
1082 700 80 34 deze

191 782 41 24 en
260 781 85 36 gene
372 768 155 39 Volken,
555 777 40 23 en
622 773 69 25 met
715 772 65 24 zoO
808 756 75 37 veel
918 750 247 44 medewerking

191 831 63 26 van
282 820 105 45 zijnen
418 817 105 35 Geest
550 814 180 46 prediken,
756 809 55 35 dar
838 807 52 34 die
920 802 157 37 Volken,
1104 800 61 32 ime

194 880 87 25 mers
319 868 207 45 fommigen,
563 865 79 33 deze
676 859 174 45 prediking
879 853 131 49 gehoor
1038 857 130 39 geven,

193 918 134 35 dezelve
356 925 202 31 aannemen,
593 923 42 23 en
673 909 227 45 betuigen-#e
932 901 108 35 willen
1069 898 99 40 doen,

192 968 41 35 al
254 975 69 26 wat
352 967 39 35 de
421 964 92 34 Heer
537 960 177 50 gefproken
739 954 96 47 heeft.

242 1025 83 28 zoo
352 1014 45 45 gij
437 1023 45 23 nu
520 1012 80 32 deze
632 1005 190 42 handelwijs
859 999 98 36 Gods
991 994 176 46 aandagtig

192 1064 163 41 nadenkt,
384 1069 88 33 wat,
497 1059 58 35 bid
575 1059 34 33 ik
638 1067 44 30 u,
709 1055 26 33 is
763 1053 39 43 zij
831 1052 32 32 in
890 1048 62 34 den
978 1043 111 49 grond
1112 1052 58 23 an-

193 1113 94 41 ders,
315 1112 62 33 dan
403 1119 79 25 eene
509 1101 291 45 voorwaardelijke
828 1096 135 47 belofte,
991 1094 85 34 door
1103 1091 62 34 den

195 1162 136 47 hoogen
370 1159 104 41 God,
516 1159 47 33 uit
593 1155 81 45 vrije
703 1150 144 48 genade,
881 1157 59 27 aan
973 1144 52 34 die
1056 1140 115 36 zondie

195 1222 43 35 ge
265 1209 177 36 menfchen
476 1206 147 49 gedaan,
658 1201 134 37 welken
826 1198 81 34 deze
941 1191 126 51 genade
1095 1198 75 27 ont-

196 1260 147 47 fangen
314 1253 21 59 ?

243 1320 126 26 MAAR
403 1300 355 50 desniettegenftaande
795 1294 90 37 heeft
918 1292 81 35 deze
1034 1285 137 44 handel-

196 1359 95 46 wijze
320 1357 95 35 Gods
440 1365 93 35 egter
563 1353 69 34 ook
660 1351 40 34 de
726 1349 188 47 gedaante,
941 1341 40 33 de
998 1335 173 51 gelijkenis

197 1419 63 24 van
288 1418 61 24 een
379 1402 203 50 menfchelijk
612 1397 179 41 Verbond;
830 1393 38 44 zij
904 1388 112 36 wordt
1040 1387 34 32 in
1104 1385 65 33 den

199 1457 108 45 Bijbel
338 1455 105 36 onder
473 1454 52 33 die
566 1449 159 47 gedaante
753 1437 229 50 voorgefteld,
1018 1443 72 33 met
1117 1433 55 34 die

196 1507 181 44 benaming
396 1500 186 49 genoemd,
611 1509 42 23 en
672 1504 67 25 met
760 1491 118 34 andere
898 1484 183 42 woorden,
1108 1492 63 25 van

197 1565 62 28 een
289 1551 210 45 menfchelijk
530 1545 149 37 verbond
712 1538 181 40 ontleend,
928 1534 241 39 omfchreven
1142 1530 19 56 5

197 1615 85 26 even
308 1602 102 48 gelijk
431 1597 148 37 dezelfde
608 1591 213 43 handelwijs,
847 1598 47 33 op
918 1584 122 35 andere
1067 1581 103 45 plaat-

198 1654 79 35 fen,
315 1646 210 52 voorgefteld
561 1644 111 36 wordt
713 1640 103 36 onder
844 1637 40 33 de
916 1633 180 47 gedaante,
1130 1640 43 23 en

201 1702 194 48 gelijkenis,
430 1709 62 25 van
519 1706 62 24 een
618 1693 104 35 onder
749 1690 41 34 de
817 1684 185 38 Menfchen
1026 1680 148 48 gefloten

201 1763 42 25 en
271 1750 203 37 voltrokken
501 1742 184 47 Huwelijk.

194 1806 148 31 __pog
367 1809 66 25 zou
452 1807 47 24 nu
527 1795 72 34 hier
625 1793 50 34 uit
696 1797 132 28 moeten
855 1783 143 47 volgen,
1025 1780 53 34 dat
1097 1786 79 25 men

202 1850 101 41 alles,
330 1859 66 24 wat
426 1857 77 25 men
531 1845 49 33 uit
598 1842 62 34 den
686 1840 80 34 Aart
793 1847 41 23 en
862 1833 133 36 Natuur
1022 1839 67 25 van.
1114 1836 63 24 een

204 1897 214 44 menfchelijk
445 1891 155 40 Contraêt
624 1890 43 35 of
690 1884 160 39 Verbond
875 1881 141 35 afleiden
1045 1888 43 24 en
1117 1876 60 33 bc-

205 1949 200 37 redeneeren
432 1945 85 38 kan,
554 1941 69 34 ook
647 1949 62 24 van
739 1937 80 33 deze
856 1931 160 46 genadige
1045 1924 136 39 handel-

209 2000 96 44 wijze
327 1994 118 41 Gods,
463 2002 62 25 van
546 1990 48 34 dit
614 1982 249 52 zoogenoemde
884 1977 161 37 Verbond
1065 1974 118 40 Gods;

211 2059 66 25 zou
307 2046 134 34 nieten
468 2042 134 35 kunnen
632 2034 155 48 zeggen?
825 2030 55 35 En
913 2029 48 35 zal
998 2036 76 26 men
1105 2018 76 56 zulk

647 2085 35 37 D
713 2096 22 33 4
1135 2078 54 27 ec-
