1588 2694
400 281 59 25 ro
631 275 533 28 PHILADELDP
1037 271 100 44 HU
1136 271 16 44 S

415 363 54 41 ik,
495 359 107 36 indien
631 359 31 33 ik
690 358 117 35 anders
831 360 61 37 iets
913 356 190 46 wezenlijks
1121 357 166 47 verrigten
1309 355 77 44 wil,

409 411 72 35 wel
510 421 66 24 zoo
605 407 95 35 diene
727 418 32 25 te
780 402 181 55 fchrijven,
974 407 67 33 dat
1061 417 77 23 men
1157 407 123 45 mijnen
1302 406 92 35 brief

411 462 75 33 niet
511 459 47 34 als
584 468 62 23 een
674 457 97 46 lastig
797 455 226 36 Twistfchrift
1053 466 213 36 wegwerpe,
1301 466 88 23 maar

406 510 75 41 der.
498 508 110 46 lezing
635 508 182 44 eenigszins
847 506 144 45 waardig
1017 505 167 35 oordeele.

410 573 30 21 “1
463 568 129 26 MAAR
615 556 109 36 welke
751 556 99 34 reden
880 563 60 26 van
959 555 131 44 klagen
1112 554 35 34 ík
1175 554 69 34 ook
1272 563 118 26 meene

414 619 34 24 te
470 609 156 37 hebben,
652 605 127 48 gedane
798 606 120 45 dingen
938 604 132 34 hebben
1090 614 83 36 geen
1193 604 94 34 keer!
1317 603 72 34 Des

411 657 54 36 zal
501 658 35 33 ik
572 656 56 45 mij
668 666 77 23 paar
783 654 79 45 mijn
898 653 94 46 geval
1027 653 160 46 geduldig
1221 653 169 34 fchikken,

414 707 87 46 Dog
526 715 94 38 egter
648 715 89 25 maer
764 715 84 24 voor
878 703 79 33 deze
984 703 81 33 ééne
1093 704 83 40 reis,
1212 714 56 23 om
1297 702 95 34 rede-

415 767 66 25 nen
511 756 51 34 die
591 757 54 43 mij
667 764 42 34 te
737 754 102 34 dezen
865 752 78 45 tijde
970 752 185 46 bewegen,
1192 761 89 25 want
1308 761 86 25 voor

416 806 26 35 *
468 805 139 46 vervolg
634 804 142 34 verzoek
803 803 33 34 ik
865 801 65 35 wel
960 811 74 24 zeer
1064 800 141 47 ernftig,
1232 800 81 35 zelfs
1331 797 62 36 van

414 857 59 39 het
500 855 174 45 aandagtig
703 853 94 35 lezen
812 857 75 28 van
906 850 98 34 zülke
1025 850 141 44 Boekjes
1185 848 210 36 verfchoond

414 910 34 30 te
465 903 169 39 worden,
663 905 36 31 in
725 902 133 36 welken
884 910 76 24 men
990 901 54 44 zig
1069 909 89 25 meer
1171 895 140 55 toelegt
1338 906 58 26 om

417 956 79 34 kort
527 962 31 25 te
583 952 64 45 zijn,
659 951 115 43 dan:
792 961 57 23 om
869 948 302 47 famenhangende,
1198 946 135 36 heldere
1353 957 42 24 en

419 1002 161 47 bepaalde
610 999 237 36 denkbeelden.
871 998 278 45 voortedragen..
1193 996 94 30 …__/

468 1063 52 24 or
549 1051 54 34 dat
630 1051 65 46 gij,
721 1049 115 34 Eerw.
863 1046 92 36 Heer
982 1057 39 23 en
1029 1045 180 42 Broeder,
1236 1053 58 26 uw
1323 1055 74 24 vere

419 1102 118 45 langen
570 1111 77 22 naar
676 1109 59 24 een
766 1097 89 34 klaar
883 1107 42 22 en
953 1096 230 33 verftaanbaar:
1200 1089 194 52 antwoord,

418 1162 66 25 zoo
511 1149 74 35 veel
613 1148 54 45 mij
694 1145 162 48 mogelijk
876 1146 46 40 is,
949 1155 120 36 moogt
1095 1143 138 35 voldaan
1254 1143 139 41 vinden,

417 1212 41 23 en
495 1209 47 35 op
578 1198 54 34 dat
661 1197 88 35 ieder
769 1195 96 39 lezer
892 1204 109 24 weten
1029 1194 146 40 zoude,
1195 1201 65 25 wat
1283 1191 51 45 hij
1363 1193 33 32 in

419 1251 114 34 dezen.
554 1249 121 43 mijnen
685 1237 166 59 brief.te
867 1237 140 59 wagten
1037 1244 130 41 hebbe,
1203 1241 48 34 zal
1278 1241 33 33 ik
1339 1242 56 32 het

420 1300 78 45 plan
511 1297 111 36 dezer
649 1296 117 44 mijner
790 1293 300 46 Verantwoording
1117 1302 98 35 tegen
1219 1286 78 63 de.
1298 1286 100 63 brie-

421 1359 61 24 ven
501 1332 82 63 «van
608 1345 74 46 ‚den
717 1343 62 36 Hr.
815 1344 42 34 A.
894 1341 123 35 vooraf
1045 1351 164 36 opgeven.
1261 1339 50 44 Zij
1346 1336 49 37 zal

421 1408 82 37 gaan
533 1399 84 30 over
643 1394 80 34 deze
752 1393 73 34 drie
851 1390 203 44 Bezwaren,
1081 1391 85 34 door
1195 1389 76 34 hem
1293 1397 99 39 tegen

422 1447 56 45 mij
506 1445 184 46 ingebragt.
742 1439 191 45 Namelijk:
1287 1461 2 4 .

471 1553 157 29 RERST,
655 1540 55 34 dat
737 1540 32 34 ìk
795 1539 105 34 alleen
928 1548 75 25 naar
1029 1548 60 23 een
1117 1536 101 35 ander
1248 1535 152 45 Syftema

422 1595 67 35 heb
518 1591 197 47 omgezien,
742 1590 47 33 uit
815 1588 127 34 hoofde
966 1598 61 23 van
1048 1588 100 44 mijne
1167 1586 231 45 zwarigheden

423 1653 99 37 tegen
548 1642 56 33 het
631 1637 212 38 Leerftelfel,
869 1649 60 22 van
960 1637 24 33 ’t
1010 1636 87 34 welk
1123 1636 54 41 ik,
1203 1634 102 35 onder
1335 1635 64 34 den

423 1703 93 24 naam
546 1701 64 24 van
639 1689 57 34 het
723 1686 239 38 Labadistisch
991 1684 113 50 Stelfel
1127 1684 125 46 fpreke.

473 1793 84 32 TEN
594 1797 232 28 ANDEREN,
864 1787 55 34 dat
949 1785 33 34 ik
1011 1783 58 46 mij
1107 1784 33 33 in
1171 1782 41 35 de
1242 1781 158 48 befchrijs

423 1841 89 47 ving
530 1850 62 25 van
616 1836 104 38 Gods
750 1836 160 36 Verbond
938 1837 69 32 niet
1029 1832 101 49 gelijk
1156 1833 113 46 blijve.

1297 1889 102 13 8

439 1944 119 31 ‘TEN
593 1947 207 32 DERDEN,
845 1936 55 35 dat
928 1933 34 35 ik
991 1933 69 34 niet
1089 1932 137 48 bewijze
1259 1929 24 36 %*
1311 1938 92 39 geen

421 1990 35 35 ik
483 1988 162 46 bewijzen
670 1994 119 29 moest.
1299 1984 112 21 RE:

622 2045 26 14 aA:

563 2052 37 17 kr
1192 2047 47 12 nen

1315 2047 30 10 e-

1300 2087 97 28 TEN
