1537 2690
335 274 33 27 ii
517 272 23 47 Vv
588 279 22 25 9
660 279 23 25 O
732 280 386 29 RR
862 272 32 47 E
925 272 56 47 D
999 272 123 47 EN

342 364 57 26 toe
425 355 66 36 lust
516 357 148 44 hadden,
696 360 148 46 openlijk
876 363 194 47 uitdaagde,
1108 373 56 24 om
1193 373 35 25 er
1255 374 70 25 met

346 419 76 35 hem
460 430 81 25 over
573 423 32 32 in
628 422 24 34 %
679 424 169 45 flrijdperk
879 436 32 23 te
950 426 124 35 treden.
1124 424 84 35 Aen
1236 425 91 48 heeft

346 483 50 35 dit
424 483 205 37 naderhand
654 490 61 33 wel
741 498 68 26 wat
833 498 161 38 verzagt,
1020 500 41 23 en
1093 489 102 35 onder
1221 491 106 34 ande:

337 557 71 38 ren
434 547 37 35 in
500 548 41 34 de
571 547 183 51 Haagfche
788 553 157 35 Courant
980 562 68 25 van
1083 552 64 35 den
1175 563 43 23 ao
1242 553 85 49 Mey

350 612 106 46 1789.
485 610 68 36 No,
573 611 60 36 61,
660 624 41 23 en
727 614 37 34 in
783 615 40 34 de
843 614 172 36 Boekzaal
1029 625 66 25 van
1116 617 81 45 Mey
1220 618 103 45 1789.

346 674 49 36 bl.
417 684 82 37 572.
532 677 146 45 gezegd,
711 676 55 35 dat
800 675 237 47 Philadelphus
1060 698 45 7 —
1128 680 100 46 gelijk
1262 682 60 34 bee

345 738 90 34 kend
460 738 49 41 is;
544 747 61 24 een
636 738 91 35 ieder
754 739 148 46 openlijk
937 741 93 34 heeft
1059 743 263 49 uitgenoodigd,

341 813 59 25 om
430 811 97 37 tegen
554 801 63 45 zijn
649 801 147 44 Syftema
818 802 39 34 de
883 814 66 34 pen
976 800 215 50 optevâätten,
1219 819 41 24 en
1283 810 41 35 de

340 864 253 47 bedenkingen,
629 861 51 35 die
711 862 75 36 daar
822 875 100 39 tegen
960 878 137 37 mogten
1134 883 188 36 opgerezen

325 907 100 70 zijn,
473 928 227 45 intebrengen.
760 928 98 49 Dog,
902 929 307 50 niettegenftaande
1243 938 101 37 deze

339 992 227 47 verzagting,
601 991 88 47 blijft
724 1004 94 32 men,
855 1001 71 28 wat
959 994 40 34 de
1034 996 92 35 zaak
1143 996 179 58 belangt,

341 1052 151 49 dezelfde
522 1056 222 48 verzekering
767 1068 116 36 geven.

389 1128 59 25 Nu
483 1118 28 35 ós
535 1113 58 41 het
624 1120 69 34 wel
714 1130 118 33 waar,
865 1113 62 46 dat
955 1137 40 22 er
1023 1122 37 39 in
1087 1128 40 35 de
1153 1129 172 39 Boekzaal

339 1191 69 26 van
427 1181 108 46 April
563 1182 104 45 1787.
693 1183 44 33 bl.
764 1194 84 36 435.
876 1196 60 25 een
958 1187 152 38 Voorftel
1131 1202 58 24 aan
1213 1194 107 35 Neér-

50 1263 21 3 —
339 1237 93 42 lands
461 1243 209 36 Hervormde
698 1244 91 37 Kerk
809 1248 28 34 ós
857 1252 190 45 geplaatst,
1074 1254 58 35 het
1152 1255 80 35 welk
1252 1258 68 34 niet

338 1309 73 36 veel
439 1296 68 48 van
534 1307 79 36 zulk
641 1321 76 23 eene
741 1312 179 47 uitdaging
945 1312 188 50 verfchilde.
1185 1316 79 49 Dog
1287 1318 33 36 ik

338 1370 63 36 ben
419 1371 93 35 daar
534 1382 70 25 aan
626 1373 118 48 geheel
759 1374 200 50 onfchuldig.
994 1377 41 35 Ik
1055 1378 60 37 heb
1139 1378 51 35 dit
1208 1379 113 35 Voor.

338 1420 57 49 flel
424 1435 82 35 noch
542 1437 91 35 zelve
668 1438 160 47 gedaan,
865 1440 82 35 noch
982 1442 81 35 door
1096 1451 59 25 een
1186 1443 133 44 anders;

337 1496 83 36 noch
451 1497 102 37 kende
586 1499 34 34 ik
646 1501 62 34 den
733 1501 109 45 Man,
878 1504 54 35 die
966 1504 55 36 het
1049 1505 134 47 gedaan
1212 1505 109 48 heeft;

337 1561 82 35 noch
456 1562 75 35 wist
566 1562 35 35 ik
638 1564 60 35 iets
729 1565 95 35 daar
854 1579 94 34 van,
991 1580 78 25 voor
1102 1569 62 34 dat
1199 1569 32 35 ik
1270 1571 49 35 dit

337 1625 154 35 Voorftel
522 1626 35 35 in
588 1626 40 35 de
654 1627 174 47 Boekzaal
854 1632 63 35 las.
968 1630 77 48 Ja!
1079 1631 25 36 ’t
1132 1633 27 35 is
1189 1646 39 23 er
1260 1646 57 25 zoo

335 1700 63 26 ver
422 1701 66 24 van
513 1690 115 42 daan,
656 1693 60 35 dat
741 1693 33 35 ik
801 1695 94 35 daûr
921 1695 183 49 eenigszins
1129 1695 98 37 hand
1247 1709 72 26 aan

335 1753 130 49 gehad,
490 1751 40 50 of
552 1753 227 52 toeftemming
812 1767 50 26 toe
895 1747 146 58 gegeven
1077 1771 63 24 zou
1175 1761 143 44 hebben,

339 1820 65 34 dat
425 1819 55 35 het
503 1819 79 45 mij,
614 1819 36 35 in
678 1820 187 47 tegendeel,
902 1833 81 25 zeer
1018 1822 214 49 mishaagde,
1267 1823 51 37 als

338 1869 77 65 wel-
429 1867 236 68 begrijpènde,
704 1882 61 35 dat
792 1882 54 36 dit
869 1885 40 34 de
941 1885 210 48 nuttigheid,
1176 1888 52 34 die
1257 1888 58 42 ik,

338 1955 69 26 met
435 1946 83 45 mijn
536 1929 186 69 fchrijven,
753 1947 107 35 alleen
884 1947 168 44 bedoelde,
1079 1950 69 34 niet
1172 1962 64 24 zou
1262 1951 53 35 be-

335 2010 187 43 vorderen;
556 2010 102 48 gelijk
693 2010 33 36 ik
755 2011 56 36 ook
841 2011 68 34 miet
943 2011 127 35 zonder
1104 2023 91 26 vrees
1222 2024 91 31 was,

335 2074 63 36 dat
424 2085 76 25 men
526 2075 81 36 deze
631 2076 110 44 daad,
768 2077 53 36 als
849 2086 76 25 eene
949 2074 174 48 floutheid
1148 2089 39 24 en
1214 2077 103 36 twist

835 2121 2 3 |
1205 2147 108 40 zUt,
