1597 2711
39 514 3 40 nen
40 462 3 37 en
38 265 6 190 mee
22 266 28 29 ee
40 234 3 8 ee
38 127 8 92 ee
39 58 7 29 ee

419 271 44 36 18
640 277 540 28 PHILADELPHUS:

424 359 133 42 ten:af,
584 368 40 24 en
650 358 63 35 kan
740 357 60 37 dus
827 359 71 34 hier
926 358 32 34 in
980 369 83 36 geen
1093 358 211 44 aanmerking
1331 357 67 41 ko«

424 409 119 42 men.)
569 407 97 35 Maar
696 407 57 35 het
779 409 26 33 is
826 419 40 22 en
887 407 88 46 blijft
993 419 83 23 eene
1097 406 300 48 gefchiedkundige

427 457 184 42 waarheid,
636 456 54 37 dat
709 457 42 39 de
777 456 264 36 Nederlandfche
1069 457 199 44 christelijke
1285 455 116 42 Kerk
1376 451 28 55 ,

428 520 66 24 zoo
516 507 77 46 lang
609 507 43 41 zij
672 506 62 35 den
756 506 205 45 kinderdoop
982 519 83 23 voor
1086 508 115 43 wettig
1221 505 89 35 heeft
1326 515 75 23 aans

428 558 138 47 gezien,
612 555 178 36 denzelven
831 555 171 47 algemeen
1034 555 212 47 uitgeoefend
1285 552 117 43 heeft,

428 605 125 37 zonder
589 604 54 34 dat
683 616 98 30 men,
825 615 50 25 tor
905 615 58 24 aan
988 605 56 35 het
1072 605 96 34 einde
1198 604 56 34 der
1286 605 116 43 vorige

429 655 134 40 Eeuw,
589 664 119 38 gewag
726 653 93 35 vindt
839 665 60 24 van
920 656 117 45 eenige
1056 653 242 47 gemoedelijke
1314 662 87 24 zwa-

429 703 130 45 righeid
571 713 115 36 tegen
717 697 57 56 het
786 703 230 45 doopen.der
1043 703 157 35 kinderen
1229 714 60 23 van
1307 701 97 36 zeker

430 753 170 47 bijzonder
618 753 89 35 foort
727 763 63 24 van
811 762 51 26 tot
880 753 40 34 de
938 752 92 35 Kerk
1055 752 214 38 behoorende
1289 749 118 36 Chris-

432 813 110 26 tenen.
578 801 72 35 Van
681 803 61 33 den
761 802 68 46 jare
852 803 95 45 1670
970 803 39 33 af
1022 802 90 34 heeft
1131 813 99 29 men,
1258 801 151 34 daarom-

431 862 108 32 trent,
566 862 88 25 eerst
684 853 117 45 eenige
828 852 180 44 beweging
1026 852 162 44 bezinnen
1209 860 31 24 te
1269 849 140 44 befpeu-

431 913 80 30 ren,
537 900 52 34 die
610 901 53 47 zig
691 911 93 35 egter
803 900 237 44 voornamelijk
1067 901 31 33 in
1120 900 78 34 deze
1223 900 108 34 Eeuw
1352 906 59 37 ge-

435 949 190 47 openbaard
659 949 113 42 heeft,
799 950 32 33 in
861 949 108 34 welke
1004 950 76 40 her,
1107 949 102 46 gelijk
1235 948 32 34 ik
1297 947 117 41 zeide,

436 998 191 45 naauwlijks
656 998 48 35 flil
734 1000 25 32 is
779 1008 148 35 geweest
946 1008 62 24 van
1028 998 57 33 het
1107 1008 146 33 opperen
1272 1007 60 22 van
1354 1005 59 36 ge-

435 1047 200 45 moedelijke
663 1046 228 47 zwarigheden
913 1056 98 36 tegen
1031 1047 39 33 de
1089 1046 254 38 Sacramenten,
1370 1054 42 23 en

437 1097 171 45 bijzonder
637 1106 104 36 tegen.
766 1096 64 33 den
862 1095 219 44 kinderdoop.
1129 1095 194 44 Sommigen
1351 1102 63 24 van

437 1147 56 35 de.
509 1144 291 48 godvruchtigfte,
842 1144 186 46 ernftigfte,
1058 1154 41 23 en
1131 1143 169 43 kundigfte
1328 1141 87 34 Lee-

440 1206 86 25 raars
557 1194 58 34 der
644 1192 268 37 Nederlandfche
944 1191 262 48 gereformeerde
1232 1191 90 34 Kerk
1352 1190 64 44 zijn

440 1256 57 30 er,
515 1254 60 24 van
593 1244 59 44 tijd
673 1253 49 25 tot
742 1243 75 45 tijd,
837 1242 146 45 openlijk
1002 1253 84 23 voor
1105 1242 214 45 uitgekomen
1332 1265 10 16 ,
1364 1239 55 33 dat

443 1304 86 38 geen
559 1292 181 42 kinderen,
766 1292 59 33 dan
858 1303 59 22 van
946 1302 92 24 ware
1061 1291 186 46 geloovigen
1266 1289 153 46 gedoopt

444 1341 320 47 mogten.…worden;
796 1341 53 33 dat
870 1351 74 24 men
966 1340 71 34 hier
1053 1350 61 24 van
1133 1339 84 34 allen
1239 1337 182 36 waarfchu-

444 1402 78 25 wen
551 1400 129 33 moests
707 1400 42 24 en
775 1389 53 35 dat
848 1389 41 34 de
915 1389 158 34 Leeraars
1095 1387 214 37 onderfcheid
1328 1390 98 37 moes

446 1441 67 36 ften
552 1441 117 33 maken
708 1439 152 34 tusfchen
887 1438 221 40 Christenen,
1143 1439 82 33 wier
1262 1436 158 34 kinderen

447 1500 79 24 men
525 1481 89 55 al,
627 1499 44 24 en
696 1489 81 34 wier
805 1488 160 33 kinderen
982 1497 77 25 men
1077 1488 67 33 niet
1164 1486 137 44 doopte.
1327 1485 96 34 Deze

450 1547 142 26 mannen
629 1548 110 24 waren
774 1536 64 35 wel
865 1538 68 32 niet
964 1538 33 32 in
1025 1536 77 34 ftaat
1133 1547 57 22 om
1219 1545 29 24 te
1277 1544 149 37 zeggen,

449 1591 88 32 wâar
565 1586 60 34 dan
662 1595 60 37 tog
758 1586 41 34 de
830 1585 191 35 fcheidlinie
1050 1585 153 34 tusfchen
1234 1583 79 35 deze
1342 1591 87 26 twee

451 1637 135 35 foorten
616 1635 145 46 dadelijk
799 1635 160 46 geplaatst
989 1643 109 25 moest
1126 1633 163 35 worden?
1330 1633 99 34 Mlaar

453 1697 61 24 aan
540 1686 63 33 den
635 1685 140 34 anderen
804 1685 77 33 kant
912 1684 108 34 kwam
1049 1693 74 24 men
1151 1683 69 34 ook
1250 1690 176 37 nagenoeg

453 1745 72 25 met
552 1735 69 34 hun
658 1736 33 32 in
723 1732 234 47 onderftelling
993 1743 165 28 overeen;
1204 1730 115 46 terwijl
1350 1739 77 25 men

453 1795 116 37 egter,
613 1785 111 34 boven
753 1782 243 48 gemoedelijke
1023 1780 249 47 zwarigheden,
1319 1780 112 34 boven

455 1835 52 41 al,
534 1833 64 35 alle
625 1833 158 34 kinderen
816 1831 95 35 bleef
937 1831 155 44 doopen,
1130 1830 53 33 die
1214 1828 221 49 aangeboden

455 1882 168 42 wierden,
656 1883 31 43 ja
715 1881 184 47 begeerde,
934 1881 54 34 dat
1023 1880 62 34 alle
1114 1878 158 37 kinderen
1300 1877 133 36 zouden

456 1931 218 48 aangeboden
690 1943 3 4 «
712 1932 150 34 worden.

505 1992 56 25 DE
594 1981 179 35 beroemde
811 1978 62 36 Hr.
900 1990 27 33 j.
957 1991 33 22 R.
1020 1988 307 31 KELDERMAN,
1374 1974 59 38 des

455 2031 75 48 tijds
556 2029 180 36 Predikant
767 2040 31 24 te
820 2028 164 43 Utrecht,
1011 2027 138 36 fchreef
1171 2027 61 35 den
1257 2027 42 35 18
1323 2026 116 34 Maart.

1330 2086 109 37 1720,
