1564 2721
309 273 668 59 VERANTWOORDING.
1080 286 43 37 st

162 388 29 35 5
213 388 80 31 zen,
311 377 63 34 het
400 373 97 35 welk:
514 373 199 46 nogtans-
667 362 49 65 in
740 370 87 48 alles
837 380 44 32 op
901 369 41 34 de
962 366 168 36 Kinderen

165 428 119 45 „niet
318 423 207 46 toepasfelijk
565 424 49 41 is,
652 431 20 24 2
691 414 108 63 Petr.
817 418 63 38 IL.
914 430 57 23 oo.
998 424 132 29 22.”n4

166 503 26 18 „
219 478 62 34 dat
316 475 49 44 zij
398 475 76 33 door
500 473 39 34 de
572 468 141 49 kennisfe
749 469 53 35 des
830 467 135 35 Heeren
989 478 41 24 en
1056 466 76 35 Za-

167 551 27 19 »»
221 525 182 46 ligmakers
442 519 97 51 Jefu:
561 520 125 43 Chrifli
723 519 39 35 de
794 517 260 47 befinettingen*
1068 517 64 34 der

168 601 26 18 „
220 573 139 37 Wereld
392 571 168 36 ontvyloden
594 570 99 46 zijns
735 564 82 40 enz.
844 575 102 34 maar
981 566 100 34 haar.
1105 558 29 41 is

168 650 26 17 „
219 621 248 49 overgekomen,
503 619 57 35 het
592 628 83 37 gene
707 626 66 26 met
797 625 62 26 cen
874 623 105 27 waar
986 608 152 57 fprak:

169 698 25 19 »
219 673 115 34 woord
355 670 117 48 gezeid
495 669 124 40 wordt,
654 668 39 34 de
723 667 87 34 hond
832 666 28 34 is
893 662 249 50 wedergekeerd

170 737 28 29 >
220 729 48 29 tot
305 719 72 46 zijn
411 720 97 47 eigen
534 714 233 49 vwitbraakftl,
809 725 42 24 en
887 714 50 35 de
954 711 184 47 gewasfene
1156 742 20 6 _

172 780 151 37 »…zeuge
349 777 46 27 tot
414 770 40 33 de
479 763 190 51 wentelinge
696 767 36 33 in
748 765 60 34 het
816 763 100 46 flijk,
959 762 65 35 En
1036 772 103 24 voor-

172 818 205 46 „namelijk
403 820 27 32 is
459 817 80 42 het,
574 825 55 24 ten
654 814 152 42 laatften,
840 812 124 41 zeker,
985 811 55 35 dat
1069 810 71 34 ook

169 895 27 19 „
223 869 79 35 deze
342 866 164 44 uiterlijke
543 865 174 46 heiliging
738 872 144 36 te-regt
897 862 100 39 «lier:
1028 857 117 49 gezeid

169 944 27 20 »
222 917 130 41 wordt,
387 918 68 32 niet
492 925 72 25 aan
596 913 155 35 Christus
787 922 61 23 van
867 911 66 33 de:
963 909 181 41 Ouderen,

171 993 26 18 ‚
224 967 54 34 dat
303 974 141 38 nogtans
469 974 87 25 waar
583 965 47 40 ís,
658 973 90 23 maar
771 971 63 25 van
844 953 104 63 God.
970 960 36 34 in
1029 957 117 36 Chrise

171 1024 39 35 ss
223 1023 54 27 tus
301 1024 32 24 te
360 1013 216 47 gefchieden,
609 1022 85 29 voor
716 1019 66 25 zoo
803 1017 111 32 verre,
940 1008 46 33 als
1007 1007 142 34 dezelve

170 1090 26 18 „
223 1064 86 34 door
338 1062 154 35 Christus
527 1062 33 31 in
589 1060 64 45 zijn
678 1058 121 46 Lijden
826 1068 40 23 en
891 1050 111 62 Leere
1014 1050 124 62 wordt

170 1139 24 18 »
220 1123 32 24 te
291 1122 97 36 weeg
418 1112 159 45 gebragt,
625 1108 123 35 zonder
760 1100 141 62 eenige
930 1100 219 62 voldoening,

170 1188 26 18 »
222 1171 141 37 nogtans
389 1171 87 24 voor
506 1160 77 33 hare
612 1159 148 41 zonden;
787 1166 46 23 en
855 1167 86 23 voor
966 1165 65 24 zoo
1051 1164 99 25 verre

171 1224 25 31 „,
223 1211 135 34 dezelve
390 1209 103 35 vloeit
522 1210 47 32 uit
592 1208 40 34 de
661 1201 246 53 gemeenfchap
934 1214 68 25 met
1027 1204 119 35 Chris-

224 1270 70 31 tus,
320 1260 85 34 door
430 1259 109 34 welke
554 1259 44 44 zij
621 1259 68 33 ook
709 1258 41 32 in.
754 1249 92 59 zijne
866 1254 165 45 uiterlijke
1053 1253 100 34 Kerk

175 1336 25 16 »
227 1309 129 45 Zijnde,
393 1308 59 50 dus
490 1307 96 34 mede
622 1308 34 33 in
684 1306 153 35 Christus
861 1304 118 46 gezeid
1005 1303 142 34 worden

227 1369 31 23 te
288 1360 82 43 zijn,
405 1359 118 44 vergel.
550 1355 79 47 Poh.
656 1356 80 35 XV.
766 1366 20 23 2
812 1364 73 25 enz.
912 1363 57 24 om
998 1351 64 34 alle
1091 1361 58 24 an-

174 1434 25 17 „
224 1408 79 34 dere
336 1407 142 45 plaatfen
509 1417 52 23 nu
586 1405 131 44 voorbij
747 1402 33 34 te
805 1412 95 37 gaan.
951 1401 91 34 Daar
1068 1410 81 25 men

176 1457 166 44 „Anders
371 1457 64 33 wel
467 1465 108 30 weet,
610 1454 54 33 dat
690 1454 37 33 in
755 1451 149 35 Christus
930 1459 34 24 te
991 1449 90 43 zijn,
1105 1443 55 40 en-

177 1508 83 42 „in
291 1506 88 34 Hem
404 1504 169 48 geheiligd
596 1513 32 23 te
657 1501 83 45 zijn.
775 1508 67 25 met
871 1508 82 25 eene
980 1497 181 42 meërdere

178 1580 24 18 »
229 1554 126 35 tadruk
392 1564 72 34 past
500 1552 45 44 op
579 1551 40 33 de
657 1560 86 25 ware
754 1544 228 58 Geloovigen
986 1544 141 58 ‘alleen
1126 1544 37 58 ;-

179 1629 25 18 >
232 1604 52 33 die
310 1603 67 36 ook
391 1614 69 23 zoo
483 1602 62 33 alle
568 1600 158 46 Heiligen
745 1596 137 37 worden
897 1597 192 47 genoemd,
1117 1600 54 35 in,

180 1678 24 18 »
231 1654 41 33 de
309 1651 230 47 Apoftolifche
575 1649 197 45 aanfpraken
809 1658 58 24 aan
905 1647 80 34 alle:
1006 1642 157 48 uiterlijk’
1333 1647 17 26 5

181 1712 263 36 ‚r-geroepenen
468 1701 144 47 gedaan,
639 1700 85 34 door
750 1709 61 23 een
834 1690 148 55 Liefde-
990 1690 164 55 Oordeel,

181 1763 24 32 „
231 1751 54 35 En
319 1762 50 24 tot
403 1752 80 33 deze
518 1750 163 46 heiliging
707 1750 32 32 in
766 1748 157 34 Christus
950 1747 110 36 wordt
1080 1746 87 35 ook’

184 1825 24 18 »
234 1812 104 24 meest
363 1803 138 46 gebragt
527 1801 42 34 de
600 1800 191 45 plaatsvan
819 1794 128 38 Paulus
964 1797 114 38 ‘Hebr.
1104 1794 51 37 X.

185 1875 25 17 5
239 1862 60 33 29.
334 1851 59 35 hoe
429 1852 72 35 veel
532 1859 32 26 te
592 1845 182 40 zwaarder
797 1845 136 49 flraffe*
950 1850 108 31 meênt
1083 1845 74 50 gif,

187 1914 35 28 2
240 1902 61 34 dat
335 1900 53 45 hij
405 1901 79 35 zal
516 1900 156 46 waardig
696 1897 283 47 geastworden,
1015 1896 52 47 die
1094 1896 63 33 den

189 1974 25 18 »
241 1943 208 42 ZonelGods
481 1949 173 34 vertreden
684 1944 136 48 heeft,
836 1950 45 29 én
903 1938 175 42 hertblped
1101 1942 72 37 des?

189 2022 26 19 „>
242 1998 208 37 Testaments.
476 1998 124 34 onrein:
614 2002 104 40 geadt
744 1995 109 45 heeft,
889 1995 94 34 dar
1004 1995 79 34 door
1108 1992 64 47 hij

188 2070 26 21 »
237 2047 172 49 geheiligd
430 2057 88 32 was,
544 2058 41 24 en
603 2047 62 33 den
689 2045 105 37 Geest,
805 2046 58 37 der
879 2045 130 47 genade
1016 2042 144 49 finaad-

1034 2118 26 19 „
1084 2089 81 38 heid

632 2140 7 9 1
