1466 2688
400 208 8 38 $

287 273 674 54 VERANTWOORDING.
1074 290 42 36 13

144 384 24 19 »
195 359 117 47 Berlijk
339 359 119 43 leven,
493 361 60 35 dan
583 363 106 35 zullen
723 365 38 33 de
796 367 137 46 meefte,
959 379 65 24 zoo
1050 371 68 33 niet

145 434 24 17 »
195 409 63 34 Alle
278 419 74 23 uwe
381 405 246 59 zwarigheden,
641 405 225 59 verdwijnen.”
929 417 57 36 Nu
1017 419 98 41 iser,

144 457 98 47 gelijk
271 467 76 24 men
375 468 168 27 trouwens
575 472 107 32 weet,
716 465 81 33 niets
830 475 50 24 ter
905 467 123 34 wereld
1060 479 59 36 ge-

145 506 231 42 makkelijker,
404 508 60 33 dan
486 511 121 34 zonder
625 523 75 23 over
719 513 136 34 iemand
872 522 32 26 te
925 518 190 37 oordeelen
1095 502 20 57 ,

144 555 148 34 evenwel
322 566 31 23 te
385 567 128 32 weten,
552 561 62 32 wie
642 562 151 45 ergerlijk
831 562 118 43 leven,
986 576 41 23 en
1053 568 64 32 wie

142 603 93 34 niet?
269 603 60 36 Als
362 606 114 36 mede,
512 618 55 23 om
598 619 31 23 te
660 611 163 42 bepalen,
858 612 66 35 hoe
952 624 57 24 ver
1036 626 81 23 eene

141 652 234 47 ergerlijkheid
403 665 67 23 met
488 655 57 35 het
569 667 90 25 ware
675 659 243 37 Christendom
939 662 29 34 al
989 664 46 34 of
1046 666 68 32 niet

141 702 129 34 beftaan
299 703 130 40 kunne,
467 715 54 23 om
550 714 33 25 te
615 707 134 36 kunnen
788 710 238 44 onderftellen,
1062 714 55 34 dat

139 750 42 35 de
209 752 68 33 niet
305 752 196 46 ergerlijken
529 766 96 24 ware
651 756 198 37 Christenen
883 761 82 44 zijn,
999 773 42 24 en
1069 764 46 33 dit

140 809 142 37 nogtans
316 803 124 34 zonder
477 804 156 47 bepaling
663 815 31 24 te
732 808 141 41 maken,
919 812 65 34 wie
1009 823 108 25 ware

139 848 222 36 Christenen?
395 861 40 23 en
466 853 63 33 wie
559 853 47 34 als
632 856 195 46 ergerlijken
859 858 74 35 daar
961 871 60 23 van
1051 863 64 33 uit-

140 898 218 34 temonfteren
381 899 92 45 zijn?
500 901 80 35 Ook
603 904 133 34 verftaat
763 906 56 34 het
847 909 54 45 zig
925 919 59 24 van
1012 910 103 43 zelfs,

137 946 55 34 dat
218 947 57 33 het
311 948 122 45 weinig
469 951 124 33 mocite
628 952 95 43 kost,
765 956 81 34 eene
881 953 233 57 onderftelling

135 1003 235 34 aantenemen,
397 1006 63 23 van
490 998 126 34 welker
644 1004 212 33 onwaarheid
879 1016 75 23 men
985 1009 32 32 in
1045 1010 68 44 zijn

135 1044 145 46 gemoed
314 1044 175 47 overtuigd
524 1047 48 41 is,
607 1057 42 25 en
679 1048 28 34 al
731 1052 159 35 evenwel
921 1055 55 46 zig
1008 1057 33 33 in
1071 1058 42 33 de

134 1092 212 48 uitoefening
380 1104 66 24 zoo
477 1104 31 24 te
538 1095 187 49 gedragen,
759 1100 46 34 als
827 1102 57 34 vof
913 1103 52 34 die
991 1106 121 36 onder-

133 1141 150 47 flelling,
311 1142 108 35 welke
445 1144 53 45 wij
532 1155 108 25 weten
662 1147 108 36 valsch
799 1160 32 24 te
859 1152 81 44 zijn,
968 1152 144 55 waarag-

135 1192 48 45 tig
209 1193 105 32 ware!
341 1190 190 37 Derhalven
555 1195 61 34 kan
638 1206 44 24 nu
710 1199 154 35 niemand
882 1201 115 48 langer
1025 1207 87 44 twijs

132 1239 112 41 felen,
271 1240 43 34 of
334 1240 46 35 'er
400 1253 69 35 nog
495 1245 229 45 zwarigheden
748 1259 61 23 van
835 1250 55 34 het
913 1253 113 34 minfte
1051 1257 59 33 be-

131 1288 77 47 lang
235 1289 245 35 overfchieren!
518 1291 33 35 Is
582 1304 35 24 er
643 1305 94 37 egter
765 1308 65 25 zoo
859 1300 156 37 iemand?
1052 1306 58 32 De

129 1336 92 36 Heer
244 1338 43 35 A.
323 1339 27 34 is
382 1340 111 34 bereid
522 1352 56 24 om
608 1353 41 25 ze
688 1345 77 35 hem
803 1349 205 43 optelosfen!
1051 1353 57 35 En

128 1385 237 47 Philadelphus
402 1389 64 34 had
503 1391 74 47 niet
601 1402 79 25 eens
718 1396 127 45 noodig
881 1399 128 45 gehad,
1058 1404 51 32 uit

128 1435 130 35 hoofde
297 1448 60 23 van
386 1438 97 40 zulke
520 1441 139 45 geringe
687 1444 250 45 zwarigheden,
974 1459 41 24 na
1044 1461 63 25 een

128 1485 104 34 ander
256 1485 150 45 Systema
435 1487 32 34 in
488 1487 63 35 den
579 1489 109 45 Bijbel
710 1490 44 36 of
774 1490 232 42 Formulieren
1034 1511 74 24 om-

128 1535 128 33 tezien
230 1531 27 53 |

191 1593 133 25 MAAR
362 1583 30 35 al
427 1595 135 38 genoeg
599 1597 62 25 van
697 1589 82 37 deze
823 1595 281 51 onbegrijpelijke

126 1631 244 48 ftrijdigheden.
421 1635 191 36 Komenwe
645 1647 49 27 ter
718 1643 101 34 zake!

175 1740 86 26 HET
288 1731 27 36 is
344 1742 82 25 eene
446 1736 185 41 waarheid,
657 1738 56 35 dat
734 1750 37 24 er
798 1742 34 34 in
858 1743 56 35 het
941 1742 166 41 Leerftele

127 1778 64 42 fel,
224 1790 88 25 waer
334 1793 61 24 van
424 1783 34 36 ik
488 1787 150 44 getoond
663 1789 85 42 heb,
775 1790 55 35 dat
864 1792 57 36 het
948 1797 89 34 noch
1062 1797 44 36 de

128 1828 70 34 leer
225 1829 58 35 des
308 1830 144 46 Bijbels,
479 1835 91 35 noch
599 1836 52 35 die
673 1849 101 25 onzer
798 1839 112 37 Kerke
939 1845 51 42 is,
1016 1857 89 25 Zwa-

128 1876 157 46 righeden
310 1881 86 44 zijn,
423 1883 52 33 die
507 1885 94 44 mijns
625 1888 177 44 oordeels,
831 1901 46 34 op
905 1902 83 25 eene
1014 1896 92 36 baar-

129 1925 181 48 blijkelijke
343 1932 263 45 ongerijmdheid
644 1936 195 46 uitloopen,
868 1952 153 27 wanneer
1048 1947 57 36 het

128 1985 46 34 op
202 1975 57 35 het
291 1979 141 45 gebruik
464 1981 58 34 der
561 1983 255 46 Sacramenten,
843 1999 39 24 en
913 1994 114 34 vooral
1055 2007 47 35 op

127 2025 67 35 den
214 2024 216 51 Kinderdoop
460 2031 167 38 aankomt.
677 2033 86 38 ‘Wil
783 2037 44 47 gij
857 2050 128 36 weten,
1011 2043 94 39 welk,

1058 2094 49 36 di
