<?xml version="1.0" encoding="UTF-8"?>
<alto xmlns="http://www.loc.gov/standards/alto/ns-v3#" xmlns:xlink="http://www.w3.org/1999/xlink" xmlns:xsi="http://www.w3.org/2001/XMLSchema-instance" xsi:schemaLocation="http://www.loc.gov/standards/alto/ns-v3# http://www.loc.gov/alto/v3/alto-3-0.xsd">
	<Description>
		<MeasurementUnit>pixel</MeasurementUnit>
		<sourceImageInformation>
			<fileName>			</fileName>
		</sourceImageInformation>
		<OCRProcessing ID="OCR_0">
			<ocrProcessingStep>
				<processingSoftware>
					<softwareName>tesseract v4.1.0-elag2019</softwareName>
				</processingSoftware>
			</ocrProcessingStep>
		</OCRProcessing>
	</Description>
	<Layout>
		<Page WIDTH="1486" HEIGHT="2693" PHYSICAL_IMG_NR="0" ID="page_0">
			<PrintSpace HPOS="0" VPOS="0" WIDTH="1486" HEIGHT="2693">
				<TextBlock ID="block_0" HPOS="0" VPOS="261" WIDTH="1032" HEIGHT="64">
					<TextLine ID="line_0" HPOS="0" VPOS="261" WIDTH="1032" HEIGHT="64">
						<String ID="string_0" HPOS="0" VPOS="261" WIDTH="324" HEIGHT="64" WC="0.95" CONTENT=" "/><SP WIDTH="613" VPOS="261" HPOS="324"/>
						<String ID="string_1" HPOS="937" VPOS="261" WIDTH="95" HEIGHT="56" WC="0.95" CONTENT=" "/>
					</TextLine>
				</TextBlock>
				<TextBlock ID="block_1" HPOS="0" VPOS="2096" WIDTH="1067" HEIGHT="31">
					<TextLine ID="line_1" HPOS="0" VPOS="2096" WIDTH="1067" HEIGHT="31">
						<String ID="string_2" HPOS="0" VPOS="2096" WIDTH="1067" HEIGHT="31" WC="0.95" CONTENT="   "/>
					</TextLine>
				</TextBlock>
				<TextBlock ID="block_2" HPOS="13" VPOS="709" WIDTH="27" HEIGHT="1962">
					<TextLine ID="line_2" HPOS="13" VPOS="709" WIDTH="27" HEIGHT="1962">
						<String ID="string_3" HPOS="13" VPOS="709" WIDTH="27" HEIGHT="1962" WC="0.95" CONTENT=" "/>
					</TextLine>
				</TextBlock>
				<TextBlock ID="block_3" HPOS="865" VPOS="0" WIDTH="559" HEIGHT="16">
					<TextLine ID="line_3" HPOS="865" VPOS="0" WIDTH="559" HEIGHT="16">
						<String ID="string_4" HPOS="865" VPOS="0" WIDTH="559" HEIGHT="16" WC="0.95" CONTENT=" "/>
					</TextLine>
				</TextBlock>
				<TextBlock ID="block_4" HPOS="0" VPOS="0" WIDTH="1486" HEIGHT="317">
					<TextLine ID="line_4" HPOS="0" VPOS="0" WIDTH="1486" HEIGHT="317">
						<String ID="string_5" HPOS="0" VPOS="0" WIDTH="1486" HEIGHT="317" WC="0.95" CONTENT="  "/>
					</TextLine>
				</TextBlock>
				<TextBlock ID="block_5" HPOS="335" VPOS="273" WIDTH="800" HEIGHT="47">
					<TextLine ID="line_5" HPOS="335" VPOS="273" WIDTH="800" HEIGHT="47">
						<String ID="string_6" HPOS="335" VPOS="273" WIDTH="13" HEIGHT="47" WC="0.41" CONTENT="Vv"/><SP WIDTH="45" VPOS="273" HPOS="348"/>
						<String ID="string_7" HPOS="393" VPOS="281" WIDTH="23" HEIGHT="28" WC="0.51" CONTENT="0"/><SP WIDTH="49" VPOS="281" HPOS="416"/>
						<String ID="string_8" HPOS="465" VPOS="281" WIDTH="96" HEIGHT="27" WC="0.33" CONTENT="OR"/><SP WIDTH="50" VPOS="281" HPOS="561"/>
						<String ID="string_9" HPOS="611" VPOS="280" WIDTH="99" HEIGHT="28" WC="0.81" CONTENT="RE"/><SP WIDTH="46" VPOS="280" HPOS="710"/>
						<String ID="string_10" HPOS="756" VPOS="281" WIDTH="24" HEIGHT="24" WC="0.80" CONTENT="D"/><SP WIDTH="49" VPOS="281" HPOS="780"/>
						<String ID="string_11" HPOS="829" VPOS="279" WIDTH="25" HEIGHT="25" WC="0.83" CONTENT="E"/><SP WIDTH="45" VPOS="279" HPOS="854"/>
						<String ID="string_12" HPOS="899" VPOS="277" WIDTH="38" HEIGHT="28" WC="0.22" CONTENT="No"/><SP WIDTH="95" VPOS="277" HPOS="937"/>
						<String ID="string_13" HPOS="1032" VPOS="275" WIDTH="103" HEIGHT="28" WC="0.0" CONTENT="Xxx"/>
					</TextLine>
				</TextBlock>
				<TextBlock ID="block_6" HPOS="148" VPOS="355" WIDTH="1007" HEIGHT="1759">
					<TextLine ID="line_6" HPOS="288" VPOS="355" WIDTH="844" HEIGHT="56">
						<String ID="string_14" HPOS="288" VPOS="362" WIDTH="118" HEIGHT="49" WC="0.96" CONTENT="Tegen"/><SP WIDTH="26" VPOS="362" HPOS="406"/>
						<String ID="string_15" HPOS="432" VPOS="363" WIDTH="62" HEIGHT="35" WC="0.93" CONTENT="den"/><SP WIDTH="28" VPOS="363" HPOS="494"/>
						<String ID="string_16" HPOS="522" VPOS="355" WIDTH="314" HEIGHT="53" WC="0.91" CONTENT="VIJFTIENDEN"/><SP WIDTH="29" VPOS="355" HPOS="836"/>
						<String ID="string_17" HPOS="865" VPOS="351" WIDTH="122" HEIGHT="64" WC="0.52" CONTENT="BRIEF"/><SP WIDTH="17" VPOS="351" HPOS="987"/>
						<String ID="string_18" HPOS="1004" VPOS="357" WIDTH="70" HEIGHT="35" WC="0.94" CONTENT="doe"/><SP WIDTH="14" VPOS="357" HPOS="1074"/>
						<String ID="string_19" HPOS="1088" VPOS="356" WIDTH="44" HEIGHT="37" WC="0.66" CONTENT="ik"/>
					</TextLine>
					<TextLine ID="line_7" HPOS="164" VPOS="418" WIDTH="972" HEIGHT="57">
						<String ID="string_20" HPOS="164" VPOS="426" WIDTH="90" HEIGHT="42" WC="0.96" CONTENT="zien,"/><SP WIDTH="35" VPOS="426" HPOS="254"/>
						<String ID="string_21" HPOS="289" VPOS="427" WIDTH="62" HEIGHT="34" WC="0.96" CONTENT="dat"/><SP WIDTH="26" VPOS="427" HPOS="351"/>
						<String ID="string_22" HPOS="377" VPOS="427" WIDTH="40" HEIGHT="34" WC="0.97" CONTENT="de"/><SP WIDTH="27" VPOS="427" HPOS="417"/>
						<String ID="string_23" HPOS="444" VPOS="437" WIDTH="106" HEIGHT="38" WC="0.95" CONTENT="negen"/><SP WIDTH="30" VPOS="437" HPOS="550"/>
						<String ID="string_24" HPOS="580" VPOS="425" WIDTH="186" HEIGHT="46" WC="0.93" CONTENT="bewijzen,"/><SP WIDTH="33" VPOS="425" HPOS="766"/>
						<String ID="string_25" HPOS="799" VPOS="424" WIDTH="81" HEIGHT="34" WC="0.95" CONTENT="door"/><SP WIDTH="27" VPOS="424" HPOS="880"/>
						<String ID="string_26" HPOS="907" VPOS="422" WIDTH="62" HEIGHT="36" WC="0.95" CONTENT="den"/><SP WIDTH="16" VPOS="422" HPOS="969"/>
						<String ID="string_27" HPOS="985" VPOS="418" WIDTH="76" HEIGHT="36" WC="0.79" CONTENT="Hrs"/><SP WIDTH="28" VPOS="418" HPOS="1061"/>
						<String ID="string_28" HPOS="1089" VPOS="419" WIDTH="47" HEIGHT="36" WC="0.22" CONTENT="&amp;"/>
					</TextLine>
					<TextLine ID="line_8" HPOS="164" VPOS="481" WIDTH="969" HEIGHT="54">
						<String ID="string_29" HPOS="164" VPOS="488" WIDTH="184" HEIGHT="47" WC="0.42" CONTENT="tenzelfden"/><SP WIDTH="22" VPOS="488" HPOS="348"/>
						<String ID="string_30" HPOS="370" VPOS="489" WIDTH="116" HEIGHT="42" WC="0.65" CONTENT="einde,"/><SP WIDTH="35" VPOS="489" HPOS="486"/>
						<String ID="string_31" HPOS="521" VPOS="490" WIDTH="54" HEIGHT="35" WC="0.85" CONTENT="uit"/><SP WIDTH="31" VPOS="490" HPOS="575"/>
						<String ID="string_32" HPOS="606" VPOS="490" WIDTH="39" HEIGHT="35" WC="0.94" CONTENT="de"/><SP WIDTH="30" VPOS="490" HPOS="645"/>
						<String ID="string_33" HPOS="675" VPOS="487" WIDTH="238" HEIGHT="47" WC="0.96" CONTENT="Handelingen"/><SP WIDTH="29" VPOS="487" HPOS="913"/>
						<String ID="string_34" HPOS="942" VPOS="484" WIDTH="61" HEIGHT="34" WC="0.86" CONTENT="der"/><SP WIDTH="26" VPOS="484" HPOS="1003"/>
						<String ID="string_35" HPOS="1029" VPOS="481" WIDTH="104" HEIGHT="48" WC="0.68" CONTENT="dpos-"/>
					</TextLine>
					<TextLine ID="line_9" HPOS="162" VPOS="548" WIDTH="972" HEIGHT="54">
						<String ID="string_36" HPOS="162" VPOS="555" WIDTH="93" HEIGHT="34" WC="0.92" CONTENT="telen"/><SP WIDTH="17" VPOS="555" HPOS="255"/>
						<String ID="string_37" HPOS="272" VPOS="555" WIDTH="232" HEIGHT="47" WC="0.96" CONTENT="aangevoerd,"/><SP WIDTH="25" VPOS="555" HPOS="504"/>
						<String ID="string_38" HPOS="529" VPOS="555" WIDTH="40" HEIGHT="35" WC="0.96" CONTENT="al"/><SP WIDTH="17" VPOS="555" HPOS="569"/>
						<String ID="string_39" HPOS="586" VPOS="556" WIDTH="90" HEIGHT="34" WC="0.96" CONTENT="mede"/><SP WIDTH="20" VPOS="556" HPOS="676"/>
						<String ID="string_40" HPOS="696" VPOS="549" WIDTH="91" HEIGHT="40" WC="0.96" CONTENT="daar"/><SP WIDTH="21" VPOS="549" HPOS="787"/>
						<String ID="string_41" HPOS="808" VPOS="558" WIDTH="48" HEIGHT="28" WC="0.96" CONTENT="toe"/><SP WIDTH="18" VPOS="558" HPOS="856"/>
						<String ID="string_42" HPOS="874" VPOS="558" WIDTH="33" HEIGHT="28" WC="0.96" CONTENT="te"/><SP WIDTH="18" VPOS="558" HPOS="907"/>
						<String ID="string_43" HPOS="925" VPOS="549" WIDTH="104" HEIGHT="37" WC="0.95" CONTENT="zwak"/><SP WIDTH="20" VPOS="549" HPOS="1029"/>
						<String ID="string_44" HPOS="1049" VPOS="548" WIDTH="85" HEIGHT="49" WC="0.95" CONTENT="zijn."/>
					</TextLine>
					<TextLine ID="line_10" HPOS="161" VPOS="610" WIDTH="970" HEIGHT="65">
						<String ID="string_45" HPOS="161" VPOS="615" WIDTH="47" HEIGHT="36" WC="0.78" CONTENT="bl,"/><SP WIDTH="29" VPOS="615" HPOS="208"/>
						<String ID="string_46" HPOS="237" VPOS="626" WIDTH="83" HEIGHT="35" WC="0.72" CONTENT="213."/><SP WIDTH="416" VPOS="626" HPOS="320"/>
						<String ID="string_47" HPOS="736" VPOS="610" WIDTH="31" HEIGHT="65" WC="0.0" CONTENT="}"/><SP WIDTH="354" VPOS="610" HPOS="767"/>
						<String ID="string_48" HPOS="1121" VPOS="641" WIDTH="10" HEIGHT="6" WC="0.35" CONTENT="."/>
					</TextLine>
					<TextLine ID="line_11" HPOS="211" VPOS="653" WIDTH="922" HEIGHT="79">
						<String ID="string_49" HPOS="211" VPOS="690" WIDTH="92" HEIGHT="25" WC="0.93" CONTENT="BET"/><SP WIDTH="33" VPOS="690" HPOS="303"/>
						<String ID="string_50" HPOS="336" VPOS="680" WIDTH="130" HEIGHT="49" WC="0.91" CONTENT="Befluit"/><SP WIDTH="34" VPOS="680" HPOS="466"/>
						<String ID="string_51" HPOS="500" VPOS="681" WIDTH="52" HEIGHT="35" WC="0.94" CONTENT="uit"/><SP WIDTH="32" VPOS="681" HPOS="552"/>
						<String ID="string_52" HPOS="584" VPOS="681" WIDTH="48" HEIGHT="35" WC="0.94" CONTENT="dit"/><SP WIDTH="29" VPOS="681" HPOS="632"/>
						<String ID="string_53" HPOS="661" VPOS="653" WIDTH="113" HEIGHT="79" WC="0.32" CONTENT="alles;"/><SP WIDTH="21" VPOS="653" HPOS="774"/>
						<String ID="string_54" HPOS="795" VPOS="686" WIDTH="102" HEIGHT="29" WC="0.96" CONTENT="want"/><SP WIDTH="31" VPOS="686" HPOS="897"/>
						<String ID="string_55" HPOS="928" VPOS="678" WIDTH="40" HEIGHT="34" WC="0.96" CONTENT="de"/><SP WIDTH="26" VPOS="678" HPOS="968"/>
						<String ID="string_56" HPOS="994" VPOS="677" WIDTH="68" HEIGHT="36" WC="0.70" CONTENT="Hr."/><SP WIDTH="26" VPOS="677" HPOS="1062"/>
						<String ID="string_57" HPOS="1088" VPOS="678" WIDTH="45" HEIGHT="36" WC="0.70" CONTENT="A."/>
					</TextLine>
					<TextLine ID="line_12" HPOS="163" VPOS="741" WIDTH="974" HEIGHT="52">
						<String ID="string_58" HPOS="163" VPOS="743" WIDTH="102" HEIGHT="37" WC="0.89" CONTENT="boudt"/><SP WIDTH="34" VPOS="743" HPOS="265"/>
						<String ID="string_59" HPOS="299" VPOS="744" WIDTH="77" HEIGHT="37" WC="0.93" CONTENT="bier"/><SP WIDTH="36" VPOS="744" HPOS="376"/>
						<String ID="string_60" HPOS="412" VPOS="753" WIDTH="61" HEIGHT="40" WC="0.59" CONTENT="op,"/><SP WIDTH="33" VPOS="753" HPOS="473"/>
						<String ID="string_61" HPOS="506" VPOS="743" WIDTH="164" HEIGHT="46" WC="0.96" CONTENT="bewijzen"/><SP WIDTH="28" VPOS="743" HPOS="670"/>
						<String ID="string_62" HPOS="698" VPOS="753" WIDTH="79" HEIGHT="26" WC="0.95" CONTENT="voor"/><SP WIDTH="25" VPOS="753" HPOS="777"/>
						<String ID="string_63" HPOS="802" VPOS="742" WIDTH="73" HEIGHT="46" WC="0.95" CONTENT="zijn"/><SP WIDTH="24" VPOS="742" HPOS="875"/>
						<String ID="string_64" HPOS="899" VPOS="741" WIDTH="117" HEIGHT="50" WC="0.95" CONTENT="begrip"/><SP WIDTH="25" VPOS="741" HPOS="1016"/>
						<String ID="string_65" HPOS="1041" VPOS="744" WIDTH="96" HEIGHT="44" WC="0.43" CONTENT="bijte"/>
					</TextLine>
					<TextLine ID="line_13" HPOS="162" VPOS="806" WIDTH="976" HEIGHT="51">
						<String ID="string_66" HPOS="162" VPOS="808" WIDTH="169" HEIGHT="49" WC="0.95" CONTENT="brengen,"/><SP WIDTH="37" VPOS="808" HPOS="331"/>
						<String ID="string_67" HPOS="368" VPOS="820" WIDTH="56" HEIGHT="25" WC="0.93" CONTENT="zoo"/><SP WIDTH="26" VPOS="820" HPOS="424"/>
						<String ID="string_68" HPOS="450" VPOS="809" WIDTH="64" HEIGHT="36" WC="0.96" CONTENT="dat"/><SP WIDTH="26" VPOS="809" HPOS="514"/>
						<String ID="string_69" HPOS="540" VPOS="809" WIDTH="67" HEIGHT="46" WC="0.96" CONTENT="wij"/><SP WIDTH="25" VPOS="809" HPOS="607"/>
						<String ID="string_70" HPOS="632" VPOS="819" WIDTH="38" HEIGHT="25" WC="0.96" CONTENT="er"/><SP WIDTH="25" VPOS="819" HPOS="670"/>
						<String ID="string_71" HPOS="695" VPOS="818" WIDTH="83" HEIGHT="39" WC="0.95" CONTENT="geen"/><SP WIDTH="26" VPOS="818" HPOS="778"/>
						<String ID="string_72" HPOS="804" VPOS="817" WIDTH="92" HEIGHT="26" WC="0.95" CONTENT="meer"/><SP WIDTH="27" VPOS="817" HPOS="896"/>
						<String ID="string_73" HPOS="923" VPOS="806" WIDTH="121" HEIGHT="37" WC="0.92" CONTENT="zullen."/><SP WIDTH="21" VPOS="806" HPOS="1044"/>
						<String ID="string_74" HPOS="1065" VPOS="813" WIDTH="73" HEIGHT="28" WC="0.91" CONTENT="ont-"/>
					</TextLine>
					<TextLine ID="line_14" HPOS="162" VPOS="873" WIDTH="976" HEIGHT="35">
						<String ID="string_75" HPOS="162" VPOS="880" WIDTH="133" HEIGHT="28" WC="0.70" CONTENT="moeten."/><SP WIDTH="28" VPOS="880" HPOS="295"/>
						<String ID="string_76" HPOS="323" VPOS="873" WIDTH="50" HEIGHT="34" WC="0.85" CONTENT="bl,"/><SP WIDTH="25" VPOS="873" HPOS="373"/>
						<String ID="string_77" HPOS="398" VPOS="884" WIDTH="81" HEIGHT="23" WC="0.89" CONTENT="220."/><SP WIDTH="614" VPOS="884" HPOS="479"/>
						<String ID="string_78" HPOS="1093" VPOS="889" WIDTH="45" HEIGHT="19" WC="0.11" CONTENT="4"/>
					</TextLine>
					<TextLine ID="line_15" HPOS="210" VPOS="932" WIDTH="928" HEIGHT="49">
						<String ID="string_79" HPOS="210" VPOS="947" WIDTH="62" HEIGHT="23" WC="0.93" CONTENT="om"/><SP WIDTH="34" VPOS="947" HPOS="272"/>
						<String ID="string_80" HPOS="306" VPOS="936" WIDTH="61" HEIGHT="35" WC="0.94" CONTENT="dat"/><SP WIDTH="33" VPOS="936" HPOS="367"/>
						<String ID="string_81" HPOS="400" VPOS="937" WIDTH="39" HEIGHT="33" WC="0.94" CONTENT="de"/><SP WIDTH="31" VPOS="937" HPOS="439"/>
						<String ID="string_82" HPOS="470" VPOS="934" WIDTH="71" HEIGHT="36" WC="0.88" CONTENT="Hr."/><SP WIDTH="27" VPOS="934" HPOS="541"/>
						<String ID="string_83" HPOS="568" VPOS="934" WIDTH="45" HEIGHT="36" WC="0.73" CONTENT="A."/><SP WIDTH="20" VPOS="934" HPOS="613"/>
						<String ID="string_84" HPOS="633" VPOS="935" WIDTH="95" HEIGHT="46" WC="0.95" CONTENT="zijne"/><SP WIDTH="28" VPOS="935" HPOS="728"/>
						<String ID="string_85" HPOS="756" VPOS="935" WIDTH="73" HEIGHT="34" WC="0.96" CONTENT="drie"/><SP WIDTH="27" VPOS="935" HPOS="829"/>
						<String ID="string_86" HPOS="856" VPOS="932" WIDTH="154" HEIGHT="49" WC="0.93" CONTENT="volgende"/><SP WIDTH="26" VPOS="932" HPOS="1010"/>
						<String ID="string_87" HPOS="1036" VPOS="932" WIDTH="102" HEIGHT="36" WC="0.67" CONTENT="Brie-"/>
					</TextLine>
					<TextLine ID="line_16" HPOS="158" VPOS="996" WIDTH="978" HEIGHT="48">
						<String ID="string_88" HPOS="158" VPOS="1007" WIDTH="65" HEIGHT="24" WC="0.69" CONTENT="ven"/><SP WIDTH="36" VPOS="1007" HPOS="223"/>
						<String ID="string_89" HPOS="259" VPOS="996" WIDTH="179" HEIGHT="48" WC="0.95" CONTENT="gebruikt,"/><SP WIDTH="36" VPOS="996" HPOS="438"/>
						<String ID="string_90" HPOS="474" VPOS="1009" WIDTH="52" HEIGHT="22" WC="0.95" CONTENT="om"/><SP WIDTH="35" VPOS="1009" HPOS="526"/>
						<String ID="string_91" HPOS="561" VPOS="1002" WIDTH="32" HEIGHT="29" WC="0.93" CONTENT="te"/><SP WIDTH="29" VPOS="1002" HPOS="593"/>
						<String ID="string_92" HPOS="622" VPOS="997" WIDTH="252" HEIGHT="47" WC="0.81" CONTENT="wederleggen,"/><SP WIDTH="35" VPOS="997" HPOS="874"/>
						<String ID="string_93" HPOS="909" VPOS="996" WIDTH="55" HEIGHT="36" WC="0.79" CONTENT="bet"/><SP WIDTH="25" VPOS="996" HPOS="964"/>
						<String ID="string_94" HPOS="989" VPOS="1008" WIDTH="84" HEIGHT="35" WC="0.95" CONTENT="geen"/><SP WIDTH="29" VPOS="1008" HPOS="1073"/>
						<String ID="string_95" HPOS="1102" VPOS="996" WIDTH="34" HEIGHT="35" WC="0.95" CONTENT="ik"/>
					</TextLine>
					<TextLine ID="line_17" HPOS="159" VPOS="1057" WIDTH="981" HEIGHT="51">
						<String ID="string_96" HPOS="159" VPOS="1069" WIDTH="73" HEIGHT="25" WC="0.95" CONTENT="van"/><SP WIDTH="35" VPOS="1069" HPOS="232"/>
						<String ID="string_97" HPOS="267" VPOS="1060" WIDTH="39" HEIGHT="34" WC="0.92" CONTENT="de"/><SP WIDTH="32" VPOS="1060" HPOS="306"/>
						<String ID="string_98" HPOS="338" VPOS="1059" WIDTH="217" HEIGHT="49" WC="0.87" CONTENT="Apostolifche"/><SP WIDTH="31" VPOS="1059" HPOS="555"/>
						<String ID="string_99" HPOS="586" VPOS="1060" WIDTH="173" HEIGHT="41" WC="0.95" CONTENT="Brieven,"/><SP WIDTH="35" VPOS="1060" HPOS="759"/>
						<String ID="string_100" HPOS="794" VPOS="1071" WIDTH="42" HEIGHT="23" WC="0.93" CONTENT="en"/><SP WIDTH="29" VPOS="1071" HPOS="836"/>
						<String ID="string_101" HPOS="865" VPOS="1058" WIDTH="177" HEIGHT="37" WC="0.92" CONTENT="derzelver"/><SP WIDTH="27" VPOS="1058" HPOS="1042"/>
						<String ID="string_102" HPOS="1069" VPOS="1057" WIDTH="71" HEIGHT="47" WC="0.92" CONTENT="Op-"/>
					</TextLine>
					<TextLine ID="line_18" HPOS="148" VPOS="1120" WIDTH="927" HEIGHT="51">
						<String ID="string_103" HPOS="148" VPOS="1121" WIDTH="172" HEIGHT="50" WC="0.33" CONTENT="Schriften"/><SP WIDTH="24" VPOS="1121" HPOS="320"/>
						<String ID="string_104" HPOS="344" VPOS="1123" WIDTH="131" HEIGHT="48" WC="0.76" CONTENT="gezegd"/><SP WIDTH="24" VPOS="1123" HPOS="475"/>
						<String ID="string_105" HPOS="499" VPOS="1122" WIDTH="90" HEIGHT="43" WC="0.78" CONTENT="had,"/><SP WIDTH="27" VPOS="1122" HPOS="589"/>
						<String ID="string_106" HPOS="616" VPOS="1123" WIDTH="47" HEIGHT="35" WC="0.93" CONTENT="bl."/><SP WIDTH="28" VPOS="1123" HPOS="663"/>
						<String ID="string_107" HPOS="691" VPOS="1135" WIDTH="81" HEIGHT="24" WC="0.25" CONTENT="aaa."/><SP WIDTH="27" VPOS="1135" HPOS="772"/>
						<String ID="string_108" HPOS="799" VPOS="1135" WIDTH="55" HEIGHT="25" WC="0.95" CONTENT="zoo"/><SP WIDTH="28" VPOS="1135" HPOS="854"/>
						<String ID="string_109" HPOS="882" VPOS="1124" WIDTH="131" HEIGHT="34" WC="0.91" CONTENT="beweer"/><SP WIDTH="27" VPOS="1124" HPOS="1013"/>
						<String ID="string_110" HPOS="1040" VPOS="1120" WIDTH="35" HEIGHT="38" WC="0.93" CONTENT="ik"/>
					</TextLine>
					<TextLine ID="line_19" HPOS="283" VPOS="1186" WIDTH="722" HEIGHT="49">
						<String ID="string_111" HPOS="283" VPOS="1186" WIDTH="120" HEIGHT="49" WC="0.96" CONTENT="Tegen"/><SP WIDTH="29" VPOS="1186" HPOS="403"/>
						<String ID="string_112" HPOS="432" VPOS="1187" WIDTH="62" HEIGHT="34" WC="0.92" CONTENT="den"/><SP WIDTH="34" VPOS="1187" HPOS="494"/>
						<String ID="string_113" HPOS="528" VPOS="1197" WIDTH="290" HEIGHT="26" WC="0.91" CONTENT="ZESTIENDEN"/><SP WIDTH="33" VPOS="1197" HPOS="818"/>
						<String ID="string_114" HPOS="851" VPOS="1196" WIDTH="154" HEIGHT="26" WC="0.88" CONTENT="BRIEF."/>
					</TextLine>
					<TextLine ID="line_20" HPOS="278" VPOS="1248" WIDTH="857" HEIGHT="52">
						<String ID="string_115" HPOS="278" VPOS="1250" WIDTH="71" HEIGHT="36" WC="0.77" CONTENT="Dat"/><SP WIDTH="28" VPOS="1250" HPOS="349"/>
						<String ID="string_116" HPOS="377" VPOS="1252" WIDTH="34" HEIGHT="35" WC="0.94" CONTENT="ik"/><SP WIDTH="27" VPOS="1252" HPOS="411"/>
						<String ID="string_117" HPOS="438" VPOS="1259" WIDTH="66" HEIGHT="26" WC="0.89" CONTENT="met"/><SP WIDTH="27" VPOS="1259" HPOS="504"/>
						<String ID="string_118" HPOS="531" VPOS="1260" WIDTH="75" HEIGHT="38" WC="0.94" CONTENT="vegt"/><SP WIDTH="25" VPOS="1260" HPOS="606"/>
						<String ID="string_119" HPOS="631" VPOS="1259" WIDTH="95" HEIGHT="41" WC="0.87" CONTENT="tegen"/><SP WIDTH="29" VPOS="1259" HPOS="726"/>
						<String ID="string_120" HPOS="755" VPOS="1249" WIDTH="249" HEIGHT="51" WC="0.89" CONTENT="Syflematifche"/><SP WIDTH="35" VPOS="1249" HPOS="1004"/>
						<String ID="string_121" HPOS="1039" VPOS="1248" WIDTH="104" HEIGHT="40" WC="0.81" CONTENT="denke"/>
					</TextLine>
					<TextLine ID="line_21" HPOS="157" VPOS="1313" WIDTH="498" HEIGHT="50">
						<String ID="string_122" HPOS="157" VPOS="1315" WIDTH="129" HEIGHT="36" WC="0.90" CONTENT="beelden"/><SP WIDTH="27" VPOS="1315" HPOS="286"/>
						<String ID="string_123" HPOS="313" VPOS="1314" WIDTH="158" HEIGHT="49" WC="0.88" CONTENT="fchrijve,"/><SP WIDTH="26" VPOS="1314" HPOS="471"/>
						<String ID="string_124" HPOS="497" VPOS="1313" WIDTH="51" HEIGHT="37" WC="0.93" CONTENT="bl."/><SP WIDTH="25" VPOS="1313" HPOS="548"/>
						<String ID="string_125" HPOS="573" VPOS="1327" WIDTH="82" HEIGHT="33" WC="0.1" CONTENT="24."/>
					</TextLine>
					<TextLine ID="line_22" HPOS="170" VPOS="1342" WIDTH="968" HEIGHT="84">
						<String ID="string_126" HPOS="170" VPOS="1402" WIDTH="51" HEIGHT="18" WC="0.20" CONTENT="…."/><SP WIDTH="58" VPOS="1402" HPOS="221"/>
						<String ID="string_127" HPOS="279" VPOS="1378" WIDTH="71" HEIGHT="37" WC="0.88" CONTENT="Dat"/><SP WIDTH="20" VPOS="1378" HPOS="350"/>
						<String ID="string_128" HPOS="370" VPOS="1380" WIDTH="38" HEIGHT="33" WC="0.95" CONTENT="de"/><SP WIDTH="18" VPOS="1380" HPOS="408"/>
						<String ID="string_129" HPOS="426" VPOS="1378" WIDTH="71" HEIGHT="37" WC="0.94" CONTENT="Hr."/><SP WIDTH="21" VPOS="1378" HPOS="497"/>
						<String ID="string_130" HPOS="518" VPOS="1381" WIDTH="45" HEIGHT="33" WC="0.87" CONTENT="A."/><SP WIDTH="19" VPOS="1381" HPOS="563"/>
						<String ID="string_131" HPOS="582" VPOS="1379" WIDTH="80" HEIGHT="47" WC="0.26" CONTENT="zelfs"/><SP WIDTH="28" VPOS="1379" HPOS="662"/>
						<String ID="string_132" HPOS="690" VPOS="1379" WIDTH="98" HEIGHT="44" WC="0.96" CONTENT="zijns"/><SP WIDTH="5" VPOS="1379" HPOS="788"/>
						<String ID="string_133" HPOS="793" VPOS="1376" WIDTH="146" HEIGHT="37" WC="0.96" CONTENT="ondanks"/><SP WIDTH="18" VPOS="1376" HPOS="939"/>
						<String ID="string_134" HPOS="957" VPOS="1377" WIDTH="70" HEIGHT="35" WC="0.95" CONTENT="niet"/><SP WIDTH="9" VPOS="1377" HPOS="1027"/>
						<String ID="string_135" HPOS="1036" VPOS="1342" WIDTH="102" HEIGHT="83" WC="0.88" CONTENT="beeft"/>
					</TextLine>
					<TextLine ID="line_23" HPOS="157" VPOS="1437" WIDTH="981" HEIGHT="46">
						<String ID="string_136" HPOS="157" VPOS="1443" WIDTH="133" HEIGHT="36" WC="0.96" CONTENT="kunnen"/><SP WIDTH="36" VPOS="1443" HPOS="290"/>
						<String ID="string_137" HPOS="326" VPOS="1444" WIDTH="139" HEIGHT="34" WC="0.94" CONTENT="nalaten"/><SP WIDTH="31" VPOS="1444" HPOS="465"/>
						<String ID="string_138" HPOS="496" VPOS="1452" WIDTH="33" HEIGHT="26" WC="0.96" CONTENT="te"/><SP WIDTH="30" VPOS="1452" HPOS="529"/>
						<String ID="string_139" HPOS="559" VPOS="1443" WIDTH="187" HEIGHT="40" WC="0.96" CONTENT="erkennen,"/><SP WIDTH="33" VPOS="1443" HPOS="746"/>
						<String ID="string_140" HPOS="779" VPOS="1441" WIDTH="61" HEIGHT="34" WC="0.94" CONTENT="dat"/><SP WIDTH="30" VPOS="1441" HPOS="840"/>
						<String ID="string_141" HPOS="870" VPOS="1439" WIDTH="39" HEIGHT="34" WC="0.96" CONTENT="de"/><SP WIDTH="26" VPOS="1439" HPOS="909"/>
						<String ID="string_142" HPOS="935" VPOS="1437" WIDTH="208" HEIGHT="40" WC="0.72" CONTENT="Christenen"/>
					</TextLine>
					<TextLine ID="line_24" HPOS="157" VPOS="1501" WIDTH="979" HEIGHT="53">
						<String ID="string_143" HPOS="157" VPOS="1507" WIDTH="38" HEIGHT="34" WC="0.96" CONTENT="in"/><SP WIDTH="26" VPOS="1507" HPOS="195"/>
						<String ID="string_144" HPOS="221" VPOS="1508" WIDTH="40" HEIGHT="34" WC="0.92" CONTENT="de"/><SP WIDTH="24" VPOS="1508" HPOS="261"/>
						<String ID="string_145" HPOS="285" VPOS="1505" WIDTH="219" HEIGHT="49" WC="0.70" CONTENT="Apoftolifche"/><SP WIDTH="26" VPOS="1505" HPOS="504"/>
						<String ID="string_146" HPOS="530" VPOS="1508" WIDTH="201" HEIGHT="34" WC="0.95" CONTENT="Gemeenten"/><SP WIDTH="18" VPOS="1508" HPOS="731"/>
						<String ID="string_147" HPOS="749" VPOS="1503" WIDTH="59" HEIGHT="37" WC="0.92" CONTENT="uit"/><SP WIDTH="27" VPOS="1503" HPOS="808"/>
						<String ID="string_148" HPOS="835" VPOS="1502" WIDTH="124" HEIGHT="49" WC="0.96" CONTENT="goeden"/><SP WIDTH="21" VPOS="1502" HPOS="959"/>
						<String ID="string_149" HPOS="980" VPOS="1513" WIDTH="40" HEIGHT="24" WC="0.93" CONTENT="en"/><SP WIDTH="18" VPOS="1513" HPOS="1020"/>
						<String ID="string_150" HPOS="1038" VPOS="1501" WIDTH="98" HEIGHT="39" WC="0.86" CONTENT="kwa-"/>
					</TextLine>
					<TextLine ID="line_25" HPOS="154" VPOS="1568" WIDTH="994" HEIGHT="48">
						<String ID="string_151" HPOS="154" VPOS="1570" WIDTH="64" HEIGHT="35" WC="0.93" CONTENT="den"/><SP WIDTH="27" VPOS="1570" HPOS="218"/>
						<String ID="string_152" HPOS="245" VPOS="1568" WIDTH="170" HEIGHT="48" WC="0.81" CONTENT="beftonden"/><SP WIDTH="37" VPOS="1568" HPOS="415"/>
						<String ID="string_153" HPOS="452" VPOS="1569" WIDTH="46" HEIGHT="36" WC="0.92" CONTENT="bl."/><SP WIDTH="28" VPOS="1569" HPOS="498"/>
						<String ID="string_154" HPOS="526" VPOS="1570" WIDTH="82" HEIGHT="35" WC="0.84" CONTENT="226."/><SP WIDTH="124" VPOS="1570" HPOS="608"/>
						<String ID="string_155" HPOS="732" VPOS="1580" WIDTH="82" HEIGHT="23" WC="0.0" CONTENT="E02"/><SP WIDTH="31" VPOS="1580" HPOS="814"/>
						<String ID="string_156" HPOS="845" VPOS="1569" WIDTH="91" HEIGHT="34" WC="0.11" CONTENT="Je"/><SP WIDTH="33" VPOS="1569" HPOS="936"/>
						<String ID="string_157" HPOS="969" VPOS="1580" WIDTH="179" HEIGHT="26" WC="0.27" CONTENT="Ein"/>
					</TextLine>
					<TextLine ID="line_26" HPOS="279" VPOS="1593" WIDTH="859" HEIGHT="89">
						<String ID="string_158" HPOS="279" VPOS="1633" WIDTH="70" HEIGHT="35" WC="0.88" CONTENT="Dat"/><SP WIDTH="27" VPOS="1633" HPOS="349"/>
						<String ID="string_159" HPOS="376" VPOS="1634" WIDTH="70" HEIGHT="46" WC="0.58" CONTENT="bij."/><SP WIDTH="36" VPOS="1634" HPOS="446"/>
						<String ID="string_160" HPOS="482" VPOS="1635" WIDTH="80" HEIGHT="35" WC="0.92" CONTENT="door"/><SP WIDTH="34" VPOS="1635" HPOS="562"/>
						<String ID="string_161" HPOS="596" VPOS="1634" WIDTH="28" HEIGHT="35" WC="0.53" CONTENT="&#39;t"/><SP WIDTH="27" VPOS="1634" HPOS="624"/>
						<String ID="string_162" HPOS="651" VPOS="1645" WIDTH="82" HEIGHT="37" WC="0.95" CONTENT="geen"/><SP WIDTH="24" VPOS="1645" HPOS="733"/>
						<String ID="string_163" HPOS="757" VPOS="1633" WIDTH="53" HEIGHT="46" WC="0.71" CONTENT="hij"/><SP WIDTH="28" VPOS="1633" HPOS="810"/>
						<String ID="string_164" HPOS="838" VPOS="1593" WIDTH="170" HEIGHT="89" WC="0.53" CONTENT="bewijzen"/><SP WIDTH="12" VPOS="1593" HPOS="1008"/>
						<String ID="string_165" HPOS="1020" VPOS="1597" WIDTH="26" HEIGHT="7" WC="0.81" CONTENT="»"/><SP WIDTH="-9" VPOS="1597" HPOS="1046"/>
						<String ID="string_166" HPOS="1037" VPOS="1637" WIDTH="101" HEIGHT="29" WC="0.94" CONTENT="moest"/>
					</TextLine>
					<TextLine ID="line_27" HPOS="159" VPOS="1689" WIDTH="958" HEIGHT="87">
						<String ID="string_167" HPOS="159" VPOS="1696" WIDTH="222" HEIGHT="44" WC="0.83" CONTENT="omtekeeren,"/><SP WIDTH="26" VPOS="1696" HPOS="381"/>
						<String ID="string_168" HPOS="407" VPOS="1698" WIDTH="158" HEIGHT="48" WC="0.96" CONTENT="eigenlijk"/><SP WIDTH="28" VPOS="1698" HPOS="565"/>
						<String ID="string_169" HPOS="593" VPOS="1697" WIDTH="81" HEIGHT="42" WC="0.96" CONTENT="wil,"/><SP WIDTH="28" VPOS="1697" HPOS="674"/>
						<String ID="string_170" HPOS="702" VPOS="1699" WIDTH="73" HEIGHT="33" WC="0.92" CONTENT="dat:"/><SP WIDTH="12" VPOS="1699" HPOS="775"/>
						<String ID="string_171" HPOS="787" VPOS="1696" WIDTH="39" HEIGHT="37" WC="0.94" CONTENT="ik"/><SP WIDTH="9" VPOS="1696" HPOS="826"/>
						<String ID="string_172" HPOS="835" VPOS="1704" WIDTH="100" HEIGHT="40" WC="0.96" CONTENT="tegen"/><SP WIDTH="2" VPOS="1704" HPOS="935"/>
						<String ID="string_173" HPOS="937" VPOS="1689" WIDTH="180" HEIGHT="87" WC="0.85" CONTENT="mijzelven"/>
					</TextLine>
					<TextLine ID="line_28" HPOS="157" VPOS="1760" WIDTH="948" HEIGHT="49">
						<String ID="string_174" HPOS="157" VPOS="1760" WIDTH="71" HEIGHT="37" WC="0.95" CONTENT="bad"/><SP WIDTH="21" VPOS="1760" HPOS="228"/>
						<String ID="string_175" HPOS="249" VPOS="1769" WIDTH="139" HEIGHT="28" WC="0.79" CONTENT="moeten"/><SP WIDTH="5" VPOS="1769" HPOS="388"/>
						<String ID="string_176" HPOS="393" VPOS="1761" WIDTH="184" HEIGHT="48" WC="0.32" CONTENT="bewijzen,"/><SP WIDTH="27" VPOS="1761" HPOS="577"/>
						<String ID="string_177" HPOS="604" VPOS="1763" WIDTH="47" HEIGHT="35" WC="0.94" CONTENT="bl."/><SP WIDTH="28" VPOS="1763" HPOS="651"/>
						<String ID="string_178" HPOS="679" VPOS="1763" WIDTH="84" HEIGHT="35" WC="0.89" CONTENT="228."/><SP WIDTH="339" VPOS="1763" HPOS="763"/>
						<String ID="string_179" HPOS="1102" VPOS="1773" WIDTH="47" HEIGHT="23" WC="0.0" CONTENT="ox"/>
					</TextLine>
					<TextLine ID="line_29" HPOS="277" VPOS="1824" WIDTH="873" HEIGHT="48">
						<String ID="string_180" HPOS="277" VPOS="1824" WIDTH="119" HEIGHT="48" WC="0.95" CONTENT="Tegen"/><SP WIDTH="31" VPOS="1824" HPOS="396"/>
						<String ID="string_181" HPOS="427" VPOS="1826" WIDTH="62" HEIGHT="35" WC="0.92" CONTENT="den"/><SP WIDTH="26" VPOS="1826" HPOS="489"/>
						<String ID="string_182" HPOS="515" VPOS="1835" WIDTH="365" HEIGHT="28" WC="0.90" CONTENT="ZEVENTIENDEN"/><SP WIDTH="36" VPOS="1835" HPOS="880"/>
						<String ID="string_183" HPOS="916" VPOS="1835" WIDTH="132" HEIGHT="26" WC="0.94" CONTENT="BRIEF"/><SP WIDTH="32" VPOS="1835" HPOS="1048"/>
						<String ID="string_184" HPOS="1080" VPOS="1824" WIDTH="70" HEIGHT="36" WC="0.57" CONTENT="bee:"/>
					</TextLine>
					<TextLine ID="line_30" HPOS="159" VPOS="1887" WIDTH="975" HEIGHT="50">
						<String ID="string_185" HPOS="159" VPOS="1887" WIDTH="80" HEIGHT="47" WC="0.96" CONTENT="wijs"/><SP WIDTH="30" VPOS="1887" HPOS="239"/>
						<String ID="string_186" HPOS="269" VPOS="1888" WIDTH="56" HEIGHT="42" WC="0.94" CONTENT="ik,"/><SP WIDTH="26" VPOS="1888" HPOS="325"/>
						<String ID="string_187" HPOS="351" VPOS="1890" WIDTH="63" HEIGHT="34" WC="0.92" CONTENT="dat"/><SP WIDTH="25" VPOS="1890" HPOS="414"/>
						<String ID="string_188" HPOS="439" VPOS="1891" WIDTH="39" HEIGHT="34" WC="0.95" CONTENT="de"/><SP WIDTH="29" VPOS="1891" HPOS="478"/>
						<String ID="string_189" HPOS="507" VPOS="1890" WIDTH="69" HEIGHT="35" WC="0.84" CONTENT="Hr."/><SP WIDTH="26" VPOS="1890" HPOS="576"/>
						<String ID="string_190" HPOS="602" VPOS="1891" WIDTH="45" HEIGHT="36" WC="0.83" CONTENT="A."/><SP WIDTH="25" VPOS="1891" HPOS="647"/>
						<String ID="string_191" HPOS="672" VPOS="1899" WIDTH="70" HEIGHT="29" WC="0.94" CONTENT="met"/><SP WIDTH="18" VPOS="1899" HPOS="742"/>
						<String ID="string_192" HPOS="760" VPOS="1890" WIDTH="66" HEIGHT="36" WC="0.85" CONTENT="bet"/><SP WIDTH="15" VPOS="1890" HPOS="826"/>
						<String ID="string_193" HPOS="841" VPOS="1901" WIDTH="90" HEIGHT="36" WC="0.94" CONTENT="geen"/><SP WIDTH="20" VPOS="1901" HPOS="931"/>
						<String ID="string_194" HPOS="951" VPOS="1887" WIDTH="34" HEIGHT="36" WC="0.95" CONTENT="ik"/><SP WIDTH="18" VPOS="1887" HPOS="985"/>
						<String ID="string_195" HPOS="1003" VPOS="1897" WIDTH="72" HEIGHT="26" WC="0.95" CONTENT="van"/><SP WIDTH="19" VPOS="1897" HPOS="1075"/>
						<String ID="string_196" HPOS="1094" VPOS="1887" WIDTH="40" HEIGHT="35" WC="0.96" CONTENT="de"/>
					</TextLine>
					<TextLine ID="line_31" HPOS="157" VPOS="1950" WIDTH="995" HEIGHT="51">
						<String ID="string_197" HPOS="157" VPOS="1950" WIDTH="195" HEIGHT="38" WC="0.58" CONTENT="Eertisulen"/><SP WIDTH="31" VPOS="1950" HPOS="352"/>
						<String ID="string_198" HPOS="383" VPOS="1951" WIDTH="44" HEIGHT="48" WC="0.95" CONTENT="of"/><SP WIDTH="7" VPOS="1951" HPOS="427"/>
						<String ID="string_199" HPOS="434" VPOS="1952" WIDTH="186" HEIGHT="46" WC="0.95" CONTENT="Bijnamen"/><SP WIDTH="28" VPOS="1952" HPOS="620"/>
						<String ID="string_200" HPOS="648" VPOS="1965" WIDTH="119" HEIGHT="36" WC="0.78" CONTENT="zegge,"/><SP WIDTH="36" VPOS="1965" HPOS="767"/>
						<String ID="string_201" HPOS="803" VPOS="1951" WIDTH="129" HEIGHT="37" WC="0.96" CONTENT="welken"/><SP WIDTH="27" VPOS="1951" HPOS="932"/>
						<String ID="string_202" HPOS="959" VPOS="1952" WIDTH="40" HEIGHT="35" WC="0.90" CONTENT="de"/><SP WIDTH="26" VPOS="1952" HPOS="999"/>
						<String ID="string_203" HPOS="1025" VPOS="1950" WIDTH="127" HEIGHT="47" WC="0.31" CONTENT="Apos-&gt;"/>
					</TextLine>
					<TextLine ID="line_32" HPOS="162" VPOS="2015" WIDTH="993" HEIGHT="49">
						<String ID="string_204" HPOS="162" VPOS="2015" WIDTH="85" HEIGHT="35" WC="0.94" CONTENT="telen"/><SP WIDTH="26" VPOS="2015" HPOS="247"/>
						<String ID="string_205" HPOS="273" VPOS="2025" WIDTH="72" HEIGHT="26" WC="0.94" CONTENT="aan"/><SP WIDTH="32" VPOS="2025" HPOS="345"/>
						<String ID="string_206" HPOS="377" VPOS="2015" WIDTH="115" HEIGHT="38" WC="0.51" CONTENT="hunne"/><SP WIDTH="20" VPOS="2015" HPOS="492"/>
						<String ID="string_207" HPOS="512" VPOS="2016" WIDTH="194" HEIGHT="37" WC="0.91" CONTENT="Gemeinten"/><SP WIDTH="14" VPOS="2016" HPOS="706"/>
						<String ID="string_208" HPOS="720" VPOS="2026" WIDTH="133" HEIGHT="38" WC="0.95" CONTENT="gaven,"/><SP WIDTH="26" VPOS="2026" HPOS="853"/>
						<String ID="string_209" HPOS="879" VPOS="2018" WIDTH="165" HEIGHT="37" WC="0.94" CONTENT="wederom"/><SP WIDTH="20" VPOS="2018" HPOS="1044"/>
						<String ID="string_210" HPOS="1064" VPOS="2016" WIDTH="91" HEIGHT="38" WC="0.85" CONTENT="niet,"/>
					</TextLine>
					<TextLine ID="line_33" HPOS="1067" VPOS="2087" WIDTH="72" HEIGHT="27">
						<String ID="string_211" HPOS="1067" VPOS="2087" WIDTH="72" HEIGHT="27" WC="0.63" CONTENT="oor-"/>
					</TextLine>
				</TextBlock>
				<TextBlock ID="block_7" HPOS="173" VPOS="2096" WIDTH="58" HEIGHT="21">
					<TextLine ID="line_34" HPOS="173" VPOS="2096" WIDTH="58" HEIGHT="21">
						<String ID="string_212" HPOS="173" VPOS="2102" WIDTH="18" HEIGHT="14" WC="0.28" CONTENT="&gt;"/><SP WIDTH="7" VPOS="2102" HPOS="191"/>
						<String ID="string_213" HPOS="198" VPOS="2096" WIDTH="33" HEIGHT="21" WC="0.26" CONTENT="ks"/>
					</TextLine>
				</TextBlock>
				<TextBlock ID="block_8" HPOS="0" VPOS="2088" WIDTH="1486" HEIGHT="605">
					<TextLine ID="line_35" HPOS="0" VPOS="2088" WIDTH="1486" HEIGHT="605">
						<String ID="string_214" HPOS="0" VPOS="2088" WIDTH="1486" HEIGHT="605" WC="0.95" CONTENT="  "/>
					</TextLine>
				</TextBlock>
			</PrintSpace>
		</Page>
	</Layout>
</alto>
