1466 2689
304 264 968 297 VERANTWOORDING.

1085 261 1129 300 I9

154 361 257 396 I720.
285 349 337 382 dat
365 358 448 383 voor
474 359 563 382 meer
594 348 653 382 dan
682 358 726 392 34
749 347 859 390 jaren,
886 346 907 390 (
917 344 941 379 't
950 342 1036 379 welk
1060 341 1120 377 dus

149 408 294 435 omtrent
313 399 370 431 het
386 398 451 442 jaar
477 398 580 443 I676.
612 397 659 431 zal
679 405 824 443 geweest
844 395 906 440 zijn
921 394 939 437 )
966 403 1026 427 een
1046 402 1121 425 zeer

147 450 261 494 ijverig
286 458 324 481 en
355 448 509 493 godzalig
535 447 674 481 Leeraar
702 448 756 491 zig
775 455 853 478 eens
875 441 1118 486 bemoedigde,

146 509 203 532 om
225 498 308 542 zijne
327 496 495 541 hartelijke
512 497 662 542 klagten,
687 505 816 538 nopens
837 494 892 527 het
921 490 1032 526 verval
1053 501 1115 524 van

145 546 167 580 't
185 545 452 591 hedendaagche
482 545 738 584 Christendom,
767 545 800 577 in
829 543 892 577 den
919 541 1037 575 choot
1059 539 1117 573 der

136 1096 185 1120 ter
208 1086 412 1130 voldoening
432 1085 499 1118 dier
520 1094 618 1129 vrage
641 1092 671 1115 te
693 1091 902 1125 ontwerpen.

143 606 229 629 twee
262 595 484 642 gebroeders,
527 606 657 629 HERM.
693 604 733 626 en
771 603 902 627 GERH.
942 599 1115 633 MEIJER,

140 645 335 691 beklaaglijk
362 645 639 678 uitteboezemen.
678 642 793 677 Onder
811 640 950 675 anderen
970 637 1116 685 geliefde

140 694 164 728 't
186 695 283 736 hem,
310 694 392 738 zijne
417 693 606 737 wezenlijke
638 687 945 736 bekommernisen,
985 698 1114 731 nopens

138 744 178 778 de
199 752 276 789 egte
296 743 534 786 onderwerpen
560 743 616 775 des
638 740 681 775 H.
702 741 824 784 Doops
845 740 876 772 in
899 738 939 772 de
965 736 1115 783 gerefor

138 793 270 827 meerde
299 792 411 832 Kerk,
440 793 507 825 hun
536 791 634 825 E.E.
657 801 741 824 voor
759 800 790 823 te
811 789 952 835 dragen,
978 798 1018 820 en
1045 786 1113 819 hun

138 842 274 876 oordeel
304 843 542 880 daaromtrent,
568 849 619 874 ter
649 840 764 884 zijner
792 838 996 882 ontlasting,
1032 834 1114 869 wel

138 892 300 925 meenend
321 901 350 924 te
368 891 540 924 vorderen.
568 889 622 923 Na
644 888 697 921 dat
716 899 790 922 men
804 888 827 921 't
838 886 1007 932 vraaguk
1021 894 1116 918 mon

137 941 259 985 deling
273 939 516 978 beredeneerd,
545 949 584 971 en
607 948 687 971 over
709 937 747 970 de
771 936 918 982 gevallen
938 933 1115 979 onderling

135 989 375 1034 geraadpleegd
387 988 468 1027 had,
495 998 558 1020 zoo
572 997 644 1019 nam
659 985 697 1017 de
708 984 986 1030 laatstgenoemde
1000 981 1113 1023 Heer,

482 1035 543 1068 den
565 1034 625 1068 last
646 1033 796 1079 gewillig
817 1043 861 1076 op
881 1033 953 1077 zig,
971 1042 1027 1064 om
1048 1031 1112 1064 iets
288 1046 460 1079 MEIJER,
134 1048 259 1071 GERH.

183 1145 430 1171 GENOEMDE
461 1134 550 1167 Heer
576 1132 667 1166 heeft
688 1132 733 1165 dit
751 1131 947 1176 vervolgens
965 1128 1109 1175 gedaan,

134 1196 175 1222 en
200 1185 260 1228 zijn
288 1184 387 1217 eere
409 1193 560 1226 ontwerp
582 1180 771 1215 naderhand
789 1190 838 1214 tot
858 1191 918 1213 een
940 1178 1111 1212 boeksken

133 1234 310 1272 voltooid,
338 1233 362 1266 't
375 1233 483 1274 welk,
504 1243 544 1265 na
563 1233 677 1277 eenige
694 1232 805 1275 jaren,
830 1231 862 1265 in
884 1226 1108 1268 handchrift,

132 1285 218 1318 rond
238 1282 432 1329 gewandeld
452 1291 486 1316 te
502 1282 656 1321 hebben,
673 1279 829 1325 eindelijk
845 1280 1011 1325 gekomen
1031 1277 1057 1310 is
1076 1277 1111 1310 in

120 2024 284 2071 geloovige
312 2022 446 2057 Ouders.

131 1333 258 1367 handen
290 1343 352 1366 van
381 1332 442 1364 den
472 1330 531 1364 Hr.
559 1330 782 1369 Kelderman,
817 1328 870 1361 die
897 1336 964 1360 met
992 1325 1111 1371 derge

129 1383 207 1426 lijke
232 1380 618 1429 gemoedszwarigheden
658 1376 895 1416 worelende,
932 1376 1008 1408 daar
1035 1384 1108 1406 me

128 1432 168 1467 de,
213 1433 282 1467 niet
319 1430 423 1463 alleen
457 1439 531 1462 zeer
567 1430 598 1461 in
627 1427 732 1470 zijnen
770 1425 862 1458 chik
902 1434 989 1464 was,
1018 1431 1108 1456 maar

128 1482 185 1514 het
207 1481 296 1519 ook,
324 1490 363 1514 na
380 1480 467 1523 jaren
492 1489 532 1511 en
555 1477 657 1522 dagen
679 1486 736 1508 om
759 1484 839 1507 eene
858 1471 1108 1519 Theologiche

129 1530 359 1575 goedkeuring
377 1538 436 1560 van
456 1528 495 1559 de
517 1525 739 1560 Utrechtche
755 1523 920 1557 Faculteit
933 1521 1105 1567 gebeden,

127 1590 168 1611 en
200 1577 331 1611 dezelve
361 1576 516 1619 eindelijk
545 1576 710 1609 bekomen
732 1583 763 1606 te
797 1573 952 1612 hebben,
981 1572 1014 1604 in
1042 1570 1107 1604 den

124 1629 191 1672 jare
230 1638 320 1673 I720
360 1626 443 1660 door
474 1625 535 1658 den
555 1624 639 1659 druk
658 1622 750 1657 heeft
768 1632 908 1668 gemeen
927 1619 1107 1667 gemaakt,

128 1687 197 1711 met
220 1676 487 1721 meenigvuldige
507 1674 786 1718 aanteekeningen
809 1682 869 1704 van
892 1671 977 1715 zijne
996 1668 1106 1710 hand,

129 1737 170 1760 en
191 1737 271 1760 eene
293 1736 366 1759 zeer
385 1725 576 1770 uitvoerige
590 1734 629 1757 en
656 1720 899 1768 gemoedelijke
927 1717 1104 1762 aanpraak

126 1787 182 1809 aan
204 1777 243 1810 de
263 1775 420 1810 Leeraars
445 1785 505 1808 van
534 1772 719 1807 Neerlands
746 1770 858 1811 Kerk,
887 1780 972 1804 waar
1000 1770 1032 1802 in
1056 1767 1106 1812 hij

126 1827 210 1859 erk
238 1825 407 1871 aandringt
426 1835 470 1867 op
491 1834 570 1857 eene
594 1822 782 1856 reformatie
809 1821 838 1852 in
862 1821 918 1853 het
939 1818 1103 1854 bedienen

127 1886 186 1907 van
208 1875 267 1908 den
290 1873 529 1916 Kinderdoop,
556 1873 642 1907 door
661 1872 757 1911 dien,
786 1879 852 1901 met
872 1869 911 1901 de
928 1867 1030 1904 daad,
1057 1865 1105 1899 al

125 1924 194 1957 leen
210 1934 240 1957 te
263 1924 420 1966 bepalen,
440 1923 576 1968 volgens
598 1921 641 1955 of
1006 1917 1099 1957 leer,
952 1917 991 1952 de
656 1918 940 1964 overeenkomig

127 1974 178 2007 die
202 1974 244 2016 hij
265 1972 309 2006 als
330 1983 414 2005 waar
436 1971 661 2011 onderelde,
682 1979 732 2004 tot
753 1967 907 2004 kinderen
928 1978 989 2001 van
1008 1975 1103 2001 ware

575 2068 601 2102 B
629 2081 646 2102 2

1045 2073 1107 2097 IN
