1600 2718
418 321 48 37 52
636 312 528 47 PHILADELPHUSs

423 412 61 25 van
509 403 34 34 in
571 404 124 46 mijnen
713 407 102 36 JVden
841 409 90 47 brief
942 411 125 46 gedaan
1086 414 86 43 heb,
1196 413 73 37 niet
1280 415 114 43 aldus:

420 451 117 36 Fndien
555 453 70 45 zij,
652 455 51 35 die
721 458 51 34 uit
788 458 38 34 de
836 458 78 37 Wet
933 460 91 45 zijn,
1045 462 231 49 Erfgenamen
1295 466 95 46 zijn,

422 511 58 25 zoo
503 502 27 34 is
556 501 27 35 *t
607 504 117 47 geloof
740 508 201 47 vernietigd,
976 521 41 24 en
1045 520 54 25 De
1137 523 200 26 BELOFTE
1363 515 31 36 is

417 548 197 49 afgefchafi.
641 572 45 7 —
709 554 158 38 Daarom
905 552 87 51 [zijn
1021 560 41 44 zij
1094 558 55 51 *]
1174 559 51 39 die
1252 563 53 36 vit
1333 565 62 34 den

416 599 127 46 geloove
571 601 92 44 zijn,
700 610 38 38 op
764 605 59 35 dat
851 605 110 49 [het]
999 619 92 25 paar
1117 613 128 43 genade
1272 610 121 50 [zij],

415 654 56 28 ten
498 649 96 35 einde
627 662 53 23 De
715 663 201 26 BELOFTE
948 666 72 26 vast
1047 655 50 46 zij
1124 670 71 24 aan
1222 660 56 36 het
1303 660 89 53 gan-

404 693 87 50 fché
513 699 103 35 zaad.
645 710 72 25 enz.
743 701 85 35 Men
863 704 61 34 kan
962 705 190 36 denzelfden
1189 709 205 44 fpreektrant

411 745 94 43 zien,
532 746 98 36 Rom.
651 748 68 36 LX.
746 752 98 43 4,8.
873 753 76 35 Gal.
969 753 64 37 III
1066 758 65 39 16,
1164 768 54 37 17.
1238 769 40 24 en
1302 759 89 47 Eph.

410 793 51 36 JL.
494 805 54 25 12.
582 797 33 33 in
656 798 107 36 welke
797 800 109 36 laatfte
938 803 105 44 plaats
1076 804 83 37 zelfs
1198 817 61 25 van
1287 817 106 26 ver“

409 852 186 32 BONDEN
622 855 74 27 DER
722 859 199 26 BELOFTE
946 853 185 45 gefproken
1154 857 127 42 wordt,
1309 866 83 26 zon-

409 892 60 34 der
499 893 54 34 dat
578 904 54 32 er,
667 897 98 44 mijns
790 898 176 44 oordeels,
999 903 114 46 eenige
1142 906 128 35 andere
1298 906 91 35 zaak

406 940 87 36 door
518 942 64 34 kan
610 944 142 35 verftaan
783 947 158 43 worden,
968 950 62 34 dan
1061 952 52 33 die
1141 951 107 37 elders
1284 955 35 33 in
1347 954 43 34 de

406 988 47 36 H.
488 990 36 37 S,
555 989 195 52 eenvoüdig
779 995 85 36 Gods
903 998 172 44 Verbond,
1110 1001 59 40 of,
1214 1003 103 45 gelijk
1353 1005 35 32 in

405 1039 43 33 de
474 1041 220 46 aangehaalde
720 1053 43 24 en
792 1045 118 35 andere
936 1045 144 46 plaacfen
1108 1048 117 47 blijkt,
1253 1052 40 41 de
1320 1051 70 35 Be-

405 1086 80 48 bofte
523 1091 169 45 genoemd
728 1093 120 35 wordt.
897 1095 80 36 Zoo
1008 1098 26 33 is
1070 1097 61 34 dan
1167 1099 79 46 mijn
1285 1099 98 48 geval

404 1137 71 35 ook
503 1138 58 35 het
590 1139 96 47 geval
710 1141 59 35 der
796 1141 135 49 Heilige
963 1144 189 37 Schriften!

453 1197 96 26 TEN
583 1199 239 26 ANDEREN:
850 1191 57 35 De
951 1194 59 34 Hr.
1049 1195 150 46 A.:zegt
1238 1197 43 35 Dl.
1327 1209 56 24 zo.

400 1258 24 20 »
451 1234 41 36 Ik
520 1237 64 34 kan
609 1239 68 33 niet
701 1239 105 45 gisfen
835 1252 88 23 waar
952 1253 58 24 aan
1038 1244 57 34 het
1128 1245 254 45 toetefchrijven

400 1308 27 18 »
454 1286 48 41 is,
529 1286 56 34 dat
613 1287 66 34 het
696 1282 155 62 Genade-
864 1282 156 62 Verbond
1034 1304 46 34 op
1102 1292 41 35 de
1174 1304 82 25 eene
1275 1295 106 45 plaats

399 1356 25 19 »
450 1333 85 47 door
570 1345 22 24 u
627 1334 167 47 genoemd
824 1340 109 35 wordt
969 1341 88 35 Gods
1085 1345 297 45 voorwaardelijke

398 1406 25 19 »
452 1380 135 48 belofte,
614 1394 41 24 en
686 1396 44 34 op
760 1385 41 34 de
827 1388 119 36 andere
982 1389 105 45 plaats
1120 1391 156 47 duidelijk
1306 1404 74 25 vere

399 1454 27 19 s
453 1430 112 36 klaard
592 1434 129 41 wordt,
747 1434 55 35 dat
829 1437 57 34 het
920 1438 162 36 Verbond
1110 1440 120 35 beftaat
1259 1443 32 33 in
1320 1443 60 35 het

397 1504 27 19 s»
449 1481 273 42 voorwaardelijk
751 1485 143 40 voorftel
915 1487 116 44 Gods,
1059 1488 28 36 ’t
1106 1489 82 35 welk
1215 1491 78 35 door
1316 1492 65 35 den

397 1552 28 19 2»
450 1529 134 35 Mensch
611 1541 225 36 aangenomen
870 1538 119 33 wordt.
1052 1538 270 36 _Ondertusfchen
1348 1542 30 34 is

398 1601 28 19 »»
452 1576 49 35 dit
524 1578 122 43 zeker,
672 1579 54 34 dat
762 1591 75 25 men
867 1583 58 35 het
953 1585 160 36 Verbond
1141 1587 32 33 in
1258 1589 122 46 geheel

397 1650 28 19 »
449 1627 71 33 iet
548 1637 145 25 noemen
721 1630 85 41 kan,
840 1631 88 36 Gods
962 1635 291 46 voorwaardelijke
1278 1637 103 48 belof=

396 1700 28 19 »»
449 1684 53 34 tes
526 1686 90 25 want
646 1676 49 36 dit
724 1678 27 34 is
774 1689 85 37 geen
888 1682 197 36 Verbond.”

447 1723 41 36 Ik
513 1724 87 36 denk
626 1728 70 34 niet
717 1727 55 35 dac
797 1728 41 35 de
858 1728 61 38 Hr.
941 1731 45 36 A,
1014 1733 57 45 mij
1097 1734 48 35 zal
1174 1735 200 44 betwisten,

394 1772 58 36 dat
472 1784 82 27 men
583 1775 99 36 Gods
711 1775 180 46 Verbond,
917 1791 67 24 zoo
1011 1781 58 36 het
1093 1785 40 33 de
1158 1783 132 48 Belofte
1313 1795 62 36 ge-

395 1823 127 35 noemd
547 1823 62 36 kan
648 1825 158 44 worden,
841 1829 72 34 ook
950 1829 97 37 Gods
1080 1834 291 45 voorwaardelijke

391 1871 126 47 Belofie
543 1884 144 25 noemen
714 1875 86 41 kan,
835 1888 58 24 om
919 1878 76 35 daar
1032 1880 86 36 door
1152 1893 58 24 aan
1239 1892 34 25 te
1301 1884 73 34 dui-

393 1920 66 35 den
492 1921 42 34 de
568 1923 236 36 voorwaarden
841 1937 61 23 van
938 1928 124 46 geloof
1083 1941 41 23 en
1163 1932 204 45 bekeering,

392 1969 57 35 die
474 1980 62 24 aan
563 1971 97 36 Gods
699 1973 147 36 beloften
881 1987 62 23 van
973 1979 128 45 genade
1132 1990 42 24 en
1186 1975 181 54 zaligheid

390 2019 126 46 gehegt
542 2020 85 45 zijn:
659 2021 97 36 Maar
782 2023 55 35 dat
865 2035 47 24 nu
943 2026 96 36 Gods
1068 2028 161 35 Verbond
1257 2039 106 25 waar-

389 2067 61 47 lijk
474 2069 39 36 de
536 2068 126 49 Belofie
695 2074 172 46 genoemd
899 2073 68 38 kan
992 2076 163 46 worden,
1189 2077 100 51 blijkt
1301 2071 63 95 gie

1323 2137 44 26 en
