1614 2716
638 285 534 38 PHILADELDMHVS

495 381 50 36 M
558 381 185 27 ANNEEE
762 384 46 35 op
823 375 201 45 ingenomen
1044 377 351 47 præadvijs
1225 370 74 58 van
1298 370 68 58 Hee
1370 370 30 58 -

421 432 104 35 „ren
548 421 285 36 Commisſorisſen
860 423 168 48 Politicd:
1050 427 67 34 Dat
1144 438 85 36 geen
1252 430 145 43 particu-

422 472 111 44 „lier
552 471 194 41 Predikant,
771 472 228 43 Rerkenraad.
1023 475 119 35 Clasſis
1168 477 44 34 of
1237 479 159 43 Synode,

422 529 141 38 „magt
588 519 65 36 had
677 522 119 46 eenige
821 523 217 48 verandering
1055 525 75 35 daar
1149 527 32 33 in
1202 536 33 25 te
1255 527 141 37 maken.

422 569 94 46 „of
540 570 60 34 lets
627 569 74 36 daar
722 571 34 33 in
783 580 32 24 te
848 572 201 44 ampliren,
1084 575 244 47 distingueren,
1364 574 43 37 of

424 619 266 45 „Excipieren,
717 630 88 24 maar
830 621 45 44 bij
901 622 40 34 de
969 622 95 35 letter
1084 635 60 23 van
1165 625 40 33 de
1225 625 175 35 formulie-

423 678 113 34 „ren
561 668 77 45 ſtipt
664 678 107 26 moest
799 669 141 45 blijven;
967 674 157 33 overmits
1152 675 68 33 niet
1238 674 105 35 alleen
1368 677 35 32 in

476 717 42 34 de
536 717 79 45 Syn.
643 717 80 36 Nat.
755 719 106 45 1619.
888 731 88 24 maar
999 722 68 33 ook
1085 723 46 44 bij
1149 723 40 33 de
1211 724 191 34 Gemeene-

426 766 267 44 „landsmetten
715 778 65 24 van
796 768 42 34 de
857 770 323 45 geconfoedereerde
1201 771 201 36 Provinciõn

426 817 146 42 „IG20
611 817 92 34 zulks
729 828 67 23 was
823 827 249 35 aangenomen,
1099 831 41 24 en
1161 821 45 34 als
1231 831 61 25 een
1312 831 92 25 vaste

426 875 90 33 „en
533 866 285 45 onverbrekelijte
839 877 65 25 wet
931 869 213 46 vastgeſteld;
1173 870 154 35 zullende
1356 881 50 23 te-

425 924 115 36 „gen
568 914 41 33 de
633 916 250 44 transgresſeurs
912 916 75 35 daar
1012 918 31 33 in
1064 929 76 23 naar
1158 910 155 55 Rerken-
1323 919 83 35 orde

424 963 186 44 „Kunnen
638 963 250 46 geprocedeerd
914 966 175 34 worden.“

475 1022 135 32 Aoo
639 1013 26 33 is
703 1012 42 40 't,
783 1012 54 34 dat
872 1013 80 34 dezxe
989 1016 84 33 Chr.
1107 1016 155 45 Synodus
1291 1019 34 33 in
1357 1017 50 36 dit

426 1073 26 31 3,.
478 1060 168 47 hoogwijs
684 1061 171 44 prœæadvijs
895 1073 67 25 z00
1000 1074 100 35 groot
1136 1076 60 24 een
1228 1077 177 37 genoegen

425 1110 164 42 „vond,
617 1112 53 31 dat
692 1120 68 24 met
781 1112 234 45 cenparigheid
1033 1115 229 44 gereſolveerd
1290 1116 114 43 heëft,

427 1158 126 44 daar
581 1159 46 44 bij
647 1159 46 34 als
717 1168 61 24 een
802 1160 169 34 conſtante
1000 1172 67 24 wèt
1087 1172 32 25 te
1138 1164 218 45 verblijven.

478 1218 86 24 vAN
591 1208 48 33 dit
664 1208 126 35 Beſluit
809 1209 62 47 gaf
885 1209 41 34 de
945 1210 270 46 Correſpondens
1242 1214 58 34 der
1322 1213 85 36 Gel-

429 1256 138 35 derſche
588 1257 158 44 Synode,
773 1258 123 34 inden
923 1259 69 44 jare
1025 1271 101 36 123.
1153 1262 114 36 kennis
1283 1274 58 23 aan
1363 1263 42 34 de

429 1306 136 44 Synode
593 1316 62 24 van
687 1305 167 42 Utrecht,
892 1307 73 35 daar
993 1308 57 36 het
1079 1320 77 25 tõen
1193 1313 51 33 ad
1275 1312 133 36 Notom

429 1355 93 34 werd
550 1365 192 36 genomen,
768 1366 39 23 en
827 1358 34 32 in
881 1357 25 32 't
925 1358 150 46 volgend
1096 1360 68 45 jaar
1184 1370 104 36 1724.
1315 1360 93 36 werd

427 1403 123 44 daarop
588 1404 164 34 beſloten:
797 1405 121 41 „Dat
954 1406 47 35 D.
1039 1408 48 34 D.
1121 1410 160 45 Deputati
1313 1410 96 36 Clas-

424 1452 156 44 „ſium,
600 1452 33 33 in
652 1452 206 42 viſitatione,
885 1465 58 23 aan
963 1456 63 34 alle
1047 1457 253 44 Rerkenraden,
1326 1470 83 24 zon-

480 1501 58 33 der
565 1500 238 49 onderſcheid,
838 1513 136 25 moeren
1002 1517 145 34 vragen,
1180 1507 43 36 of
1247 1508 38 34 de
1323 1508 84 35 For-

479 1549 181 42 nmulieren,
695 1550 235 35 inzonderheid
966 1553 56 35 des
1048 1555 123 45 Boops
1196 1567 41 24 en
1269 1557 139 35 Avond-

432 1598 175 44 „maals,
625 1608 49 23 en
702 1609 70 36 nog
804 1600 284 48 bijzonderlijber,
1115 1604 45 35 of
1182 1605 40 33 de
1248 1606 71 33 drie
1339 1617 71 23 vra-

430 1658 114 36 »gen
572 1649 33 32 in
631 1647 58 34 het
718 1648 174 34 formulier
914 1650 56 35 des
993 1652 43 35 H.
1064 1653 144 46 Doops,
1234 1655 178 34 volkome-

432 1697 109 43 lib
572 1707 40 23 en
646 1697 125 34 zonder
805 1699 219 48 verandering
1059 1704 138 33 worden
1242 1703 166 46 gelezen?

431 1745 128 44 Ten
580 1745 95 35 einde
697 1746 74 34 daar
788 1758 86 31 van,
901 1749 44 45 bij
967 1750 127 47 Hagte,
1122 1752 43 34 of
1179 1753 231 46 tegèndeelige

479 1795 178 46 bevinding
683 1806 65 24 zou
768 1796 134 35 Runnen
932 1798 142 45 blijken,
1100 1811 40 24 en
1169 1802 106 44 opide
1295 1803 117 34 Chris-

431 1843 163 44 telijbe
628 1844 135 45 Synode
798 1856 60 23 van
888 1847 58 46 tijd
980 1857 50 27 tot
1059 1849 59 46 tijd
1153 1849 293 48 gerapporteerd

433 1894 192 41 vorden
667 1894 40 34 de
734 1896 268 48 getrouwigheid
1030 1909 43 24 en
1107 1901 234 48 opregtigheid
1372 1901 36 34 in

429 1941 191 44 „„dezen.“

491 2002 54 25 DE
579 1989 67 46 Hx
681 1991 197 37 EKelderman
912 1995 33 33 in
980 1995 25 35 't
1039 1998 69 44 jaer
1148 2008 103 36 1725.
1285 2009 46 35 op
1365 1999 43 35 de

433 2038 220 39 Utrechtſehe
682 2040 133 48 Synode
845 2043 252 48 preſiderende,
1134 2047 89 38 vond
1246 2050 55 45 eig
1329 2048 73 35 des-

1283 2107 119 41 wegen
