1572 2708
1107 225 15 13 %

367 239 86 50 a
621 248 534 51 PHILADELPHUS

400 356 26 22 s
454 336 58 39 het
536 349 152 36 geweren
712 344 106 46 zijner
842 344 164 41 Leeraren
1035 352 31 43 in
1095 353 41 34 de
1162 363 212 39 tegenwoore

398 406 34 21 ».
451 386 135 48 digheid
616 390 116 46 Gods!
759 396 72 33 Aan
853 396 90 43 hun,
978 400 78 36 Wel
1077 402 113 37 Eerw.
1216 403 157 49 Heeren;

396 455 26 22 s
447 436 28 34 is
509 445 53 33 ten
602 441 198 42 overvloede
835 446 160 45 bekend,
1041 450 54 37 dat
1118 454 42 45 in
1195 454 63 35 den
1287 454 84 48 loop

395 505 26 20 s
448 494 61 26 van
540 487 112 37 hunne
688 492 174 49 bediening
898 496 68 48 hun
1006 499 63 45 zijn
1115 505 254 45 voorgekomen

393 556 25 20 »
443 536 68 33 Min
551 537 44 37 of
624 550 90 25 meer
747 542 205 46 ledematen,
998 559 41 25 en
1077 561 65 25 van
1180 553 57 37 het
1275 556 95 38 beste

387 605 31 19 >,
445 583 110 43 foort,
583 587 51 35 die
666 590 31 33 in
725 591 40 34 de
791 592 86 43 leer,
914 596 108 35 welke
1059 610 75 25 men
1165 613 85 27 voor
1275 602 95 38 Fon-

389 656 24 21 p
442 631 184 42 damenteel
656 640 58 35 wil
741 641 85 38 doen
855 643 166 49 doorgaan
1053 647 74 47 [dät
1156 652 27 32 is
1203 651 71 35 hier
1294 654 74 34 vol-

387 704 27 20 »
440 692 82 35 gens
550 685 56 36 het
634 691 163 45 oogmerk
828 692 41 34 de
902 693 89 46 Leer
1023 695 57 44 des
1108 698 257 53 Kinderdoops]

387 751 25 22 »
438 733 69 33 min
536 734 44 43 of
600 746 91 26 meer
718 742 202 46 zwarigheid
954 746 133 35 vinden.
1138 748 116 39 Indien
1293 752 92 43 hun-

383 804 26 22 »
436 780 113 37 Eerw.
578 785 134 40 kunnen
731 790 235 45 goedvinden,
988 806 56 23 om
1063 807 61 23 van
1148 798 80 36 deze
1249 800 116 36 hunne
1523 806 2 24 i

383 828 25 44 »
436 831 240 51 ondervinding
709 849 64 24 een
807 836 195 58 openhartig
1037 846 123 48 verflag
1192 858 33 29 te
1252 849 110 42 doen,

382 903 25 18 »
434 879 61 43 dan
533 883 48 33 zal
620 884 57 38 het
717 898 58 28 aan
831 888 36 42 U
911 892 95 39 Wel-
1046 893 115 48 Eerw.
1215 898 147 49 blijken,

379 949 25 20 »
433 929 54 33 dat
551 931 59 41 het
668 945 196 37 voorgeven
925 951 63 30 wan
1052 944 64 39 den
1175 945 186 46 Appellant

377 998 26 21 »
428 988 76 25 Zeer
529 983 154 45 gegrond
712 985 37 46 is.
801 985 85 49 Dog
916 990 33 46 in
975 992 130 44 gevalle
1135 994 68 47 hun
1240 996 120 45 Eerw.

375 1044 26 25 ss
428 1028 33 33 in
496 1028 58 36 het
590 1042 108 34 geven
732 1045 60 24 van
832 1038 166 47 zoodanig
1031 1043 189 47 getuigenis
1258 1041 102 51 mog

373 1095 26 23 »
428 1086 54 25 ten
508 1080 159 36 aarfelen
688 1094 16 30 ;
761 1083 115 42 Indien
910 1087 100 43 zeker
1043 1093 202 47 eerwaardig
1286 1094 70 36 Lid

371 1125 111 42 »des
517 1126 228 43 Kerkenraads
781 1134 69 43 niet
881 1146 96 37 mogt
1012 1140 232 44 goedvinden,
1294 1140 59 41 om

368 1197 32 19 »
421 1179 187 44 getuigenis
628 1190 32 24 te
690 1188 131 40 geven,
849 1184 66 35 hoe
935 1188 64 43 zijn
1019 1188 113 36 Eerw.
1160 1192 93 38 reeds
1273 1192 80 36 Pres

366 1245 27 21 s»
420 1223 114 37 dikant
559 1228 125 44 zijnde,
711 1242 58 23 aan
799 1232 98 43 hem,
932 1237 200 44 Appellant,
1170 1241 96 35 heeft
1290 1243 60 34 bee

366 1295 25 20 »
420 1274 115 46 tigd,
562 1278 32 32 in
616 1278 40 34 de
677 1279 88 37 leere
794 1281 56 37 des
877 1284 238 48 Kinderdoops
1145 1291 204 46 zwarigheid

365 1332 86 33 »'te
487 1325 140 43 vinden,
670 1328 192 44 dermaten,
908 1331 54 37 dat
998 1336 94 35 zulks
1127 1339 65 45 zijn
1230 1340 117 48 Eerw.

361 1391 28 23 s>
414 1373 111 35 zoude
559 1374 208 39 affchrikken
802 1391 60 24 van
899 1383 57 35 het
989 1384 191 48 Huwelijk;
1218 1390 34 45 in
1288 1390 59 46 dat

361 1444 25 19 »
413 1421 96 46 geval
545 1425 94 34 vindt
678 1427 40 33 de
755 1430 185 44 Appellant
966 1434 52 46 zig
1047 1435 214 49 gedrongen,
1287 1439 57 50 in

361 1486 24 26 »
413 1481 211 26 vertrouwen
644 1474 54 34 dat
718 1476 56 34 het
795 1479 45 44 bij
871 1480 35 34 U
915 1470 109 62 Wel:
1033 1470 115 62 Eerw.
1175 1496 54 25 ten
1256 1489 87 39 min-

358 1541 25 19 »
411 1519 69 34 ften
501 1523 146 45 eenigen
680 1525 124 47 ingang
833 1528 48 34 zal
910 1531 141 43 vinden,
1079 1543 33 24 te
1143 1536 195 44 verklaren
1316 1532 18 52 ,

358 1591 27 18 »
409 1569 101 46 Belijk
538 1570 46 46 hij
616 1573 183 44 Appellant
835 1578 162 36 verklaart
1034 1583 76 34 mits
1140 1584 126 44 dezen,
1293 1583 47 40 in

356 1636 27 24 s»
409 1619 39 33 de
477 1623 317 47 tegenwoordigheid
815 1637 67 23 van
908 1627 109 45 Hem,
1053 1632 53 34 die
1130 1632 96 45 hem,
1262 1636 75 46 Ap.

354 1690 26 18 »
401 1668 152 44 Pellant,
598 1670 58 35 ook
682 1684 124 36 wegens
833 1676 50 33 dit
912 1678 70 44 zijn
1020 1681 207 47 getuigenis,
1271 1685 68 34 zal

352 1737 29 20 »
404 1717 168 35 oordeelen
589 1719 36 34 in
646 1719 103 47 Zijne
772 1723 188 46 toekomfte,
987 1727 54 34 dat
1070 1729 101 45 hem,
1197 1732 133 46 Appel-

350 1764 134 43 ss-lant,
520 1776 55 25 ten
605 1769 112 39 vollen
752 1773 136 46 bekend
912 1776 55 42 is,
996 1777 134 37 immers
1156 1792 84 24 voor
1265 1793 68 25 zoa

348 1837 27 18 »
402 1825 93 24 verre
531 1827 76 24 men
646 1819 33 34 in
718 1820 181 48 dergelijke
933 1826 150 44 gevallen
1107 1829 224 39 bewustheid

345 1885 35 20 a
397 1863 132 36 hebben
559 1867 83 41 kan,
671 1868 53 36 dat
742 1870 31 34 in
794 1882 83 24 onze
898 1872 188 38 Gemeente
1114 1880 56 46 zig
1191 1881 142 35 bevindt

345 1935 30 19 »
395 1923 62 25 Een
496 1916 215 47 aanzienelijk
747 1921 102 45 geral:
872 1921 236 48 Ledematen,
1160 1927 53 35 die
1248 1940 77 24 naar

344 1976 32 27 »:
396 1962 57 35 het
473 1965 136 34 oordeel
640 1978 60 23 van
731 1968 98 42 hem,
882 1973 200 45 Appellant,
1121 1977 85 35 door
1232 1989 88 34 geen

341 2034 37 21 ».
393 2013 221 39 weldenkend
638 2015 160 44 Lidmaat
824 2020 117 41 anders
966 2023 134 40 kunnen
1127 2027 46 35 of
1192 2038 133 36 mogen.

1207 2101 26 19 »»
1257 2088 60 38 Se

394 1338 7 14 -
