1583 2709
386 277 66 36 ‚50
622 280 523 39 PHILADELPIHUS

455 367 123 27 TOEN
604 360 33 35 ik
661 362 41 34 de
730 356 184 63 eerfternaal
923 379 67 25 tot
1017 371 61 36 dus
1105 384 58 25 ver
1191 375 65 35 had
1286 375 93 50 gele.

405 416 83 32 zen,
515 417 66 26 was
605 410 32 34 ik
658 412 74 36 daar
759 416 94 34 mede
881 417 180 38 volkomen
1087 431 30 26 te
1142 426 120 43 vrede;
1291 436 90 27 want

404 465 66 25 wat
500 457 34 33 ik
572 460 69 34 ook
678 473 82 24 over
798 466 81 35 deze
920 469 142 47 vitterij,
1099 483 41 24 en
1176 474 61 35 den
1275 478 108 45 grond

403 514 87 24 waar
516 507 48 34 uit
596 508 40 46 zij
675 515 228 43 voortkwam,
941 528 95 38 mogt
1064 519 148 47 denken,
1251 526 32 34 ik
1320 535 61 27 on-

401 548 158 51 derftelde
591 559 112 51 egter,
718 563 72 34 dat
817 564 41 34 de
893 563 90 39 Heer
1012 569 43 35 A.
1085 579 46 27 nu
1142 570 215 56 vervolgens
1368 602 8 16 ,

400 612 79 26 naar
514 604 82 36 deze
631 610 86 45 zijne
757 616 194 44 opvatting,
988 628 65 25 zou
1087 629 31 26 te
1150 623 90 35 werk
1277 636 102 34 gaan,

401 661 42 26 en
473 663 68 25 met
568 656 44 35 of
641 667 98 38 tegen
772 663 56 45 mij
866 665 201 44 redeneren,
1111 681 45 34 op
1185 674 107 44 grond
1319 675 59 34 der

398 701 169 49 volledige
606 707 220 51 befchrijving
863 722 60 26 van
960 715 47 35 bl.
1044 729 61 33 92,
1147 720 52 35 die
1234 723 34 33 ik
1306 724 73 34 hier

397 759 83 26 Even
509 760 32 27 te
571 766 103 25 voren
700 761 197 46 woordelijk
934 763 153 38 herhaald
1126 769 89 41 heb,
1252 782 41 24 en
1321 772 53 35 die

396 798 47 46 hij
472 802 94 35 zelve
585 805 86 43 juist
705 818 132 35 noemt,
865 822 67 24 met
961 815 204 48 verklaring,
1191 831 61 23 van
1284 823 95 34 daar

392 848 53 46 bij
472 858 34 27 te
535 855 110 34 zullen
672 856 131 45 blijven.
855 858 102 37 Ware
980 862 47 35 dit
1051 866 176 46 gefchied,
1255 870 33 34 ik
1309 881 65 24 zou

390 895 27 35 *
444 901 124 42 gansch
591 905 174 48 onnoodig
790 907 131 36 hebben
952 921 120 38 geagt,
1099 917 55 44 mij
1174 927 98 37 tegen
1297 919 77 35 zulk

392 955 82 26 eene
504 952 217 48 aanmerking
749 965 32 24 te
810 962 289 35 verantwoorden.

438 1003 127 30 MAAR
591 1000 40 34 de
656 1001 61 35 Hr.
746 1004 44 34 A,
819 1017 93 25 moet
940 1011 188 35 riaderhand
1156 1022 60 26 van
1249 1012 124 56 gedag-

389 1053 55 26 ten
474 1049 182 35 veranderd
684 1053 91 44 zijn,
802 1054 76 36 daar
901 1056 45 46 hij
978 1059 93 35 heeft
1100 1061 135 36 kunnen
1266 1061 104 54 goed.

389 1095 121 35 vinden
539 1108 61 24 van
621 1100 48 32 dit
690 1102 62 44 zijn
775 1104 169 37 verklaard
966 1119 205 26 voornemen
1200 1108 170 57 aftegaan,

385 1143 86 35 door
502 1145 82 36 deze
626 1149 272 51 befchuldiging,
937 1156 53 35 dat
1021 1158 33 34 ik
1089 1160 56 46 mij
1175 1162 32 33 in
1236 1163 40 33 de
1312 1165 59 33 be-

386 1192 180 51 fchrijving
586 1207 61 25 van
670 1199 57 35 het
748 1200 159 38 Verbond
931 1207 70 33 niet
1026 1207 103 47 gelijk
1158 1210 122 46 blijve,
1308 1212 62 35 tel-

385 1241 83 35 kens
497 1246 111 34 weder
636 1249 198 45 optehalen,
869 1263 40 24 en
941 1255 40 33 de
1009 1258 78 34 zaak
1122 1269 66 25 zoo
1217 1270 32 24 te
1280 1260 87 36 doen

384 1293 233 44 voorkomen,
643 1296 46 35 als
710 1298 44 34 of
768 1300 53 41 ik,
849 1302 87 35 door
960 1305 122 35 middel
1104 1318 62 24 van
1193 1309 80 35 deze
1294 1321 73 24 ver-

383 1340 163 49 andering
574 1347 60 31 van
665 1349 159 35 woorden
853 1352 63 34 iets
952 1364 81 36 zogt
1063 1365 31 25 te
1128 1358 185 45 bewijzen,
1341 1360 26 35 ’t

383 1389 89 34 welk
502 1391 34 35 ik
574 1394 116 36 anders
720 1399 69 33 niet
824 1409 66 25 zou
921 1402 133 36 hebben
1089 1405 133 36 kunnen
1259 1405 106 55 goed-

383 1439 148 34 maken:
559 1441 86 36 Men
672 1455 203 40 overwege,
902 1450 33 34 in
960 1451 47 36 dit
1031 1455 117 47 opzigt
1175 1457 86 45 zijne
1287 1457 80 37 lief=

380 1486 129 47 derijke
536 1491 195 49 redenering
759 1496 46 34 bl.
837 1508 66 34 19,
932 1510 57 25 20.
1019 1502 71 36 Die
1117 1506 87 34 nooit
1213 1503 136 54 belijde

382 1537 55 34 nis
477 1539 101 34 deden
624 1544 112 34 zullen
777 1545 137 38 immers
957 1561 83 36 geen
1082 1553 282 51 Verbondelingen

380 1585 101 45 zijn?
514 1597 95 27 want
642 1591 53 46 zij
721 1603 100 36 geven
851 1596 36 35 in
923 1597 56 36 het
1014 1599 119 48 geheel
1159 1614 104 36 geene
1296 1616 64 25 toe

375 1633 196 51 flemming.
622 1638 56 47 Of
683 1641 56 46 gij
763 1645 97 34 zoudt
887 1656 72 26 uwe
987 1649 125 36 andere
1120 1647 240 59 befchrijving

381 1695 69 24 van
476 1684 57 36 het
564 1689 277 45 genadeverbond
869 1705 126 26 moeten
1030 1709 199 27 aannemen.
1292 1705 68 34 Dit

380 1733 77 35 zult
482 1734 55 48 gij
567 1737 70 35 niet
667 1739 91 36 doen.
810 1741 111 38 Want
948 1754 66 27 met
1041 1754 94 38 opzet
1160 1749 76 36 hebt
1255 1752 55 46 gij

379 1792 60 25 een
467 1791 68 28 met
557 1784 57 37 het
642 1789 110 34 ander
786 1790 137 39 immers
957 1794 70 36 niet
1058 1797 211 46 verwisfeld?
1299 1801 57 45 ja,

379 1830 47 43 hij
451 1833 127 34 ontziet
599 1836 55 47 zig
679 1835 47 36 bl,
751 1840 57 44 89.
835 1842 86 39 niet,
950 1844 56 45 mij
1027 1843 200 51 deswegen,
1254 1851 102 34 rond-

377 1880 52 34 uit
452 1891 62 25 van
538 1892 231 32 ONTROUW
793 1898 33 25 te
854 1891 259 50 befchuldigen!
1141 1896 24 34 %
1185 1896 33 36 Is
1246 1909 106 32 waar,

378 1927 46 46 hij
455 1940 102 37 voegt
584 1934 95 43 daar,
716 1948 56 23 om
801 1939 56 45 mij
895 1942 117 46 eenige
1049 1954 110 36 gunst
1180 1956 31 24 te
1241 1948 114 46 bewij-

377 1987 83 34 zen,
483 1981 65 34 wel
574 1983 66 45 bij,
668 1985 54 35 dat
751 1986 47 34 dit
822 1989 70 34 nief
916 2001 69 24 aan
1005 1993 87 45 mijn
1118 2003 116 38 opzet,
1263 2007 89 26 maar

375 2036 58 35 aan
469 2028 41 37 de
541 2034 343 48 vooringenomenheid
917 2048 68 28 met
1018 2042 86 47 mijn
1138 2043 151 49 Syflema
1318 2057 33 26 te

1279 2106 74 38 wij
