1504 2692
335 282 25 49 Vv
400 282 25 49 O0
476 282 31 49 OO
548 296 99 25 RR
697 296 25 25 E
772 296 24 25 D
848 295 26 26 E
923 294 37 26 Ne
1088 289 57 36 xv

161 384 153 26 wanneer
344 386 71 25 men
445 368 193 44 malkander
668 377 35 34 in
733 375 39 36 de
804 377 113 36 kennis
959 387 70 25 van
1052 377 84 36 deze

163 438 145 47 Wegen,
334 439 262 47 Handelmwijzen
614 441 39 39 of
673 440 269 47 Huisboudingen
962 440 87 36 Gods
1072 441 65 36 wil

160 502 245 46 onderwijzen,
433 504 26 34 ’t
482 502 53 47 zij
553 506 50 33 uit
628 505 37 34 de
685 504 322 48 Regtsgeleerdheid,
1026 506 35 33 ’t
1080 506 55 46 zij

162 567 51 33 uit
237 567 91 46 éénig
351 567 102 35 ander
477 565 156 47 beginfel,
659 568 64 34 dan
741 569 51 34 uit
809 568 38 35 de
873 568 48 34 H.
948 566 188 50 Schriften,

160 633 50 28 tot
232 628 74 35 dien
329 628 66 45 tijd
417 629 213 46 behoorende,
656 642 69 23 van
748 631 126 35 welken
899 630 63 47 wij
980 630 152 48 fpreken.

208 700 42 25 Ik
279 692 58 34 ben
360 693 56 34 ook
440 701 37 36 op
495 693 37 35 de
557 693 184 35 Akademie
753 703 163 39 geweest,
942 695 35 35 ik
996 695 64 36 heb
1079 697 60 35 ook

158 766 57 23 een
231 755 71 47 vrij
322 763 93 40 groot
433 756 121 34 aantal
569 767 69 23 van
651 756 160 46 Corpora
830 757 219 49 Theologie,
1071 760 62 45 Sy=

159 818 131 36 ftemata
301 844 17 16 „
336 819 229 44 Compendia,
593 818 170 36 Dorine
773 814 220 57 „-Medulle,
1024 825 110 42 Idee,

158 882 192 44 Aphorismi
381 897 78 23 enz.
505 885 255 47 geraadpleegd;
794 886 59 46 die
878 887 78 34 door
980 887 60 35 den
1069 882 69 52 tijd

156 946 186 44 bevonden,
366 947 61 35 dat
451 960 72 22 men
550 959 37 35 op
612 949 104 33 dezen
745 948 103 45 Regel
855 949 90 46 juist
960 950 73 34 dien
1051 962 83 24 aan-

155 1008 80 46 dagt
260 1010 67 32 niet
348 1009 172 46 gevestigd
545 1008 165 47 gehouden
743 1009 113 45 beeft,
892 1011 75 35 dien
1000 1013 139 35 dezelwe

156 1072 187 35 verdiende.
394 1071 113 36 Waar
531 1079 53 39 tog
610 1075 29 32 is
662 1085 55 22 een
745 1072 146 45 Sytema
929 1074 205 46 Theologie

157 1136 170 35 Revelate
349 1142 32 27 te
399 1135 142 45 vinden,
566 1136 60 34 dat
650 1138 36 33 in
713 1137 38 35 de
771 1137 221 48 leerftukken,
1018 1141 52 35 die
1086 1143 53 34 ei-

152 1198 123 49 genlijk
303 1204 50 40 tot
377 1199 38 34 de
437 1181 288 70 Godgeleerdheid,
757 1201 61 34 dat
841 1204 51 42 is,
918 1209 51 28 tot
996 1203 38 35 de
1057 1204 80 35 ken=

157 1264 51 33 nis
235 1274 69 23 van
329 1263 87 35 Gods
436 1262 181 47 genadigen
644 1264 65 34 wil
732 1276 38 23 en
795 1278 74 35 weg
903 1273 140 28 omtrent
1077 1265 63 36 den

158 1336 115 24 armen
297 1326 150 35 zondaar
472 1325 181 44 behooren,
674 1327 75 44 {tipt
769 1338 40 24 en
838 1323 105 39 alleen
972 1329 44 45 bij
1039 1329 98 35 Gods

161 1388 133 35 Woord
315 1390 107 45 blijft,
449 1384 125 59 zonder
587 1390 102 45 éénig
714 1392 175 47 inmengfel
913 1405 78 23 van
1008 1380 130 49 redene-

159 1453 136 46 ringen,
338 1457 51 32 wit
423 1456 163 35 vreemde
616 1464 39 22 en
673 1452 220 51 willekeurig
925 1460 216 44 aangenomen

163 1515 152 47 beginfels
340 1517 171 36 ontleend?
972 1560 5 5 ‚

204 1588 68 24 Zie
307 1580 87 37 daar
430 1580 38 35 de
494 1580 119 44 reden,
646 1591 151 26 waarom
825 1583 34 34 ik
888 1583 39 35 de
956 1585 181 46 Syflemaas

160 1648 52 28 eer
229 1642 185 48 fchadelijk
439 1643 67 34 dan
531 1642 181 49 voordeelig
743 1642 87 50 agte.
874 1646 102 36 Deze
1000 1646 139 36 handele

159 1705 78 47 wijs
257 1707 117 46 frijdt
400 1714 91 40 tegen
515 1706 39 35 de
579 1706 97 47 eerfte
701 1706 153 50 beginfels
880 1707 70 39 van
974 1710 56 35 het
1050 1710 90 36 Pro-

157 1771 245 46 teftantendom.
450 1771 136 35 Hebben
625 1770 100 48 mijne
764 1771 255 51 aanmerkingen
1056 1775 86 36 daar

158 1845 79 22 over
269 1842 56 27 ten
354 1827 133 55 gevolge
510 1826 135 57 gehad,
687 1835 60 34 dat
782 1836 96 35 velen
912 1837 57 35 het
996 1836 145 48 Syfrema

159 1907 68 23 aan
252 1909 55 22 een
341 1899 92 44 zijde
456 1903 153 40 werpen,
640 1898 52 34 dit
717 1899 63 33 zal
805 1898 68 35 hun
900 1901 121 46 weinig
1037 1899 104 46 fcha-

159 1960 80 45 den,
275 1972 96 24 maar
403 1961 62 35 hen
487 1969 92 38 tegen
603 1961 71 35 vele
698 1963 235 46 misvattingen
959 1963 181 43 behoeden;

159 2026 79 33 mits
266 2025 52 45 zij
343 2025 59 34 den
435 2025 113 47 Bijbel
570 2025 54 34 des
660 2033 32 27 te
724 2024 182 49 naarftiger
933 2027 206 46 befluderen:;s

159 2099 39 24 en
231 2089 149 36 bedaard
403 2097 153 39 nagaan,
587 2080 105 47 welke
730 2102 111 36 wegen
870 2090 74 36 God
974 2101 81 26 van
1075 2091 69 47 tijd

1092 2162 52 30 tok
