1607 2698
409 255 81 41 A
627 265 542 36 PHILADELPHUS
1211 283 20 22 +

415 345 103 35 fitatie
544 345 32 34 in
606 344 62 35 den
697 346 209 37 Kerkenraad
932 362 60 25 van
1017 352 165 42 Utrecht,
1207 353 86 38 door
1319 366 62 26 een

417 394 188 46 Ouderling
636 394 70 37 dier
730 397 206 42 Gemeente,
963 412 57 23 aan
1045 402 41 34 de
1114 403 189 42 Vifiratores
1326 416 58 36 ge-

417 442 118 48 klaagd
568 444 124 42 wierd,
726 446 54 34 dat
808 446 40 35 de
886 452 226 34 voornoemde
1148 454 69 33 vier
1250 453 149 35 Heeren.

417 491 219 37 Predikanten
666 505 61 24 van
755 495 165 44 Utrecht,
946 499 75 37 zich
1048 501 36 34 in
1110 503 101 35 dezen
1238 503 70 34 niet
1326 514 57 36 ge

417 542 141 48 droegen
586 554 91 24 naar
704 545 40 33 de
769 546 96 34 order
898 558 65 24 van
991 550 37 33 de
1053 549 198 48 christelijke
1278 551 105 47 Syno-

417 590 50 36 de.
516 590 96 36 Deze
642 593 150 47 aanklagt
819 604 48 25 ter
901 596 113 36 kennis
1050 610 62 23 van
1148 600 40 33 de
1225 600 160 35 Urtrecht-

415 639 79 35 fche
524 641 137 45 Synode
700 644 139 47 gebragt
869 646 128 44 zijnde,
1040 648 62 46 gaf
1131 649 42 45 zij
1209 660 57 23 aan
1306 650 77 34 hare

414 687 198 47 Deputaten
641 692 32 33 in
703 691 81 36 last:
827 718 25 17 „,
880 695 123 36 Omme
1040 706 49 25 ter
1120 698 168 48 bewaring
1322 709 63 26 van

415 762 27 18 »
467 749 92 32 TUSt,
602 750 41 24 en
678 742 223 48 voorkoming
932 755 61 24 van
1028 746 173 43 onlusten,
1237 758 68 26 met
1332 748 53 34 die

412 811 28 20 »
465 786 133 37 Heeren
622 789 161 36 Broeders
804 801 32 24 te
861 793 159 44 fpreken,
1047 805 39 24 en
1113 797 131 45 zomine
1264 796 124 48 Synodt

413 861 28 19 »
467 837 69 35 hun
562 838 43 36 E‚
627 837 44 36 E.
706 840 188 46 vriendelijk
924 852 31 25 te
984 844 208 43 verzoeken,
1227 856 41 32 en
1297 845 86 35 door

412 910 27 19 »
465 885 120 35 Allerlei
604 888 181 43 perfuafien
813 901 40 22 en
875 890 163 36 inductien
1062 903 31 24 te
1116 895 184 45 bewegen,
1327 905 55 36 ten

413 958 26 19 »
465 936 98 33 Einde
588 935 42 44 zij
656 937 54 46 zig
740 947 68 25 met
839 938 235 46 desSynodale
1107 943 176 34 refolutien
1311 942 73 35 wil-

411 1006 26 21 »
462 984 63 34 den
549 984 258 42 conformeren,
841 997 41 24 en
917 989 39 33 de
990 991 239 46 meergemelde
1252 991 131 36 formu-

411 1056 28 19 »
464 1033 127 42 lieren,
628 1034 43 34 of
693 1034 64 35 wel
788 1035 41 34 de
852 1036 188 44 bijzondere
1066 1040 232 46 vraagftukken
1325 1041 57 35 des

409 1106 27 18 »
464 1081 45 36 H.
533 1082 125 45 Doops
683 1093 72 24 enz.
781 1084 96 35 alzoo
905 1086 114 42 lezen,
1044 1088 46 34 als
1116 1100 34 23 er
1175 1089 99 40 ftaat,
1301 1100 81 23 zon-

408 1154 30 20 >
464 1130 58 35 der
550 1131 215 48 verandering
795 1134 76 33 daar
900 1135 76 34 inne
1005 1147 32 23 te
1070 1138 131 33 maken.
1251 1138 54 35 En
1334 1139 49 33 in-

410 1181 27 41 »
463 1179 129 47 gevalle
620 1181 67 34 hun
724 1181 107 37 E.E.
870 1185 213 44 onverhoopt
1119 1186 85 35 door
1232 1187 150 46 gezegde

410 1252 27 19 »>
463 1229 166 35 middelen
659 1231 69 33 niet
755 1242 108 24 waren
892 1243 33 23 te
954 1234 239 45 perfuaderen,
1228 1235 71 35 ofte
1326 1237 57 37 be-

410 1301 27 19 s»
465 1278 129 35 Zwaard
624 1279 128 45 zijnde,
786 1282 54 45 zig
873 1283 69 33 niet
972 1283 131 35 konden
1139 1285 244 44 onderwerpen

408 1349 27 20 »
459 1337 61 24 aan
547 1327 41 34 de
609 1329 98 33 order
728 1339 59 24 van
817 1330 41 33 de
882 1331 211 45 Christelijke
1123 1333 155 45 Synode,
1303 1345 83 23 zou-

409 1398 26 20 »
462 1375 63 34 den
560 1376 47 35 D.
629 1376 47 35 D.
705 1371 191 61 Deputaten
912 1381 80 35 hun
1021 1381 104 37 E‚E.
1157 1384 136 34 nomine
1321 1384 64 44 Sy-

409 1446 27 19 »»
462 1424 80 34 hodi
578 1426 186 34 verzoeken
801 1438 41 23 en
880 1429 171 46 gelasten,
1096 1442 56 23 om
1187 1432 112 35 hunne
1328 1434 59 33 be-

409 1495 26 20 s
460 1483 129 24 Zwaren
615 1481 94 39 tegen
735 1476 39 33 de
802 1477 101 34 letter
931 1489 60 24 van
1015 1479 40 34 de
1084 1481 150 36 bekende
1257 1481 128 38 formu-

408 1545 27 19 »»
460 1521 102 35 lieren
598 1522 46 35 of
672 1524 256 45 vraagftukken,
965 1538 58 23 aan
1054 1528 192 45 Deputaten
1285 1541 101 26 voor-

408 1593 28 20 2
461 1570 152 42 noemd,
633 1571 190 46 fchriftelijk
853 1577 257 45 overtegeven.”

460 1630 276 25 DEPUTATEN
762 1621 175 37 derhalven
967 1626 150 34 kwamen
1149 1638 68 24 met
1247 1628 40 36 de
1314 1629 71 34 vier

407 1667 222 37 Urrechtfche
659 1668 216 42 Predikanten
892 1674 38 39 in
955 1675 149 46 gefprek.
1156 1677 116 42 Maar,
1298 1677 85 35 door

407 1717 61 34 het
491 1718 181 47 voorzigtig
695 1719 105 35 beleid
821 1721 58 38 der
901 1723 134 43 Synode
1053 1723 104 36 alleen
1179 1726 103 47 gelast
1298 1727 85 43 zijn-

405 1764 66 44 de,
498 1766 52 34 die
578 1767 132 36 Heeren
736 1768 86 38 door
846 1769 124 36 allerlei
999 1773 164 41 induétien
1184 1785 40 24 en
1251 1775 132 44 perfua-

405 1815 68 34 fien
501 1825 51 25 tot
582 1815 227 38 conformiteit
843 1829 39 23 en
922 1820 256 50 onderwerping
1204 1834 32 24 te
1268 1826 114 40 bewees

405 1874 87 36 gen,
528 1875 41 26 en
606 1865 174 40 overzulks
817 1869 231 44 weigerende,
1082 1882 69 26 met
1191 1873 69 34 hun
1299 1884 80 23 over

404 1913 64 33 den
493 1914 107 45 grond
631 1925 62 23 van
723 1914 23 38 %
769 1916 126 45 gefchil
927 1927 31 25 te
989 1920 182 42 handelen,
1215 1933 64 27 zoo
1309 1921 66 45 liep

402 1961 54 34 die
482 1963 224 44 bijeenkomst
742 1965 202 45 vrugteloos:
969 1968 41 34 af.
1072 1969 68 36 Het
1174 1971 125 33 tweede
1330 1970 47 35 lid

400 2010 178 38 derhalven
599 2021 67 26 van
703 2012 41 37 de
781 2014 167 44 Synodale
981 2017 152 42 refolutie
1171 2029 106 28 moest
1311 2019 63 38 dan

418 2079 10 9 «
1285 2079 89 26 wor-
