1575 2704
388 264 55 46 46
616 271 546 52 PHILADELPHUs:

384 361 135 30 meente
544 360 117 47 eenige
687 364 113 46 twijfel
828 367 191 47 overblijft,
1045 372 111 37 welke
1187 377 179 38 menfchen

384 413 87 27 voor
497 406 292 54 Verbondelingen
819 415 95 36 Gods
931 426 47 27 te
1006 420 132 38 houden
1168 425 76 46 zijn,

436 465 127 27 MAAR
588 460 76 35 zulk
694 472 62 25 een
790 469 221 44 overtuigend
1040 480 159 40 vertoog,
1234 476 129 37 behou-

381 501 81 37 dens
493 505 57 36 het
576 506 225 41 Labadistisch
833 514 171 38 leerftelfel
1035 529 32 25 te
1093 532 129 36 geven,
1248 534 55 39 agt
1323 528 51 34 ik

379 552 159 38 volftrekt
566 559 237 48 onmogelijk,
827 574 56 25 om
914 566 54 35 dat
994 568 48 34 dit
1070 569 192 39 Leerftelfel
1293 576 65 36 den

378 603 142 46 eenigen
557 609 128 44 grond,
736 610 73 36 dien
849 624 76 25 men
964 617 77 35 daar
1074 628 57 26 toe
1173 619 183 56 gebruiken

375 660 119 35 moet,
511 657 230 38 omverftoot:
781 662 53 34 En
866 664 76 35 daar
967 676 94 37 egter
1087 669 48 36 die
1160 669 193 40 Leerftelfel

373 699 65 36 den
466 704 142 36 meeften
633 706 165 38 Leeraren
828 722 41 24 en
896 711 205 42 ‘Ledematen
1131 721 27 34 is
1186 717 165 58 ingeboee

371 751 119 41 Zemd,
529 765 65 24 zoo
632 767 90 25 moet
756 760 69 35 hier
860 764 49 34 uit
935 766 264 49 voortvloeijen,
1245 782 41 24 en
1316 784 38 24 er

369 799 106 36 vloeit
507 804 70 34 ook
611 806 172 48 werkelijk
821 812 49 34 uit
902 823 118 33 voort,
1071 817 55 35 dat
1165 815 187 59 Neerlands

367 845 115 47 Kerk,
509 853 193 46 gedurende
729 858 63 34 den
815 860 81 44 loop
918 862 100 49 dezer
1036 867 140 45 geheele
1196 869 151 45 Eeuwe,

364 899 138 34 vervuld
522 903 219 46 is-geweest,
767 917 40 24 en
830 917 70 40 nog
922 913 138 34 vervuld
1076 916 48 42 is,
1153 919 194 36 miet:Leer-

361 955 71 26 aars
458 958 43 25 en
528 949 227 48 Ledematen,
793 957 52 35 die
885 961 65 34 wel
990 965 180 36 verzekerd
1202 975 143 30 meenen

362 1004 34 25 te
424 997 66 46 zijn
518 1010 61 24 van
608 1002 40 33 de
669 1006 165 35 waarheid
861 1008 85 36 huns
968 1012 153 46 begrips,
1148 1016 196 37 medebren-

359 1046 109 45 gende
490 1058 62 25 een
574 1050 287 41 Genadeverbond
887 1059 105 34 alleen
1019 1071 69 25 met
1109 1074 87 24 ware
1216 1076 40 24 en
1277 1064 64 55 op-

358 1105 73 36 regt
453 1098 252 50 godvruchtige
745 1106 179 36 menfchen
959 1113 175 44 opgerigt,
1180 1125 42 23 en
1257 1125 83 26 eene

357 1142 93 37 Kerk
480 1157 40 24 en
539 1148 236 39 Sacramenten
803 1165 58 24 aan
889 1157 79 35 zulk
988 1169 62 24 een
1071 1160 159 38 Verbond
1258 1167 79 44 geë-

356 1196 203 46 Venredigd;
587 1199 70 47 dog
683 1201 76 42 die,
785 1205 298 48 niettegenftaande
1110 1211 81 35 deze
1221 1210 114 39 hunne

354 1246 220 46 overreding,
609 1259 41 24 en
685 1255 222 43 ongeveinsde
935 1256 101 36 liefde
1066 1269 50 25 tot
1141 1261 62 35 den
1231 1261 107 55 open.

354 1292 102 35 baren
495 1296 224 45 Godsdienst,
763 1313 122 36 zugten
925 1308 106 34 onder
1070 1319 62 25 een
1162 1309 169 56 geweldig

352 1340 172 37 bezwaard
551 1356 175 36 geweten,
752 1362 154 26 wanneer
937 1355 57 35 het
1024 1368 46 33 op
1100 1359 41 33 de
1166 1361 164 46 dadelijke

351 1391 211 49 uitoefening
583 1396 57 34 des
659 1396 144 47 Doops,
831 1413 45 34 op
905 1403 57 36 het
990 1406 88 35 doen
1103 1419 59 23 van
1186 1406 145 55 Belijde-

348 1440 50 34 nis
429 1451 41 24 en
502 1442 57 35 het
582 1446 196 37 Aannemen
808 1450 58 35 der
896 1451 222 48 Ledematen,
1144 1468 40 24 en
1213 1470 46 34 op
1286 1461 42 34 de

345 1488 186 46 Bediening
574 1504 133 25 van-en
755 1497 235 52 Aannadering
1020 1515 59 24 aan
1114 1507 41 34 de
1177 1503 150 58 Heilige

345 1536 100 37 Tafel
472 1542 179 43 aankomt;
678 1555 41 24 en
749 1549 139 42 vooral,
922 1562 56 24 om
1009 1553 219 38 daaromtrent
1264 1570 59 26 aan

343 1585 64 45 de,
435 1589 104 35 onder
555 1590 46 35 dit
624 1592 99 43 alles,
750 1606 150 27 ontruste
918 1602 243 44 confcientien,
1190 1612 60 29 een
1271 1619 53 23 re-

342 1636 101 47 delijk
469 1649 42 24 en
538 1650 68 25 met
633 1642 40 34 de
703 1644 160 47 beginfels
891 1650 64 34 wel
983 1651 265 51 famenhangend
1265 1658 59 34 be=

340 1684 76 37 Îtier
444 1697 32 25 te
506 1699 119 37 geven.
661 1692 43 34 Al
733 1694 58 35 het
818 1697 109 45 welk,
955 1711 86 25 voor
1069 1703 89 35 ieder
1183 1706 140 35 redene-

338 1735 82 35 rend
450 1736 158 38 Christen
636 1750 31 25 te
696 1744 219 47 moeïjelijker
933 1749 48 42 is,
1009 1750 76 36 daar
1113 1753 40 34 de
1174 1753 147 38 Formu-

337 1784 122 45 lieren,
493 1788 34 33 in
557 1799 85 25 onze
673 1790 91 38 Kerk
790 1805 249 37 aangenomen,
1074 1802 167 49 zoodanig
1268 1807 52 34 in-

334 1836 111 46 gerigt
474 1847 42 24 en
544 1839 123 46 gefteld
692 1842 85 45 zijn,
811 1845 53 33 dat
894 1846 44 46 hij
968 1858 36 24 er
1026 1859 96 26 maar
1148 1863 75 24 zeer
1258 1856 61 34 be-

334 1885 164 46 zwaarlijk
525 1888 97 34 mede
649 1899 147 27 weette
818 1904 78 35 regt
923 1905 33 25 te
981 1899 143 44 komen,
1151 1902 68 46 wijl
1248 1904 66 46 hij,

335 1934 49 34 uit
422 1934 127 36 hoofde
584 1938 64 36 der.
677 1940 249 38 Labadistifche
954 1948 183 46 beginfêls,
1174 1952 74 34 daar
1275 1955 33 33 in

334 1985 112 33 overal
462 1985 156 48 ftuiting,
646 1993 382 47 onnaauwkeurigheid,
1051 1999 31 45 ja
1100 2002 212 35 onwaarheid

333 2041 44 26 en
412 2033 203 50 flrijdigheid
646 2049 111 25 meent
784 2051 31 25 te
842 2045 213 47 ontdekken;
1091 2049 128 36 welken
1245 2061 63 26 een

1250 2111 58 26 an.
