1581 2683
41 402 4 128 ee
40 209 6 182 en
40 105 7 97 eee

390 257 22 27 2
605 255 525 55 PHILADELPHUS

395 334 229 59 negepheid
580 330 52 67 ,.
640 346 87 24 waar
759 325 96 46 mede
889 337 71 40 ikze
989 348 25 23 u
1040 331 168 72 opdrage!
1238 317 133 55 Beöor-

378 378 131 58 deel2ê
540 376 198 71 ófpârtijdig
750 383 29 36 £”
795 385 57 35 En
886 374 119 46 deelze
1034 397 56 23 aan
1119 386 26 34 *
1179 396 192 25 PuBLIEK

398 435 117 40 mede,
542 434 105 34 indien
674 435 83 47 gijze
788 445 85 24 voor
900 435 149 44 hertzelve
1072 446 57 23 van
1152 435 120 45 belang
1293 444 76 36 agt,

397 495 45 33 op
466 484 53 34 dat
539 494 60 23 een
628 484 156 44 iegelijk,
808 483 53 36 die
878 477 68 42 het
975 485 201 47 goedvindt,
1203 484 169 47 insgelijks

399 534 95 41 leze,
520 543 42 23 en
589 533 175 35 oordeele!

453 593 56 34 Gij
539 581 87 35 hebe
654 583 99 44 mijne
780 583 161 42 brieven,
964 593 62 32 ter
1054 582 218 47 verdediging
1311 592 63 24 van

401 631 63 35 den
499 631 238 45 Kirfdérdoop,
774 635 65 33 Zoo
867 633 45 33 àls
936 629 52 38 die
1018 634 32 32 in
1067 631 98 35 ‘onze
1198 632 91 34 Kerk
1316 642 57 36 ge-

400 680 113 43 leerd,
540 691 40 24 en
610 681 157 46 dagelijks
791 681 168 47 geoefend
989 681 125 42 wòrdt,
1141 681 159 47 gelezen;
1326 680 48 35 als

401 730 105 38 mede:
520 729 51 40 de:
594 732 247 46 vierentwintig
863 732 163 39 brieven,
1062 730 125 41 die.de
1216 730 90 35 Heer
1333 729 42 34 A.

399 789 98 37 zegt,
534 790 80 31 aan,
652 790 41 24 en
720 789 99 37 tegen
850 782 55 45 mij
938 780 201 57 gefchreven
1171 789 32 25 te
1233 780 144 35 hebben.

400 829 77 36 Zoo
509 829 50 50 hij
589 828 76 35 daar
695 828 97 35 mede
829 830 61 34 iets
927 831 147 60 nucigs,
1110 830 61 34 iets
1205 828 176 35 leerzaams

393 869 155 48 Yor.de
576 877 99 43 lädef
702 884 100 34 onzer
819 878 135 42 Kerke,
983 878 33 36 %:
1015 878 52 45 zij
1088 877 178 57 Leefaars,
1295 878 23 33 't
1339 876 40 45 zij

404 925 226 41 Ledematen,
652 928 123 46 verrigt
801 926 112 42 heeft,
940 939 65 23 zou
1022 927 58 33 het
1098 928 54 44 mij
1181 927 73 33 leed
1276 927 107 39 doen,

402 988 68 25 zoo
500 975 34 35 ik
570 975 76 35 daar
675 986 58 24 aan
772 978 119 44 eenige
929 976 233 46 verhindering
1204 977 173 43 toebragt;

402 1024 70 48 dog
490 1025 109 35 dit'is
630 1024 77 42 het,
736 1023 54 36 dat
816 1025 35 34 ik
876 1025 68 34 hiet
975 1026 65 33 heb
1075 1025 134 34 kunnen
1239 1024 143 45 vinden,

403 1085 144 25 waarom
579 1074 35 33 ík
650 1073 98 44 mijne
784 1075 296 45 verantwoording
1114 1074 75 33 daar
1226 1083 97 37 tegen
1351 1081 32 25 te

402 1121 236 49 vrijmoediger
663 1122 213 36 onderneme,

402 1182 206 26 “sLATEN
641 1171 68 45 wij
715 1172 221 35 vooraf-eens
950 1173 97 42 zien,
1070 1180 67 27 wat
1157 1182 61 24 we
1223 1181 66 25 van
1309 1170 77 34 hem

403 1231 35 27 te
470 1231 132 37 wagten
629 1215 155 57 hebben!
797 1237 76 20 zsa

453 1297 25 17 2
506 1282 66 31 IK»
598 1279 78 36 Zegt
702 1271 47 44 hij
778 1271 41 35 B
851 1281 29 25 1.
907 1271 63 34 ben
991 1280 61 24 een
1050 1252 7 3 ‘
1073 1234 154 85 Lidmaar
1247 1270 57 34 der
1325 1280 62 35 pu-

403 1347 27 20 5
458 1296 110 60 lieke
596 1318 117 43 Kerk,
738 1320 35 34 ik
798 1319 67 36 heb
890 1319 216 47 geftudeerd,
1133 1330 41 23 en
1196 1320 80 44 mijn
1295 1319 93 34 werk

404 1390 23 24 25
455 1364 176 65 gemaakt,
668 1379 67 33 om.
755 1379 32 30 te
816 1376 132 35 weren;
983 1379 42 24 en
1053 1379 54 25 te
1102 1368 183 41 'verftaan,
1321 1377 68 24 wat

405 1439 32 24 sy
452 1409 224 55 Mijnden
710 1401 132 66 Bijbel,
878 1427 51 30 en
956 1418 34 33 in
1029 1418 40 34 de
1096 1417 169 46 publieke
1295 1416 92 35 Kerk

409 1493 26 20 „
461 1466 106 42 werd;
577 1466 150 47 geleerd.
756 1466 141 42 Ik,heb
919 1467 60 33 dus
1002 1468 68 39 ook
1091 1466 205 47 onderzogt,
1322 1475 67 25 wat

408 1538 39 25 so
461 1517 54 35 ik-
533 1526 89 30 van
597 1513 19 54 -
612 1500 252 55 -Verbonden,
893 1515 126 41 ‘Kerk,
1056 1517 255 39 Sacramenten,
1348 1525 42 24 en

408 1591 27 20 „
462 1560 129 41 vooral
600 1575 81 29 van.
712 1564 67 39 den
815 1535 214 79 Kinderdoop
1064 1574 33 25 te
1132 1564 128 35 denken
1289 1574 42 24 en
1357 1573 34 25 te

407 1641 26 20 2
457 1615 168 56 gelooven
651 1613 76 36 had.”
801 1613 54 36 En
878 1615 42 34 Zl,
949 1624 32 35 3.
1052 1613 43 35 Al
1119 1625 83 24 voor
1229 1613 165 35 verfcheie

409 1665 139 45 „‚.dene
568 1664 93 45 jaren
690 1664 125 47 beving
836 1663 54 46 mij
918 1663 39 34 de
977 1662 86 42 lust,
1089 1674 56 24 om
1169 1663 99 46 mijne
1288 1662 102 35 denk-

412 1737 32 21 „
463 1713 139 36 beelden
633 1724 81 24 over
734 1713 63 34 den
823 1711 218 46 Kinderdoop
1067 1723 46 34 op
1142 1713 56 34 het
1224 1713 115 44 papier
1359 1721 33 25 te

411 1784 25 23 »
463 1764 157 46 brengen.
673 1762 41 37 Ik
739 1762 83 41 deed
849 1761 70 43 dit;
946 1772 42 24 en
1017 1773 84 24 voor
1128 1773 66 23 zoo
1221 1772 94 25 verre
1338 1760 57 35 dat

413 1838 28 21 9
450 1807 121 71 opftel
586 1807 208 71 „afgewerkt.
813 1812 66 41 is,
877 1811 92 56 ligt
977 1811 57 34 het
1062 1822 70 36 nog
1164 1810 106 37 onder
1296 1812 100 45 mijne

414 1882 27 24 s
468 1861 192 46 papieren.”
712 1861 56 35 En
796 1871 70 28 een
886 1860 123 50 weinig
1037 1861 136 35 verder:
1208 1879 23 24 ;
1260 1861 38 35 Ik
1327 1870 68 25 was

414 1932 28 23 9»
468 1923 65 25 Zoo
560 1911 182 36 volkomen
780 1893 176 67 overtuigd
983 1920 63 24 van
1076 1910 41 34 de
1153 1908 244 45 noodzakelijk:

417 1983 24 22 »
466 1961 82 36 heid
577 1971 61 24 van
676 1960 63 34 den
773 1958 241 46 Kinderdoop,
1050 1959 55 34 dat
1134 1960 34 37 ik
1202 1957 192 45 naauwlijks

413 2031 30 25 »»
468 2009 171 49 begrijpen
663 2009 134 42 konde,
823 2009 67 35 hoe
919 2008 153 44 iemand,
1099 2008 66 37 den
1193 2007 109 47 Bijbel
1333 2018 46 74 on

433 2095 2 2 :
1302 2081 24 20 „
1365 2066 34 24 Dee
