1572 2712
416 291 35 49 ——
669 297 530 33 pHILADELPIH
1110 288 74 49 VsS

432 389 97 45 eigen
560 384 144 48 gemoed
728 394 32 25 te
790 381 98 36 vrede
914 379 133 43 ſtellen,
1074 390 89 24 maar
1189 376 55 36 dat
1268 376 69 36 ool
1358 376 58 35 het

431 435 148 47 gemoed
610 434 58 34 der
696 433 96 35 leden
821 432 58 34 der
906 430 207 36 Gemeenten
1142 429 35 33 in
1201 427 214 47 aanmerking

432 485 110 35 Komt.
593 484 104 35 Want
728 483 57 34 het
820 479 183 43 Verbond,
1036 479 41 34 de
1108 477 91 35 Rerk
1228 487 40 24 en
1299 476 117 35 Sacra-

432 544 137 25 menten
598 544 45 33 op
679 533 62 33 den
769 532 72 34 hier
880 538 103 26 voren
1021 528 201 35 beſchreven
1248 534 80 26 voet
1354 525 61 34 be-

432 594 126 36 grepen
584 582 128 45 zifnde,
751 581 62 34 dan
844 588 93 26 moet
965 578 133 33 immers
1136 575 90 35 ieder
1254 574 159 35 Christen

433 632 140 35 menseh
604 634 81 32 õver
714 631 82 45 eijne
825 630 117 45 eigene
975 626 201 46 opregtheid
1207 621 207 41 oordeelen,

432 693 57 23 om
522 692 31 24 te
581 679 172 43 beſſisſen;
779 678 44 36 of
846 679 44 44 hij
913 677 98 45 eenig
1039 675 191 34 Sacrament
1254 683 85 24 voor
1357 672 56 46 zig

433 731 44 36 of
500 732 64 45 zijn
591 730 80 35 kind
698 731 140 44 begeren
871 726 74 35 zal?
971 724 61 35 Nu
1052 735 67 23 zou
1147 724 34 35 ib
1207 721 66 35 wel
1299 720 115 36 wiſlen

432 791 129 30 weten,
597 779 43 35 of
661 779 39 33 de
731 778 90 34 Fieer
853 776 44 35 A.
928 772 176 43 oordeelt,
1134 772 54 34 dat
1216 770 89 35 jeder
1334 764 84 50 Lid-

432 839 88 26 maat
549 839 81 25 over
657 826 169 48 zigæelven
857 825 68 34 oob
952 823 97 34 alaoo
1076 821 49 46 bij
1156 818 259 46 onderſtelling,

433 890 41 24 en
502 889 76 24 naar
599 877 63 34 den
693 886 67 25 aart
786 876 58 34 der
869 871 124 36 Liefde
1022 881 92 25 moet
1141 868 201 41 oordeelen,
1369 877 44 24 en

432 939 78 23 naar
538 928 48 34 dit
621 925 136 35 oordeel
787 932 112 39 gerust
937 931 31 24 te
1007 921 93 34 werk
1134 918 108 47 gaan?
1285 916 43 35 of.
1348 927 68 24 200

432 977 105 35 neen!
555 984 76 27 wat
661 974 61 35 dan
752 973 48 35 dit
830 980 180 26 aannemen
1038 979 61 24 van
1125 968 57 34 het
1203 965 137 36 oordeel
1360 966 57 33 der

433 1025 120 36 Liefde
583 1023 123 45 helpen
734 1023 83 38 kan,
832 1024 65 31 om
928 1029 61 23 een
1018 1017 151 34 alleszins
1195 1014 221 47 tegenſtrijdig

432 1073 217 43 Leerſtelſel,
677 1070 220 37 verſtaanbaar
917 1079 41 23 en
978 1064 219 46 aannemelijb
1217 1074 33 24 te
1271 1063 144 34 maken?

482 1131 340 28 DAARENBOVEN
853 1127 86 25 wect
968 1116 40 33 de
1036 1114 93 35 Heer
1156 1113 44 34 A.
1221 1122 75 24 zeer
1324 1111 88 42 wel,

433 1174 56 34 dat
519 1173 35 34 ib
580 1172 40 34 de
626 1157 140 55 eerſte
780 1169 71 33 Man
859 1167 111 39 niet
985 1166 87 39 ben,
1098 1163 53 33 die
1182 1161 233 44 zwarigheden

434 1221 179 49 gevonden
633 1219 93 35 heeft
757 1219 36 33 in
823 1217 57 34 het
909 1213 228 37 Labadistisch
1165 1209 193 42 leerſtelſel,
1383 1208 31 35 al

436 1271 103 37 drierd
561 1271 58 34 het
640 1269 86 35 door
746 1268 57 34 het
820 1275 180 24 aannemen
1021 1273 63 24 van
1104 1261 55 35 hiet
1176 1260 126 36 oordeel
1323 1269 93 24 naar

435 1324 65 33 ſen
530 1329 83 27 Zart
636 1319 59 35 der
723 1314 97 49 liefae
845 1323 154 37 verragt.
1037 1322 42 23 en
1106 1320 98 37 tegen
1229 1306 186 50 ſcheuring

435 1369 184 47 beveiligi,
652 1377 48 24 en
724 1366 53 34 die
807 1363 133 34 daarom
971 1372 75 23 naar
1076 1370 62 23 een
1173 1358 100 34 ander
1301 1355 116 36 Stelſel

435 1419 91 35 heeft
553 1417 189 46 dmgezien.
791 1412 98 35 Toen
910 1411 34 34 ib
964 1421 71 36 nog
1055 1410 70 33 niet
1152 1408 146 46 geboren
1327 1415 89 32 was,

438 1478 109 25 waren
571 1463 215 42 debraaſſte,
806 1459 202 48 geleerdſte,
1033 1455 272 50 godvruehtigſte
1325 1464 94 25 man-

436 1528 86 30 nen,
557 1514 45 46 bij
635 1513 130 35 welken
793 1511 42 34 de
862 1508 93 40 Heer
985 1510 44 33 A.
1057 1506 90 36 noch
1176 1506 55 41 ik,
1257 1515 46 34 op
1332 1513 86 37 geen

436 1576 105 26 eenen
571 1564 63 46 dag
662 1572 33 24 te
720 1569 146 27 noemen
892 1559 85 45 eijn,
1003 1557 72 34 hier
1093 1565 82 25 over
1202 1553 93 35 reeds,
1314 1553 33 33 in
1368 1563 51 23 ar-

437 1614 102 43 deid,
572 1623 43 24 ens
641 1621 104 37 agen
781 1619 75 24 naar
886 1617 63 25 een
982 1605 102 36 ander
1113 1600 194 38 Leerſtelſel,
1334 1611 83 31 om;

436 1665 52 47 ja!
523 1672 60 26 San
610 1661 52 35 dat
689 1661 41 33 de
759 1655 250 38 Labadistiſche
1036 1654 187 46 begrippen
1252 1652 33 33 in
1294 1644 127 56 Ner-

438 1713 93 37 lands
559 1711 93 35 Rerb
685 1708 78 37 veld
790 1716 190 38 gewonnen
1016 1703 130 35 hadden
1176 1701 55 42 af,
1262 1709 70 33 tot,
1358 1709 60 25 om

440 1771 128 29 zoote
595 1756 160 49 ſpreken,
781 1767 47 35 òp
863 1756 64 33 den
955 1753 159 46 huidigen
1141 1751 64 47 dag
1234 1759 78 29 toe,
1339 1749 28 33 is
1394 1746 26 35 t

440 1814 73 35 ſer
542 1821 63 24 van'
638 1806 190 46 naauvlijts
864 1804 49 35 ſtil
946 1811 168 40 gewecst;
1163 1810 41 24 en
1235 1798 25 35 ſt
1288 1797 133 41 ral.er,

441 1872 77 25 naar
545 1859 87 35 allen
661 1857 121 44 ſchijn;
810 1856 70 33 niet
908 1853 48 35 ſtiſ
979 1863 61 24 van
1070 1849 153 41 worden,
1251 1858 64 24 200
1343 1846 78 46 lang

442 1907 151 40 acſelfde
629 1904 203 49 ſtrijdigheid
862 1902 154 36 tusſchen
1052 1900 40 34 de
1128 1896 197 46 leerſtellige
1360 1894 61 35 be-

441 1962 164 47 grippen,
630 1967 44 25 en
703 1955 42 35 de
773 1952 161 47 dadelijke
963 1949 167 47 praktijb,
1156 1947 103 45 plaats
1286 1943 131 41 houdt:

441 2012 135 33 knmers
603 2008 69 32 niet
700 2001 188 50 gegronder
920 2008 247 39 weggenomen
1194 1997 58 40 is,
1285 1994 65 34 dan
1378 1991 44 34 de

443 2057 93 38 icer
554 2056 43 37 A.
617 2063 52 29 tot
688 2063 70 37 nos
779 2060 56 28 toe
854 2049 130 50 gedaan
1003 2045 105 39 hieeft.
1160 2044 119 38 Indien
1300 2041 49 36 dit
1375 2050 48 25 nu

1355 2099 67 42 207
