1552 2714
318 276 669 45 VERANTWOORDING
1097 268 47 38 45

166 389 38 35 “5
229 388 41 27 en
310 372 165 39 overzulks
510 371 117 39 hunne:
656 363 171 38 Kinderen:
858 366 62 31 tot
947 356 62 39 den
1033 351 115 43 Doop

177 453 27 19 „»
231 428 68 35 niet
328 416 183 60 geregtigd-
513 416 134 60 agten;
679 425 42 24 en
745 411 108 38 zulks.
875 407 91 39 werd
1002 402 151 35 als-ver-

169 496 38 26 s‚
216 457 173 69 dragelijk
401 457 286 69 „voorgefteld”-
707 461 129 48 Jaarb.
867 458 103 44 1780.
996 453 50 35 bis
1065 446 88 50 996.

231 534 100 26 zier
368 522 76 34 daar
471 520 64 34 dan
565 527 82 24 eene
672 510 198 38 erkentenís:
889 511 59 30 vari
981 510 82 29 eene
1097 498 59 40 des

183 567 257 48 aanziehelijkfte
477 567 270 47 Vergaderingen
775 560 57 34 der
859 552 137 52 geheele
1026 541 131 59 Neder-

183 622 158 43 landfehe
366 619 113 41 Kerk,
523 617 55 34 dat
607 626 35 27 er
670 612 99 36 zulke
793 597 251 62 gemoedelijke
1068 597 92 62 zwa-

184 672 159 49 righeden
381 669 87 46 zijn,
512 677 41 23 en
594 665 54 36 dat
683 662 62 36 die’
765 662 222 44 genoegzaam
1014 647 61 47 zijn
1105 654 58 26 om

182 724 78 38 den
277 718 131 50 genen,
434 714 52 36 die
509 714 161 39 dezelven
691 709 169 48 begrijpt,
885 714 32 24 te
939 711 62 36 rug
1022 707 33 25 1e
1077 685 87 57 hou-

187 773 88 40 den,
301 780 72 24 van-
386 767 87 45 zijne
502 764 166 38 Kinderen
698 770 32 24 te
756 758 88 34 doen
872 754 145 43 doopen.
1044 743 124 38 Welke

188 823 41 33 de
246 818 176 49 gevolgen
434 826 87 26 van.
525 809 191 62 zulk:eene
737 804 185 39 etkentenis
950 806 138 31 moeten
1104 792 66 44 zijn

188 868 184 48 bij:allen,
417 865 53 34 die
506 866 33 32 in
574 862 40 33 de
654 869 93 25 vrees
787 856 57 34 des
869 852 135 35 Heeren
1032 847 138 38 hunnen

189 898 207 66 Godsdienst
412 898 288 66 oordeelkundig
736 902 255 39 onderzoeken,
1027 905 43 30 en
1081 889 91 55 ver-

191 968 106 36 ftands
324 970 138 41 genoeg.
484 962 153 37 hebben,
664 968 57 24 om
754 950 183 51 gevolglijk
967 956 32 24 te
1035 942 139 40 redene-

188 1028 89 31 ren,
297 1024 57 29 en
375 1012 66 36 dus
464 1012 45 42 bij
540 1010 58 32 het
624 1009 95 31 beste
747 1001 151 48 gedeelte
931 1006 60 24 van
1019 1003 61 24 ons
1099 984 74 49 her-

192 1062 120 42 vormd
342 1058 263 44 Genootfchap,
631 1054 50 35 zal
708 1053 54 39 ik,
789 1051 49 32 uit
874 1032 271 55 befcheidenheid
1160 1060 14 18 ,

194 1116 95 34 thans
323 1111 69 34 niet
424 1117 61 30 aan
524 1106 63 34 den
612 1103 69 47 dag
712 1102 142 46 leggen:
873 1090 171 39 willende
1074 1089 102 33 liever

196 1166 57 33 het
278 1161 101 45 mijne
395 1159 249 43 toebrengen;
682 1162 56 28 om
774 1150 52 33 die
855 1138 232 51 zwarigheden
1113 1146 65 34 op-

198 1212 162 37 telosfen
338 1193 32 62 ,
387 1219 65 28 zoo
472 1205 102 40 als.ik
602 1212 69 25 mer
691 1201 59 34 het
771 1197 160 44 fchrijven
952 1191 119 44 mijner
1091 1186 88 35 brie-

197 1273 64 24 ven
289 1257 149 47 getoond
460 1256 88 34 heb.
569 1254 103 35 Want
696 1250 127 35 fchoon
851 1245 35 37 ik
905 1241 65 36 wel
989 1247 108 32 weer,
1124 1234 55 34 dat

199 1313 39 45 de
267 1310 218 42 Verwerpers
505 1315 60 23 van
587 1303 64 33 den
668 1297 222 41 Kinderdoop
914 1294 53 43 zig
991 1288 67 37 ook
1079 1293 102 38 gron-

198 1362 65 34 den
293 1370 45 30 op
361 1358 39 33 de
423 1353 193 45 ontbreking
640 1361 65 25 van
723 1358 85 24 eene
826 1343 126 45 flellige
979 1333 201 45 verklaring

200 1412 54 37 des
292 1407 138 46 éénigen
466 1404 214 44 Wetgevers;
714 1407 66 23 100
808 1392 50 36 zal
893 1400 59 32 tog
979 1388 40 32 de
1047 1382 62 36 Hr.
1137 1380 45 37 À,

201 1461 34 33 in
265 1458 80 33 deze
372 1454 69 35 ftof.
466 1452 128 43 kundig
620 1456 134 39 genoeg
783 1444 81 42 zijn,
911 1447 55 24 om
997 1443 32 24 té
1047 1424 138 56 begrije

202 1504 86 55 pen.
315 1495 55 53 dat
378 1495 104 53 edeze.
489 1495 122 53 laacfte
638 1491 198 47 zwarigheid
856 1487 71 46 vrij
950 1483 68 48 veel
1040 1480 143 34 vermins

204 1559 110 40 geren;
329 1553 133 39 zoude;
483 1549 110 40 indien
616 1555 76 24 men
712 1536 221 49 overtuigend
952 1535 68 41 kon
1037 1537 148 37 toonens

204 1608 56 33 dat
287 1603 48 34 de
373 1606 159 29 aarr--en’
559 1604 119 31 natuyr
705 1601 64 24 vant
796 1586 98 39 Gods
922 1579 164 46 Verbond
1119 1585 69 38 met

205 1666 83 29 ons,
310 1662 44 29 en
379 1660 62 24 van
472 1647 59 41 het
558 1643 120 45 daarbij
708 1636 174 51 gevoegde
901 1631 140 45 Teeken
1057 1638 51 34 en
1124 1626 68 47 Zes

207 1705 56 49 gel
290 1711 61 27 van
382 1687 172 61 inwijing:,
564 1687 189 61 „zoodanig;
777 1688 86 45 zijn,
902 1684 54 34 dat
983 1680 42 34 de
1056 1670 136 56 intentie

210 1757 53 34 des
291 1751 186 45 Wetgevers
499 1747 75 39 daar
601 1745 51 33 uit
680 1741 99 39 zeker
797 1744 133 39 genoeg
950 1729 97 45 blijkt
1071 1737 33 24 te
1125 1734 69 36 we:

211 1814 81 30 zen,
317 1800 56 34 dat
398 1798 70 35 ook
497 1796 40 34 de
567 1793 110 37 kleine
706 1787 157 36 kinderen
887 1784 58 33 der
965 1775 227 41 Verbondene

211 1852 199 36 Christenen
433 1848 37 33 in
493 1845 65 34 het
576 1838 186 42 Verbond,
789 1847 42 23 en
851 1833 85 35 door
961 1829 54 34 dat
1035 1825 161 39 Teeken,

215 1901 173 36 behooren
427 1894 156 47 ingewijd
610 1901 32 24 te
680 1887 165 39 worden;
877 1878 139 41 vooral,
1050 1874 47 35 als
1120 1882 77 34 men

217 1951 48 39 dit
290 1955 125 27 toonen
442 1945 63 33 kan
534 1952 45 33 op
610 1938 79 36 zulk
718 1945 82 24 eene
828 1931 113 46 wijze,
968 1926 54 35 dat
1047 1935 35 23 er
1108 1918 88 41 noch

218 2009 86 25 voor
333 1996 42 35 de
400 1993 177 41 Leeraars,
606 1987 90 37 noch
724 1994 84 26 voor
835 1982 41 35 de
907 1976 117 39 Leden
1051 1973 57 34 der
1129 1970 73 36 Ge:

315 2071 3 5 :
1092 2024 106 47 meen=-

380 2082 10 7 …
