<?xml version="1.0" encoding="UTF-8"?>
<PcGts xmlns="http://schema.primaresearch.org/PAGE/gts/pagecontent/2010-03-19" xmlns:xsi="http://www.w3.org/2001/XMLSchema-instance" xsi:schemaLocation="http://schema.primaresearch.org/PAGE/gts/pagecontent/2010-03-19 http://schema.primaresearch.org/PAGE/gts/pagecontent/2010-03-19/pagecontent.xsd" pcGtsId="pc-00539297">
	<Metadata>
	<Creator>ABBYY FineReader Engine 9.0</Creator>
	<Created>2011-02-11T03:11:38</Created>
	<LastChange>2012-02-09T15:36:37</LastChange></Metadata>
	<Page imageFilename="00539297.tif" imageWidth="1497" imageHeight="2694">
	<ReadingOrder>
	<OrderedGroup id="ro357564684568544579089">
	<RegionRefIndexed regionRef="r17" index="0"/>
	<RegionRefIndexed regionRef="r20" index="1"/>
	<RegionRefIndexed regionRef="r21" index="2"/>
	<RegionRefIndexed regionRef="r25" index="3"/>
	<RegionRefIndexed regionRef="r29" index="4"/>
	<RegionRefIndexed regionRef="r31" index="5"/>
	<RegionRefIndexed regionRef="r34" index="6"/>
	<RegionRefIndexed regionRef="r38" index="7"/>
	<RegionRefIndexed regionRef="r42" index="8"/>
	<RegionRefIndexed regionRef="r44" index="9"/>
	<RegionRefIndexed regionRef="r47" index="10"/></OrderedGroup></ReadingOrder>
	<TextRegion id="r13" type="header">
	<Coords>
	<Point x="283" y="248"/>
	<Point x="283" y="295"/>
	<Point x="932" y="295"/>
	<Point x="932" y="248"/></Coords>
	<TextLine id="r18">
	<Coords>
	<Point x="882" y="254"/>
	<Point x="901" y="254"/>
	<Point x="901" y="255"/>
	<Point x="903" y="255"/>
	<Point x="903" y="257"/>
	<Point x="904" y="257"/>
	<Point x="904" y="267"/>
	<Point x="914" y="267"/>
	<Point x="914" y="268"/>
	<Point x="915" y="268"/>
	<Point x="915" y="269"/>
	<Point x="916" y="269"/>
	<Point x="916" y="273"/>
	<Point x="915" y="273"/>
	<Point x="915" y="275"/>
	<Point x="914" y="275"/>
	<Point x="914" y="276"/>
	<Point x="912" y="276"/>
	<Point x="912" y="277"/>
	<Point x="828" y="277"/>
	<Point x="828" y="278"/>
	<Point x="750" y="278"/>
	<Point x="750" y="279"/>
	<Point x="748" y="279"/>
	<Point x="748" y="280"/>
	<Point x="736" y="280"/>
	<Point x="736" y="279"/>
	<Point x="615" y="279"/>
	<Point x="615" y="281"/>
	<Point x="613" y="281"/>
	<Point x="613" y="282"/>
	<Point x="542" y="282"/>
	<Point x="542" y="283"/>
	<Point x="458" y="283"/>
	<Point x="458" y="284"/>
	<Point x="388" y="284"/>
	<Point x="388" y="285"/>
	<Point x="386" y="285"/>
	<Point x="386" y="286"/>
	<Point x="314" y="286"/>
	<Point x="314" y="288"/>
	<Point x="312" y="288"/>
	<Point x="312" y="286"/>
	<Point x="311" y="286"/>
	<Point x="311" y="283"/>
	<Point x="310" y="283"/>
	<Point x="310" y="281"/>
	<Point x="309" y="281"/>
	<Point x="309" y="278"/>
	<Point x="308" y="278"/>
	<Point x="308" y="277"/>
	<Point x="307" y="277"/>
	<Point x="307" y="276"/>
	<Point x="306" y="276"/>
	<Point x="306" y="274"/>
	<Point x="305" y="274"/>
	<Point x="305" y="272"/>
	<Point x="304" y="272"/>
	<Point x="304" y="271"/>
	<Point x="303" y="271"/>
	<Point x="303" y="267"/>
	<Point x="304" y="267"/>
	<Point x="304" y="266"/>
	<Point x="381" y="266"/>
	<Point x="381" y="265"/>
	<Point x="382" y="265"/>
	<Point x="382" y="264"/>
	<Point x="451" y="264"/>
	<Point x="451" y="263"/>
	<Point x="453" y="263"/>
	<Point x="453" y="262"/>
	<Point x="456" y="262"/>
	<Point x="456" y="261"/>
	<Point x="457" y="261"/>
	<Point x="457" y="260"/>
	<Point x="521" y="260"/>
	<Point x="521" y="259"/>
	<Point x="593" y="259"/>
	<Point x="593" y="258"/>
	<Point x="666" y="258"/>
	<Point x="666" y="257"/>
	<Point x="812" y="257"/>
	<Point x="812" y="256"/>
	<Point x="879" y="256"/>
	<Point x="879" y="255"/>
	<Point x="882" y="255"/></Coords>
	<Word id="r55">
	<Coords>
	<Point x="901" y="254"/>
	<Point x="901" y="255"/>
	<Point x="903" y="255"/>
	<Point x="903" y="257"/>
	<Point x="904" y="257"/>
	<Point x="904" y="267"/>
	<Point x="914" y="267"/>
	<Point x="914" y="268"/>
	<Point x="915" y="268"/>
	<Point x="915" y="269"/>
	<Point x="916" y="269"/>
	<Point x="916" y="273"/>
	<Point x="915" y="273"/>
	<Point x="915" y="275"/>
	<Point x="914" y="275"/>
	<Point x="914" y="276"/>
	<Point x="912" y="276"/>
	<Point x="912" y="277"/>
	<Point x="828" y="277"/>
	<Point x="828" y="278"/>
	<Point x="750" y="278"/>
	<Point x="750" y="279"/>
	<Point x="748" y="279"/>
	<Point x="748" y="280"/>
	<Point x="736" y="280"/>
	<Point x="736" y="279"/>
	<Point x="615" y="279"/>
	<Point x="615" y="281"/>
	<Point x="613" y="281"/>
	<Point x="613" y="282"/>
	<Point x="542" y="282"/>
	<Point x="542" y="283"/>
	<Point x="458" y="283"/>
	<Point x="458" y="284"/>
	<Point x="388" y="284"/>
	<Point x="388" y="285"/>
	<Point x="386" y="285"/>
	<Point x="386" y="286"/>
	<Point x="314" y="286"/>
	<Point x="314" y="288"/>
	<Point x="312" y="288"/>
	<Point x="312" y="286"/>
	<Point x="311" y="286"/>
	<Point x="311" y="283"/>
	<Point x="310" y="283"/>
	<Point x="310" y="281"/>
	<Point x="309" y="281"/>
	<Point x="309" y="278"/>
	<Point x="308" y="278"/>
	<Point x="308" y="277"/>
	<Point x="307" y="277"/>
	<Point x="307" y="276"/>
	<Point x="306" y="276"/>
	<Point x="306" y="274"/>
	<Point x="305" y="274"/>
	<Point x="305" y="272"/>
	<Point x="304" y="272"/>
	<Point x="304" y="271"/>
	<Point x="303" y="271"/>
	<Point x="303" y="267"/>
	<Point x="304" y="267"/>
	<Point x="304" y="266"/>
	<Point x="381" y="266"/>
	<Point x="381" y="265"/>
	<Point x="382" y="265"/>
	<Point x="382" y="264"/>
	<Point x="451" y="264"/>
	<Point x="451" y="263"/>
	<Point x="453" y="263"/>
	<Point x="453" y="262"/>
	<Point x="456" y="262"/>
	<Point x="456" y="261"/>
	<Point x="457" y="261"/>
	<Point x="457" y="260"/>
	<Point x="521" y="260"/>
	<Point x="521" y="259"/>
	<Point x="593" y="259"/>
	<Point x="593" y="258"/>
	<Point x="666" y="258"/>
	<Point x="666" y="257"/>
	<Point x="812" y="257"/>
	<Point x="812" y="256"/>
	<Point x="879" y="256"/>
	<Point x="879" y="255"/>
	<Point x="882" y="255"/>
	<Point x="882" y="254"/></Coords>
	<TextEquiv>
	<PlainText></PlainText>
	<Unicode>VOORREDEN.</Unicode></TextEquiv></Word>
	<TextEquiv>
	<PlainText></PlainText>
	<Unicode>VOORREDEN.</Unicode></TextEquiv></TextLine>
	<TextEquiv>
	<PlainText></PlainText>
	<Unicode>VOORREDEN.</Unicode></TextEquiv></TextRegion>
	<TextRegion id="r14" type="page-number">
	<Coords>
	<Point x="1027" y="240"/>
	<Point x="1027" y="283"/>
	<Point x="1164" y="283"/>
	<Point x="1164" y="240"/></Coords>
	<TextLine id="r19">
	<Coords>
	<Point x="1104" y="250"/>
	<Point x="1122" y="250"/>
	<Point x="1122" y="251"/>
	<Point x="1154" y="251"/>
	<Point x="1154" y="252"/>
	<Point x="1155" y="252"/>
	<Point x="1155" y="269"/>
	<Point x="1156" y="269"/>
	<Point x="1156" y="271"/>
	<Point x="1157" y="271"/>
	<Point x="1157" y="272"/>
	<Point x="1156" y="272"/>
	<Point x="1156" y="273"/>
	<Point x="1153" y="273"/>
	<Point x="1153" y="274"/>
	<Point x="1094" y="274"/>
	<Point x="1094" y="275"/>
	<Point x="1079" y="275"/>
	<Point x="1079" y="274"/>
	<Point x="1044" y="274"/>
	<Point x="1044" y="273"/>
	<Point x="1040" y="273"/>
	<Point x="1040" y="272"/>
	<Point x="1041" y="272"/>
	<Point x="1041" y="252"/>
	<Point x="1044" y="252"/>
	<Point x="1044" y="251"/>
	<Point x="1104" y="251"/></Coords>
	<Word id="r56">
	<Coords>
	<Point x="1122" y="250"/>
	<Point x="1122" y="251"/>
	<Point x="1154" y="251"/>
	<Point x="1154" y="252"/>
	<Point x="1155" y="252"/>
	<Point x="1155" y="269"/>
	<Point x="1156" y="269"/>
	<Point x="1156" y="271"/>
	<Point x="1157" y="271"/>
	<Point x="1157" y="272"/>
	<Point x="1156" y="272"/>
	<Point x="1156" y="273"/>
	<Point x="1153" y="273"/>
	<Point x="1153" y="274"/>
	<Point x="1094" y="274"/>
	<Point x="1094" y="275"/>
	<Point x="1079" y="275"/>
	<Point x="1079" y="274"/>
	<Point x="1044" y="274"/>
	<Point x="1044" y="273"/>
	<Point x="1040" y="273"/>
	<Point x="1040" y="272"/>
	<Point x="1041" y="272"/>
	<Point x="1041" y="252"/>
	<Point x="1044" y="252"/>
	<Point x="1044" y="251"/>
	<Point x="1104" y="251"/>
	<Point x="1104" y="250"/></Coords>
	<TextEquiv>
	<PlainText></PlainText>
	<Unicode>XXIII</Unicode></TextEquiv></Word>
	<TextEquiv>
	<PlainText></PlainText>
	<Unicode>XXIII</Unicode></TextEquiv></TextLine>
	<TextEquiv>
	<PlainText></PlainText>
	<Unicode>XXIII</Unicode></TextEquiv></TextRegion>
	<TextRegion id="r17" type="paragraph">
	<Coords>
	<Point x="1177" y="324"/>
	<Point x="1177" y="417"/>
	<Point x="309" y="417"/>
	<Point x="309" y="463"/>
	<Point x="139" y="463"/>
	<Point x="139" y="324"/></Coords>
	<TextLine id="r22">
	<Coords>
	<Point x="1145" y="328"/>
	<Point x="1148" y="328"/>
	<Point x="1148" y="359"/>
	<Point x="1151" y="359"/>
	<Point x="1151" y="361"/>
	<Point x="1147" y="361"/>
	<Point x="1147" y="362"/>
	<Point x="1113" y="362"/>
	<Point x="1113" y="363"/>
	<Point x="1070" y="363"/>
	<Point x="1070" y="364"/>
	<Point x="931" y="364"/>
	<Point x="931" y="365"/>
	<Point x="861" y="365"/>
	<Point x="861" y="366"/>
	<Point x="859" y="366"/>
	<Point x="859" y="367"/>
	<Point x="822" y="367"/>
	<Point x="822" y="368"/>
	<Point x="759" y="368"/>
	<Point x="759" y="369"/>
	<Point x="682" y="369"/>
	<Point x="682" y="370"/>
	<Point x="670" y="370"/>
	<Point x="670" y="371"/>
	<Point x="631" y="371"/>
	<Point x="631" y="372"/>
	<Point x="565" y="372"/>
	<Point x="565" y="373"/>
	<Point x="488" y="373"/>
	<Point x="488" y="374"/>
	<Point x="440" y="374"/>
	<Point x="440" y="375"/>
	<Point x="427" y="375"/>
	<Point x="427" y="376"/>
	<Point x="350" y="376"/>
	<Point x="350" y="377"/>
	<Point x="336" y="377"/>
	<Point x="336" y="378"/>
	<Point x="288" y="378"/>
	<Point x="288" y="379"/>
	<Point x="229" y="379"/>
	<Point x="229" y="382"/>
	<Point x="230" y="382"/>
	<Point x="230" y="383"/>
	<Point x="229" y="383"/>
	<Point x="229" y="385"/>
	<Point x="228" y="385"/>
	<Point x="228" y="388"/>
	<Point x="227" y="388"/>
	<Point x="227" y="389"/>
	<Point x="226" y="389"/>
	<Point x="226" y="390"/>
	<Point x="225" y="390"/>
	<Point x="225" y="391"/>
	<Point x="224" y="391"/>
	<Point x="224" y="392"/>
	<Point x="220" y="392"/>
	<Point x="220" y="383"/>
	<Point x="174" y="383"/>
	<Point x="174" y="382"/>
	<Point x="173" y="382"/>
	<Point x="173" y="368"/>
	<Point x="174" y="368"/>
	<Point x="174" y="367"/>
	<Point x="175" y="367"/>
	<Point x="175" y="366"/>
	<Point x="176" y="366"/>
	<Point x="176" y="365"/>
	<Point x="177" y="365"/>
	<Point x="177" y="364"/>
	<Point x="178" y="364"/>
	<Point x="178" y="363"/>
	<Point x="180" y="363"/>
	<Point x="180" y="352"/>
	<Point x="182" y="352"/>
	<Point x="182" y="351"/>
	<Point x="183" y="351"/>
	<Point x="183" y="349"/>
	<Point x="201" y="349"/>
	<Point x="201" y="357"/>
	<Point x="303" y="357"/>
	<Point x="303" y="356"/>
	<Point x="323" y="356"/>
	<Point x="323" y="345"/>
	<Point x="324" y="345"/>
	<Point x="324" y="344"/>
	<Point x="415" y="344"/>
	<Point x="415" y="342"/>
	<Point x="416" y="342"/>
	<Point x="416" y="341"/>
	<Point x="422" y="341"/>
	<Point x="422" y="351"/>
	<Point x="547" y="351"/>
	<Point x="547" y="350"/>
	<Point x="657" y="350"/>
	<Point x="657" y="349"/>
	<Point x="720" y="349"/>
	<Point x="720" y="336"/>
	<Point x="722" y="336"/>
	<Point x="722" y="335"/>
	<Point x="798" y="335"/>
	<Point x="798" y="334"/>
	<Point x="802" y="334"/>
	<Point x="802" y="333"/>
	<Point x="899" y="333"/>
	<Point x="899" y="332"/>
	<Point x="902" y="332"/>
	<Point x="902" y="331"/>
	<Point x="1061" y="331"/>
	<Point x="1061" y="330"/>
	<Point x="1119" y="330"/>
	<Point x="1119" y="329"/>
	<Point x="1145" y="329"/></Coords>
	<Word id="r57">
	<Coords>
	<Point x="183" y="349"/>
	<Point x="201" y="349"/>
	<Point x="201" y="362"/>
	<Point x="206" y="362"/>
	<Point x="206" y="364"/>
	<Point x="207" y="364"/>
	<Point x="206" y="364"/>
	<Point x="206" y="374"/>
	<Point x="226" y="374"/>
	<Point x="226" y="375"/>
	<Point x="227" y="375"/>
	<Point x="227" y="376"/>
	<Point x="228" y="376"/>
	<Point x="228" y="377"/>
	<Point x="229" y="377"/>
	<Point x="229" y="382"/>
	<Point x="230" y="382"/>
	<Point x="230" y="383"/>
	<Point x="229" y="383"/>
	<Point x="229" y="385"/>
	<Point x="228" y="385"/>
	<Point x="228" y="388"/>
	<Point x="227" y="388"/>
	<Point x="227" y="389"/>
	<Point x="226" y="389"/>
	<Point x="226" y="390"/>
	<Point x="225" y="390"/>
	<Point x="225" y="391"/>
	<Point x="224" y="391"/>
	<Point x="224" y="392"/>
	<Point x="220" y="392"/>
	<Point x="220" y="383"/>
	<Point x="174" y="383"/>
	<Point x="174" y="382"/>
	<Point x="173" y="382"/>
	<Point x="173" y="368"/>
	<Point x="174" y="368"/>
	<Point x="174" y="367"/>
	<Point x="175" y="367"/>
	<Point x="175" y="366"/>
	<Point x="176" y="366"/>
	<Point x="176" y="365"/>
	<Point x="177" y="365"/>
	<Point x="177" y="364"/>
	<Point x="178" y="364"/>
	<Point x="178" y="363"/>
	<Point x="180" y="363"/>
	<Point x="180" y="352"/>
	<Point x="182" y="352"/>
	<Point x="182" y="351"/>
	<Point x="183" y="351"/></Coords>
	<TextEquiv>
	<PlainText></PlainText>
	<Unicode>ik,</Unicode></TextEquiv></Word>
	<Word id="r59">
	<Coords>
	<Point x="329" y="344"/>
	<Point x="329" y="345"/>
	<Point x="330" y="345"/>
	<Point x="330" y="354"/>
	<Point x="362" y="354"/>
	<Point x="362" y="355"/>
	<Point x="364" y="355"/>
	<Point x="364" y="359"/>
	<Point x="363" y="359"/>
	<Point x="363" y="360"/>
	<Point x="358" y="360"/>
	<Point x="358" y="361"/>
	<Point x="357" y="361"/>
	<Point x="357" y="363"/>
	<Point x="356" y="363"/>
	<Point x="356" y="364"/>
	<Point x="355" y="364"/>
	<Point x="355" y="367"/>
	<Point x="354" y="367"/>
	<Point x="354" y="368"/>
	<Point x="353" y="368"/>
	<Point x="353" y="370"/>
	<Point x="352" y="370"/>
	<Point x="352" y="373"/>
	<Point x="351" y="373"/>
	<Point x="351" y="376"/>
	<Point x="350" y="376"/>
	<Point x="350" y="377"/>
	<Point x="336" y="377"/>
	<Point x="336" y="378"/>
	<Point x="288" y="378"/>
	<Point x="288" y="379"/>
	<Point x="272" y="379"/>
	<Point x="272" y="378"/>
	<Point x="270" y="378"/>
	<Point x="270" y="371"/>
	<Point x="269" y="371"/>
	<Point x="269" y="370"/>
	<Point x="270" y="370"/>
	<Point x="270" y="366"/>
	<Point x="271" y="366"/>
	<Point x="271" y="364"/>
	<Point x="272" y="364"/>
	<Point x="272" y="363"/>
	<Point x="273" y="363"/>
	<Point x="273" y="361"/>
	<Point x="274" y="361"/>
	<Point x="274" y="360"/>
	<Point x="275" y="360"/>
	<Point x="275" y="359"/>
	<Point x="277" y="359"/>
	<Point x="277" y="358"/>
	<Point x="292" y="358"/>
	<Point x="292" y="357"/>
	<Point x="303" y="357"/>
	<Point x="303" y="356"/>
	<Point x="323" y="356"/>
	<Point x="323" y="345"/>
	<Point x="324" y="345"/>
	<Point x="324" y="344"/></Coords>
	<TextEquiv>
	<PlainText></PlainText>
	<Unicode>onder</Unicode></TextEquiv></Word>
	<Word id="r60">
	<Coords>
	<Point x="422" y="341"/>
	<Point x="422" y="352"/>
	<Point x="458" y="352"/>
	<Point x="458" y="353"/>
	<Point x="459" y="353"/>
	<Point x="459" y="367"/>
	<Point x="458" y="367"/>
	<Point x="458" y="368"/>
	<Point x="457" y="368"/>
	<Point x="457" y="369"/>
	<Point x="456" y="369"/>
	<Point x="456" y="371"/>
	<Point x="455" y="371"/>
	<Point x="455" y="372"/>
	<Point x="454" y="372"/>
	<Point x="454" y="373"/>
	<Point x="453" y="373"/>
	<Point x="453" y="374"/>
	<Point x="440" y="374"/>
	<Point x="440" y="375"/>
	<Point x="427" y="375"/>
	<Point x="427" y="376"/>
	<Point x="426" y="376"/>
	<Point x="426" y="375"/>
	<Point x="401" y="375"/>
	<Point x="401" y="373"/>
	<Point x="400" y="373"/>
	<Point x="400" y="369"/>
	<Point x="401" y="369"/>
	<Point x="401" y="367"/>
	<Point x="402" y="367"/>
	<Point x="402" y="362"/>
	<Point x="403" y="362"/>
	<Point x="403" y="361"/>
	<Point x="405" y="361"/>
	<Point x="405" y="359"/>
	<Point x="406" y="359"/>
	<Point x="406" y="358"/>
	<Point x="407" y="358"/>
	<Point x="407" y="357"/>
	<Point x="408" y="357"/>
	<Point x="408" y="356"/>
	<Point x="409" y="356"/>
	<Point x="409" y="355"/>
	<Point x="415" y="355"/>
	<Point x="415" y="342"/>
	<Point x="416" y="342"/>
	<Point x="416" y="341"/></Coords>
	<TextEquiv>
	<PlainText></PlainText>
	<Unicode>den</Unicode></TextEquiv></Word>
	<Word id="r61">
	<Coords>
	<Point x="581" y="350"/>
	<Point x="581" y="351"/>
	<Point x="582" y="351"/>
	<Point x="582" y="352"/>
	<Point x="583" y="352"/>
	<Point x="583" y="368"/>
	<Point x="582" y="368"/>
	<Point x="582" y="369"/>
	<Point x="579" y="369"/>
	<Point x="579" y="370"/>
	<Point x="577" y="370"/>
	<Point x="577" y="371"/>
	<Point x="576" y="371"/>
	<Point x="576" y="372"/>
	<Point x="565" y="372"/>
	<Point x="565" y="373"/>
	<Point x="488" y="373"/>
	<Point x="488" y="374"/>
	<Point x="487" y="374"/>
	<Point x="487" y="373"/>
	<Point x="486" y="373"/>
	<Point x="486" y="359"/>
	<Point x="485" y="359"/>
	<Point x="486" y="359"/>
	<Point x="486" y="356"/>
	<Point x="487" y="356"/>
	<Point x="487" y="355"/>
	<Point x="488" y="355"/>
	<Point x="488" y="353"/>
	<Point x="490" y="353"/>
	<Point x="490" y="352"/>
	<Point x="501" y="352"/>
	<Point x="501" y="351"/>
	<Point x="547" y="351"/>
	<Point x="547" y="350"/></Coords>
	<TextEquiv>
	<PlainText></PlainText>
	<Unicode>naam</Unicode></TextEquiv></Word>
	<Word id="r62">
	<Coords>
	<Point x="687" y="349"/>
	<Point x="687" y="352"/>
	<Point x="688" y="352"/>
	<Point x="688" y="363"/>
	<Point x="687" y="363"/>
	<Point x="687" y="365"/>
	<Point x="685" y="365"/>
	<Point x="685" y="366"/>
	<Point x="684" y="366"/>
	<Point x="684" y="368"/>
	<Point x="683" y="368"/>
	<Point x="683" y="369"/>
	<Point x="682" y="369"/>
	<Point x="682" y="370"/>
	<Point x="670" y="370"/>
	<Point x="670" y="371"/>
	<Point x="631" y="371"/>
	<Point x="631" y="372"/>
	<Point x="629" y="372"/>
	<Point x="629" y="371"/>
	<Point x="628" y="371"/>
	<Point x="628" y="370"/>
	<Point x="627" y="370"/>
	<Point x="627" y="360"/>
	<Point x="621" y="360"/>
	<Point x="621" y="359"/>
	<Point x="620" y="359"/>
	<Point x="620" y="355"/>
	<Point x="621" y="355"/>
	<Point x="621" y="353"/>
	<Point x="622" y="353"/>
	<Point x="622" y="352"/>
	<Point x="623" y="352"/>
	<Point x="623" y="351"/>
	<Point x="624" y="351"/>
	<Point x="624" y="350"/>
	<Point x="657" y="350"/>
	<Point x="657" y="349"/></Coords>
	<TextEquiv>
	<PlainText></PlainText>
	<Unicode>van</Unicode></TextEquiv></Word>
	<Word id="r63">
	<Coords>
	<Point x="728" y="335"/>
	<Point x="728" y="336"/>
	<Point x="729" y="336"/>
	<Point x="729" y="343"/>
	<Point x="767" y="343"/>
	<Point x="767" y="347"/>
	<Point x="768" y="347"/>
	<Point x="768" y="348"/>
	<Point x="769" y="348"/>
	<Point x="769" y="350"/>
	<Point x="768" y="350"/>
	<Point x="768" y="351"/>
	<Point x="765" y="351"/>
	<Point x="765" y="363"/>
	<Point x="764" y="363"/>
	<Point x="764" y="364"/>
	<Point x="763" y="364"/>
	<Point x="763" y="366"/>
	<Point x="761" y="366"/>
	<Point x="761" y="367"/>
	<Point x="760" y="367"/>
	<Point x="760" y="368"/>
	<Point x="759" y="368"/>
	<Point x="759" y="369"/>
	<Point x="716" y="369"/>
	<Point x="716" y="368"/>
	<Point x="715" y="368"/>
	<Point x="715" y="365"/>
	<Point x="716" y="365"/>
	<Point x="716" y="362"/>
	<Point x="717" y="362"/>
	<Point x="717" y="359"/>
	<Point x="718" y="359"/>
	<Point x="718" y="357"/>
	<Point x="719" y="357"/>
	<Point x="719" y="354"/>
	<Point x="720" y="354"/>
	<Point x="720" y="336"/>
	<Point x="722" y="336"/>
	<Point x="722" y="335"/></Coords>
	<TextEquiv>
	<PlainText></PlainText>
	<Unicode>het</Unicode></TextEquiv></Word>
	<Word id="r64">
	<Coords>
	<Point x="902" y="331"/>
	<Point x="1007" y="331"/>
	<Point x="1007" y="343"/>
	<Point x="1016" y="343"/>
	<Point x="1016" y="344"/>
	<Point x="1017" y="344"/>
	<Point x="1017" y="345"/>
	<Point x="1018" y="345"/>
	<Point x="1018" y="351"/>
	<Point x="1019" y="351"/>
	<Point x="1019" y="360"/>
	<Point x="1020" y="360"/>
	<Point x="1020" y="362"/>
	<Point x="1021" y="362"/>
	<Point x="1021" y="363"/>
	<Point x="1020" y="363"/>
	<Point x="1020" y="364"/>
	<Point x="931" y="364"/>
	<Point x="931" y="365"/>
	<Point x="861" y="365"/>
	<Point x="861" y="366"/>
	<Point x="859" y="366"/>
	<Point x="859" y="367"/>
	<Point x="822" y="367"/>
	<Point x="822" y="368"/>
	<Point x="803" y="368"/>
	<Point x="803" y="367"/>
	<Point x="799" y="367"/>
	<Point x="799" y="337"/>
	<Point x="798" y="337"/>
	<Point x="798" y="336"/>
	<Point x="797" y="336"/>
	<Point x="797" y="335"/>
	<Point x="798" y="335"/>
	<Point x="798" y="334"/>
	<Point x="802" y="334"/>
	<Point x="802" y="333"/>
	<Point x="899" y="333"/>
	<Point x="899" y="332"/>
	<Point x="902" y="332"/></Coords>
	<TextEquiv>
	<PlainText></PlainText>
	<Unicode>Labadistisch</Unicode></TextEquiv></Word>
	<Word id="r66">
	<Coords>
	<Point x="1148" y="328"/>
	<Point x="1148" y="359"/>
	<Point x="1151" y="359"/>
	<Point x="1151" y="361"/>
	<Point x="1147" y="361"/>
	<Point x="1147" y="362"/>
	<Point x="1113" y="362"/>
	<Point x="1113" y="363"/>
	<Point x="1070" y="363"/>
	<Point x="1070" y="364"/>
	<Point x="1070" y="363"/>
	<Point x="1050" y="363"/>
	<Point x="1050" y="362"/>
	<Point x="1049" y="362"/>
	<Point x="1049" y="346"/>
	<Point x="1048" y="346"/>
	<Point x="1048" y="344"/>
	<Point x="1049" y="344"/>
	<Point x="1049" y="343"/>
	<Point x="1050" y="343"/>
	<Point x="1050" y="341"/>
	<Point x="1051" y="341"/>
	<Point x="1051" y="338"/>
	<Point x="1052" y="338"/>
	<Point x="1052" y="336"/>
	<Point x="1053" y="336"/>
	<Point x="1053" y="334"/>
	<Point x="1054" y="334"/>
	<Point x="1054" y="333"/>
	<Point x="1056" y="333"/>
	<Point x="1056" y="332"/>
	<Point x="1058" y="332"/>
	<Point x="1058" y="331"/>
	<Point x="1061" y="331"/>
	<Point x="1061" y="330"/>
	<Point x="1119" y="330"/>
	<Point x="1119" y="329"/>
	<Point x="1145" y="329"/>
	<Point x="1145" y="328"/></Coords>
	<TextEquiv>
	<PlainText></PlainText>
	<Unicode>elſel</Unicode></TextEquiv></Word>
	<TextEquiv>
	<PlainText></PlainText>
	<Unicode>ik, onder den naam van het Labadistisch elſel</Unicode></TextEquiv></TextLine>
	<TextLine id="r23">
	<Coords>
	<Point x="259" y="410"/>
	<Point x="260" y="410"/>
	<Point x="260" y="411"/>
	<Point x="261" y="411"/>
	<Point x="261" y="422"/>
	<Point x="281" y="422"/>
	<Point x="281" y="423"/>
	<Point x="282" y="423"/>
	<Point x="282" y="425"/>
	<Point x="283" y="425"/>
	<Point x="283" y="435"/>
	<Point x="289" y="435"/>
	<Point x="289" y="436"/>
	<Point x="291" y="436"/>
	<Point x="291" y="438"/>
	<Point x="292" y="438"/>
	<Point x="292" y="441"/>
	<Point x="291" y="441"/>
	<Point x="291" y="442"/>
	<Point x="290" y="442"/>
	<Point x="290" y="443"/>
	<Point x="289" y="443"/>
	<Point x="289" y="444"/>
	<Point x="288" y="444"/>
	<Point x="288" y="445"/>
	<Point x="260" y="445"/>
	<Point x="260" y="454"/>
	<Point x="259" y="454"/>
	<Point x="259" y="455"/>
	<Point x="196" y="455"/>
	<Point x="196" y="456"/>
	<Point x="190" y="456"/>
	<Point x="190" y="457"/>
	<Point x="170" y="457"/>
	<Point x="170" y="456"/>
	<Point x="168" y="456"/>
	<Point x="168" y="455"/>
	<Point x="166" y="455"/>
	<Point x="166" y="453"/>
	<Point x="174" y="453"/>
	<Point x="174" y="452"/>
	<Point x="175" y="452"/>
	<Point x="175" y="451"/>
	<Point x="176" y="451"/>
	<Point x="176" y="449"/>
	<Point x="177" y="449"/>
	<Point x="177" y="442"/>
	<Point x="178" y="442"/>
	<Point x="178" y="438"/>
	<Point x="179" y="438"/>
	<Point x="179" y="434"/>
	<Point x="180" y="434"/>
	<Point x="180" y="433"/>
	<Point x="181" y="433"/>
	<Point x="181" y="431"/>
	<Point x="182" y="431"/>
	<Point x="182" y="426"/>
	<Point x="183" y="426"/>
	<Point x="183" y="425"/>
	<Point x="184" y="425"/>
	<Point x="184" y="424"/>
	<Point x="185" y="424"/>
	<Point x="185" y="422"/>
	<Point x="186" y="422"/>
	<Point x="186" y="420"/>
	<Point x="187" y="420"/>
	<Point x="187" y="418"/>
	<Point x="188" y="418"/>
	<Point x="188" y="417"/>
	<Point x="190" y="417"/>
	<Point x="190" y="416"/>
	<Point x="191" y="416"/>
	<Point x="191" y="415"/>
	<Point x="192" y="415"/>
	<Point x="192" y="414"/>
	<Point x="195" y="414"/>
	<Point x="195" y="413"/>
	<Point x="255" y="413"/>
	<Point x="255" y="411"/>
	<Point x="259" y="411"/></Coords>
	<Word id="r67">
	<Coords>
	<Point x="260" y="410"/>
	<Point x="260" y="411"/>
	<Point x="261" y="411"/>
	<Point x="261" y="422"/>
	<Point x="281" y="422"/>
	<Point x="281" y="423"/>
	<Point x="282" y="423"/>
	<Point x="282" y="425"/>
	<Point x="283" y="425"/>
	<Point x="283" y="435"/>
	<Point x="289" y="435"/>
	<Point x="289" y="436"/>
	<Point x="291" y="436"/>
	<Point x="291" y="438"/>
	<Point x="292" y="438"/>
	<Point x="292" y="441"/>
	<Point x="291" y="441"/>
	<Point x="291" y="442"/>
	<Point x="290" y="442"/>
	<Point x="290" y="443"/>
	<Point x="289" y="443"/>
	<Point x="289" y="444"/>
	<Point x="288" y="444"/>
	<Point x="288" y="445"/>
	<Point x="260" y="445"/>
	<Point x="260" y="454"/>
	<Point x="259" y="454"/>
	<Point x="259" y="455"/>
	<Point x="196" y="455"/>
	<Point x="196" y="456"/>
	<Point x="190" y="456"/>
	<Point x="190" y="457"/>
	<Point x="170" y="457"/>
	<Point x="170" y="456"/>
	<Point x="168" y="456"/>
	<Point x="168" y="455"/>
	<Point x="166" y="455"/>
	<Point x="166" y="453"/>
	<Point x="174" y="453"/>
	<Point x="174" y="452"/>
	<Point x="175" y="452"/>
	<Point x="175" y="451"/>
	<Point x="176" y="451"/>
	<Point x="176" y="449"/>
	<Point x="177" y="449"/>
	<Point x="177" y="442"/>
	<Point x="178" y="442"/>
	<Point x="178" y="438"/>
	<Point x="179" y="438"/>
	<Point x="179" y="434"/>
	<Point x="180" y="434"/>
	<Point x="180" y="433"/>
	<Point x="181" y="433"/>
	<Point x="181" y="431"/>
	<Point x="182" y="431"/>
	<Point x="182" y="426"/>
	<Point x="183" y="426"/>
	<Point x="183" y="425"/>
	<Point x="184" y="425"/>
	<Point x="184" y="424"/>
	<Point x="185" y="424"/>
	<Point x="185" y="422"/>
	<Point x="186" y="422"/>
	<Point x="186" y="420"/>
	<Point x="187" y="420"/>
	<Point x="187" y="418"/>
	<Point x="188" y="418"/>
	<Point x="188" y="417"/>
	<Point x="190" y="417"/>
	<Point x="190" y="416"/>
	<Point x="191" y="416"/>
	<Point x="191" y="415"/>
	<Point x="192" y="415"/>
	<Point x="192" y="414"/>
	<Point x="195" y="414"/>
	<Point x="195" y="413"/>
	<Point x="255" y="413"/>
	<Point x="255" y="411"/>
	<Point x="259" y="411"/>
	<Point x="259" y="410"/></Coords>
	<TextEquiv>
	<PlainText></PlainText>
	<Unicode>ſpreke.</Unicode></TextEquiv></Word>
	<TextEquiv>
	<PlainText></PlainText>
	<Unicode>ſpreke.</Unicode></TextEquiv></TextLine>
	<TextEquiv>
	<PlainText></PlainText>
	<Unicode>ik, onder den naam van het Labadistisch elſel
ſpreke.</Unicode></TextEquiv></TextRegion>
	<TextRegion id="r20" type="paragraph">
	<Coords>
	<Point x="166" y="466"/>
	<Point x="166" y="594"/>
	<Point x="1152" y="594"/>
	<Point x="1152" y="466"/></Coords>
	<TextLine id="r24">
	<Coords>
	<Point x="1067" y="469"/>
	<Point x="1068" y="469"/>
	<Point x="1068" y="470"/>
	<Point x="1106" y="470"/>
	<Point x="1106" y="471"/>
	<Point x="1107" y="471"/>
	<Point x="1107" y="472"/>
	<Point x="1108" y="472"/>
	<Point x="1108" y="480"/>
	<Point x="1148" y="480"/>
	<Point x="1148" y="482"/>
	<Point x="1149" y="482"/>
	<Point x="1149" y="484"/>
	<Point x="1148" y="484"/>
	<Point x="1148" y="510"/>
	<Point x="1147" y="510"/>
	<Point x="1147" y="511"/>
	<Point x="1145" y="511"/>
	<Point x="1145" y="514"/>
	<Point x="1144" y="514"/>
	<Point x="1144" y="515"/>
	<Point x="1130" y="515"/>
	<Point x="1130" y="514"/>
	<Point x="1129" y="514"/>
	<Point x="1129" y="513"/>
	<Point x="969" y="513"/>
	<Point x="969" y="514"/>
	<Point x="968" y="514"/>
	<Point x="968" y="515"/>
	<Point x="967" y="515"/>
	<Point x="967" y="516"/>
	<Point x="966" y="516"/>
	<Point x="966" y="517"/>
	<Point x="964" y="517"/>
	<Point x="964" y="518"/>
	<Point x="961" y="518"/>
	<Point x="961" y="517"/>
	<Point x="960" y="517"/>
	<Point x="960" y="505"/>
	<Point x="848" y="505"/>
	<Point x="848" y="506"/>
	<Point x="791" y="506"/>
	<Point x="791" y="508"/>
	<Point x="790" y="508"/>
	<Point x="790" y="510"/>
	<Point x="789" y="510"/>
	<Point x="789" y="513"/>
	<Point x="788" y="513"/>
	<Point x="788" y="514"/>
	<Point x="787" y="514"/>
	<Point x="787" y="516"/>
	<Point x="784" y="516"/>
	<Point x="784" y="517"/>
	<Point x="783" y="517"/>
	<Point x="783" y="518"/>
	<Point x="781" y="518"/>
	<Point x="781" y="519"/>
	<Point x="781" y="518"/>
	<Point x="780" y="518"/>
	<Point x="780" y="517"/>
	<Point x="779" y="517"/>
	<Point x="779" y="510"/>
	<Point x="584" y="510"/>
	<Point x="584" y="511"/>
	<Point x="543" y="511"/>
	<Point x="543" y="512"/>
	<Point x="482" y="512"/>
	<Point x="482" y="513"/>
	<Point x="476" y="513"/>
	<Point x="476" y="514"/>
	<Point x="456" y="514"/>
	<Point x="456" y="515"/>
	<Point x="426" y="515"/>
	<Point x="426" y="516"/>
	<Point x="392" y="516"/>
	<Point x="392" y="517"/>
	<Point x="352" y="517"/>
	<Point x="352" y="518"/>
	<Point x="348" y="518"/>
	<Point x="348" y="519"/>
	<Point x="299" y="519"/>
	<Point x="299" y="520"/>
	<Point x="243" y="520"/>
	<Point x="243" y="522"/>
	<Point x="223" y="522"/>
	<Point x="223" y="521"/>
	<Point x="222" y="521"/>
	<Point x="222" y="504"/>
	<Point x="221" y="504"/>
	<Point x="221" y="501"/>
	<Point x="227" y="501"/>
	<Point x="227" y="500"/>
	<Point x="256" y="500"/>
	<Point x="256" y="499"/>
	<Point x="288" y="499"/>
	<Point x="288" y="498"/>
	<Point x="290" y="498"/>
	<Point x="290" y="497"/>
	<Point x="304" y="497"/>
	<Point x="304" y="496"/>
	<Point x="307" y="496"/>
	<Point x="307" y="495"/>
	<Point x="383" y="495"/>
	<Point x="383" y="494"/>
	<Point x="410" y="494"/>
	<Point x="410" y="493"/>
	<Point x="421" y="493"/>
	<Point x="421" y="492"/>
	<Point x="502" y="492"/>
	<Point x="502" y="491"/>
	<Point x="541" y="491"/>
	<Point x="541" y="490"/>
	<Point x="583" y="490"/>
	<Point x="583" y="478"/>
	<Point x="586" y="478"/>
	<Point x="586" y="477"/>
	<Point x="596" y="477"/>
	<Point x="596" y="478"/>
	<Point x="700" y="478"/>
	<Point x="700" y="477"/>
	<Point x="702" y="477"/>
	<Point x="702" y="476"/>
	<Point x="793" y="476"/>
	<Point x="793" y="474"/>
	<Point x="795" y="474"/>
	<Point x="795" y="473"/>
	<Point x="890" y="473"/>
	<Point x="890" y="472"/>
	<Point x="983" y="472"/>
	<Point x="983" y="471"/>
	<Point x="985" y="471"/>
	<Point x="985" y="470"/>
	<Point x="1067" y="470"/></Coords>
	<Word id="r68">
	<Coords>
	<Point x="307" y="495"/>
	<Point x="307" y="496"/>
	<Point x="308" y="496"/>
	<Point x="308" y="498"/>
	<Point x="309" y="498"/>
	<Point x="309" y="504"/>
	<Point x="304" y="504"/>
	<Point x="304" y="518"/>
	<Point x="303" y="518"/>
	<Point x="303" y="519"/>
	<Point x="299" y="519"/>
	<Point x="299" y="520"/>
	<Point x="243" y="520"/>
	<Point x="243" y="522"/>
	<Point x="223" y="522"/>
	<Point x="223" y="521"/>
	<Point x="222" y="521"/>
	<Point x="222" y="504"/>
	<Point x="221" y="504"/>
	<Point x="221" y="501"/>
	<Point x="227" y="501"/>
	<Point x="227" y="500"/>
	<Point x="256" y="500"/>
	<Point x="256" y="499"/>
	<Point x="288" y="499"/>
	<Point x="288" y="498"/>
	<Point x="290" y="498"/>
	<Point x="290" y="497"/>
	<Point x="304" y="497"/>
	<Point x="304" y="496"/>
	<Point x="307" y="496"/></Coords>
	<TextEquiv>
	<PlainText></PlainText>
	<Unicode>HET</Unicode></TextEquiv></Word>
	<Word id="r71">
	<Coords>
	<Point x="541" y="490"/>
	<Point x="543" y="490"/>
	<Point x="543" y="491"/>
	<Point x="544" y="491"/>
	<Point x="544" y="493"/>
	<Point x="545" y="493"/>
	<Point x="545" y="495"/>
	<Point x="544" y="495"/>
	<Point x="544" y="511"/>
	<Point x="543" y="511"/>
	<Point x="543" y="512"/>
	<Point x="482" y="512"/>
	<Point x="482" y="513"/>
	<Point x="476" y="513"/>
	<Point x="476" y="514"/>
	<Point x="456" y="514"/>
	<Point x="456" y="515"/>
	<Point x="426" y="515"/>
	<Point x="426" y="516"/>
	<Point x="392" y="516"/>
	<Point x="392" y="517"/>
	<Point x="352" y="517"/>
	<Point x="352" y="518"/>
	<Point x="348" y="518"/>
	<Point x="348" y="519"/>
	<Point x="347" y="519"/>
	<Point x="347" y="518"/>
	<Point x="344" y="518"/>
	<Point x="344" y="504"/>
	<Point x="339" y="504"/>
	<Point x="339" y="503"/>
	<Point x="338" y="503"/>
	<Point x="338" y="498"/>
	<Point x="339" y="498"/>
	<Point x="339" y="497"/>
	<Point x="340" y="497"/>
	<Point x="340" y="496"/>
	<Point x="374" y="496"/>
	<Point x="374" y="495"/>
	<Point x="383" y="495"/>
	<Point x="383" y="494"/>
	<Point x="410" y="494"/>
	<Point x="410" y="493"/>
	<Point x="421" y="493"/>
	<Point x="421" y="492"/>
	<Point x="502" y="492"/>
	<Point x="502" y="491"/>
	<Point x="541" y="491"/></Coords>
	<TextEquiv>
	<PlainText></PlainText>
	<Unicode>TWEEDE:</Unicode></TextEquiv></Word>
	<Word id="r78">
	<Coords>
	<Point x="596" y="477"/>
	<Point x="596" y="478"/>
	<Point x="602" y="478"/>
	<Point x="602" y="479"/>
	<Point x="607" y="479"/>
	<Point x="607" y="480"/>
	<Point x="608" y="480"/>
	<Point x="608" y="481"/>
	<Point x="609" y="481"/>
	<Point x="609" y="482"/>
	<Point x="651" y="482"/>
	<Point x="651" y="483"/>
	<Point x="652" y="483"/>
	<Point x="652" y="488"/>
	<Point x="653" y="488"/>
	<Point x="653" y="490"/>
	<Point x="654" y="490"/>
	<Point x="653" y="490"/>
	<Point x="653" y="492"/>
	<Point x="650" y="492"/>
	<Point x="650" y="502"/>
	<Point x="649" y="502"/>
	<Point x="649" y="503"/>
	<Point x="648" y="503"/>
	<Point x="648" y="505"/>
	<Point x="646" y="505"/>
	<Point x="646" y="506"/>
	<Point x="645" y="506"/>
	<Point x="645" y="507"/>
	<Point x="644" y="507"/>
	<Point x="644" y="508"/>
	<Point x="643" y="508"/>
	<Point x="643" y="509"/>
	<Point x="642" y="509"/>
	<Point x="642" y="510"/>
	<Point x="584" y="510"/>
	<Point x="584" y="511"/>
	<Point x="576" y="511"/>
	<Point x="576" y="509"/>
	<Point x="575" y="509"/>
	<Point x="581" y="509"/>
	<Point x="581" y="508"/>
	<Point x="582" y="508"/>
	<Point x="582" y="504"/>
	<Point x="583" y="504"/>
	<Point x="583" y="478"/>
	<Point x="586" y="478"/>
	<Point x="586" y="477"/></Coords>
	<TextEquiv>
	<PlainText></PlainText>
	<Unicode>Dat</Unicode></TextEquiv></Word>
	<Word id="r79">
	<Coords>
	<Point x="704" y="476"/>
	<Point x="704" y="477"/>
	<Point x="706" y="477"/>
	<Point x="706" y="489"/>
	<Point x="710" y="489"/>
	<Point x="710" y="490"/>
	<Point x="711" y="490"/>
	<Point x="711" y="493"/>
	<Point x="710" y="493"/>
	<Point x="710" y="508"/>
	<Point x="709" y="508"/>
	<Point x="709" y="509"/>
	<Point x="707" y="509"/>
	<Point x="707" y="510"/>
	<Point x="680" y="510"/>
	<Point x="680" y="508"/>
	<Point x="679" y="508"/>
	<Point x="680" y="508"/>
	<Point x="680" y="495"/>
	<Point x="681" y="495"/>
	<Point x="681" y="494"/>
	<Point x="682" y="494"/>
	<Point x="682" y="492"/>
	<Point x="683" y="492"/>
	<Point x="683" y="491"/>
	<Point x="684" y="491"/>
	<Point x="684" y="490"/>
	<Point x="685" y="490"/>
	<Point x="685" y="480"/>
	<Point x="686" y="480"/>
	<Point x="686" y="479"/>
	<Point x="688" y="479"/>
	<Point x="688" y="478"/>
	<Point x="700" y="478"/>
	<Point x="700" y="477"/>
	<Point x="702" y="477"/>
	<Point x="702" y="476"/></Coords>
	<TextEquiv>
	<PlainText></PlainText>
	<Unicode>ik</Unicode></TextEquiv></Word>
	<Word id="r80">
	<Coords>
	<Point x="795" y="474"/>
	<Point x="797" y="474"/>
	<Point x="797" y="475"/>
	<Point x="798" y="475"/>
	<Point x="798" y="477"/>
	<Point x="799" y="477"/>
	<Point x="799" y="479"/>
	<Point x="798" y="479"/>
	<Point x="798" y="480"/>
	<Point x="797" y="480"/>
	<Point x="797" y="489"/>
	<Point x="796" y="489"/>
	<Point x="796" y="490"/>
	<Point x="795" y="490"/>
	<Point x="795" y="494"/>
	<Point x="794" y="494"/>
	<Point x="794" y="500"/>
	<Point x="793" y="500"/>
	<Point x="793" y="502"/>
	<Point x="792" y="502"/>
	<Point x="792" y="504"/>
	<Point x="791" y="504"/>
	<Point x="791" y="508"/>
	<Point x="790" y="508"/>
	<Point x="790" y="510"/>
	<Point x="789" y="510"/>
	<Point x="789" y="513"/>
	<Point x="788" y="513"/>
	<Point x="788" y="514"/>
	<Point x="787" y="514"/>
	<Point x="787" y="516"/>
	<Point x="784" y="516"/>
	<Point x="784" y="517"/>
	<Point x="783" y="517"/>
	<Point x="783" y="518"/>
	<Point x="781" y="518"/>
	<Point x="781" y="519"/>
	<Point x="781" y="518"/>
	<Point x="780" y="518"/>
	<Point x="780" y="517"/>
	<Point x="779" y="517"/>
	<Point x="779" y="509"/>
	<Point x="760" y="509"/>
	<Point x="760" y="508"/>
	<Point x="740" y="508"/>
	<Point x="740" y="507"/>
	<Point x="739" y="507"/>
	<Point x="739" y="506"/>
	<Point x="738" y="506"/>
	<Point x="738" y="495"/>
	<Point x="737" y="495"/>
	<Point x="737" y="494"/>
	<Point x="738" y="494"/>
	<Point x="738" y="493"/>
	<Point x="739" y="493"/>
	<Point x="739" y="492"/>
	<Point x="740" y="492"/>
	<Point x="740" y="491"/>
	<Point x="741" y="491"/>
	<Point x="741" y="489"/>
	<Point x="742" y="489"/>
	<Point x="742" y="488"/>
	<Point x="743" y="488"/>
	<Point x="743" y="487"/>
	<Point x="778" y="487"/>
	<Point x="778" y="477"/>
	<Point x="779" y="477"/>
	<Point x="779" y="476"/>
	<Point x="793" y="476"/>
	<Point x="793" y="474"/>
	<Point x="795" y="474"/>
	<Point x="795" y="473"/></Coords>
	<TextEquiv>
	<PlainText></PlainText>
	<Unicode>mij</Unicode></TextEquiv></Word>
	<Word id="r81">
	<Coords>
	<Point x="835" y="475"/>
	<Point x="835" y="476"/>
	<Point x="836" y="476"/>
	<Point x="836" y="485"/>
	<Point x="854" y="485"/>
	<Point x="854" y="486"/>
	<Point x="855" y="486"/>
	<Point x="855" y="500"/>
	<Point x="854" y="500"/>
	<Point x="854" y="501"/>
	<Point x="853" y="501"/>
	<Point x="853" y="502"/>
	<Point x="852" y="502"/>
	<Point x="852" y="503"/>
	<Point x="851" y="503"/>
	<Point x="851" y="504"/>
	<Point x="850" y="504"/>
	<Point x="850" y="505"/>
	<Point x="848" y="505"/>
	<Point x="848" y="506"/>
	<Point x="836" y="506"/>
	<Point x="836" y="505"/>
	<Point x="823" y="505"/>
	<Point x="823" y="493"/>
	<Point x="824" y="493"/>
	<Point x="824" y="491"/>
	<Point x="825" y="491"/>
	<Point x="825" y="490"/>
	<Point x="826" y="490"/>
	<Point x="826" y="489"/>
	<Point x="827" y="489"/>
	<Point x="827" y="488"/>
	<Point x="829" y="488"/>
	<Point x="829" y="476"/>
	<Point x="830" y="476"/>
	<Point x="830" y="475"/></Coords>
	<TextEquiv>
	<PlainText></PlainText>
	<Unicode>in</Unicode></TextEquiv></Word>
	<Word id="r82">
	<Coords>
	<Point x="896" y="472"/>
	<Point x="896" y="473"/>
	<Point x="898" y="473"/>
	<Point x="898" y="475"/>
	<Point x="899" y="475"/>
	<Point x="899" y="485"/>
	<Point x="912" y="485"/>
	<Point x="912" y="486"/>
	<Point x="913" y="486"/>
	<Point x="913" y="490"/>
	<Point x="912" y="490"/>
	<Point x="912" y="491"/>
	<Point x="911" y="491"/>
	<Point x="911" y="492"/>
	<Point x="910" y="492"/>
	<Point x="910" y="501"/>
	<Point x="909" y="501"/>
	<Point x="909" y="502"/>
	<Point x="908" y="502"/>
	<Point x="908" y="503"/>
	<Point x="906" y="503"/>
	<Point x="906" y="504"/>
	<Point x="902" y="504"/>
	<Point x="902" y="505"/>
	<Point x="901" y="505"/>
	<Point x="901" y="504"/>
	<Point x="878" y="504"/>
	<Point x="878" y="503"/>
	<Point x="877" y="503"/>
	<Point x="877" y="501"/>
	<Point x="876" y="501"/>
	<Point x="876" y="499"/>
	<Point x="877" y="499"/>
	<Point x="877" y="496"/>
	<Point x="878" y="496"/>
	<Point x="878" y="493"/>
	<Point x="879" y="493"/>
	<Point x="879" y="491"/>
	<Point x="881" y="491"/>
	<Point x="881" y="489"/>
	<Point x="883" y="489"/>
	<Point x="883" y="487"/>
	<Point x="885" y="487"/>
	<Point x="885" y="486"/>
	<Point x="890" y="486"/>
	<Point x="890" y="472"/></Coords>
	<TextEquiv>
	<PlainText></PlainText>
	<Unicode>de</Unicode></TextEquiv></Word>
	<Word id="r83">
	<Coords>
	<Point x="1068" y="469"/>
	<Point x="1068" y="470"/>
	<Point x="1106" y="470"/>
	<Point x="1106" y="471"/>
	<Point x="1107" y="471"/>
	<Point x="1107" y="472"/>
	<Point x="1108" y="472"/>
	<Point x="1108" y="480"/>
	<Point x="1148" y="480"/>
	<Point x="1148" y="482"/>
	<Point x="1149" y="482"/>
	<Point x="1149" y="484"/>
	<Point x="1148" y="484"/>
	<Point x="1148" y="510"/>
	<Point x="1147" y="510"/>
	<Point x="1147" y="511"/>
	<Point x="1145" y="511"/>
	<Point x="1145" y="514"/>
	<Point x="1144" y="514"/>
	<Point x="1144" y="515"/>
	<Point x="1130" y="515"/>
	<Point x="1130" y="514"/>
	<Point x="1129" y="514"/>
	<Point x="1129" y="513"/>
	<Point x="969" y="513"/>
	<Point x="969" y="514"/>
	<Point x="968" y="514"/>
	<Point x="968" y="515"/>
	<Point x="967" y="515"/>
	<Point x="967" y="516"/>
	<Point x="966" y="516"/>
	<Point x="966" y="517"/>
	<Point x="964" y="517"/>
	<Point x="964" y="518"/>
	<Point x="961" y="518"/>
	<Point x="961" y="517"/>
	<Point x="960" y="517"/>
	<Point x="960" y="505"/>
	<Point x="933" y="505"/>
	<Point x="933" y="504"/>
	<Point x="932" y="504"/>
	<Point x="932" y="503"/>
	<Point x="931" y="503"/>
	<Point x="931" y="499"/>
	<Point x="932" y="499"/>
	<Point x="932" y="496"/>
	<Point x="933" y="496"/>
	<Point x="933" y="492"/>
	<Point x="934" y="492"/>
	<Point x="934" y="491"/>
	<Point x="935" y="491"/>
	<Point x="935" y="487"/>
	<Point x="936" y="487"/>
	<Point x="936" y="473"/>
	<Point x="938" y="473"/>
	<Point x="938" y="472"/>
	<Point x="983" y="472"/>
	<Point x="983" y="471"/>
	<Point x="985" y="471"/>
	<Point x="985" y="470"/>
	<Point x="1067" y="470"/>
	<Point x="1067" y="469"/></Coords>
	<TextEquiv>
	<PlainText></PlainText>
	<Unicode>beſchrijving</Unicode></TextEquiv></Word>
	<TextEquiv>
	<PlainText></PlainText>
	<Unicode>HET TWEEDE: Dat ik mij in de beſchrijving</Unicode></TextEquiv></TextLine>
	<TextLine id="r26">
	<Coords>
	<Point x="821" y="538"/>
	<Point x="824" y="538"/>
	<Point x="824" y="539"/>
	<Point x="825" y="539"/>
	<Point x="825" y="541"/>
	<Point x="826" y="541"/>
	<Point x="826" y="549"/>
	<Point x="866" y="549"/>
	<Point x="866" y="550"/>
	<Point x="867" y="550"/>
	<Point x="867" y="551"/>
	<Point x="868" y="551"/>
	<Point x="868" y="564"/>
	<Point x="878" y="564"/>
	<Point x="878" y="565"/>
	<Point x="879" y="565"/>
	<Point x="879" y="568"/>
	<Point x="878" y="568"/>
	<Point x="878" y="569"/>
	<Point x="877" y="569"/>
	<Point x="877" y="570"/>
	<Point x="839" y="570"/>
	<Point x="839" y="571"/>
	<Point x="818" y="571"/>
	<Point x="818" y="574"/>
	<Point x="817" y="574"/>
	<Point x="817" y="576"/>
	<Point x="816" y="576"/>
	<Point x="816" y="578"/>
	<Point x="815" y="578"/>
	<Point x="815" y="579"/>
	<Point x="814" y="579"/>
	<Point x="814" y="580"/>
	<Point x="813" y="580"/>
	<Point x="813" y="581"/>
	<Point x="810" y="581"/>
	<Point x="810" y="582"/>
	<Point x="711" y="582"/>
	<Point x="711" y="584"/>
	<Point x="710" y="584"/>
	<Point x="710" y="585"/>
	<Point x="709" y="585"/>
	<Point x="709" y="586"/>
	<Point x="708" y="586"/>
	<Point x="708" y="587"/>
	<Point x="705" y="587"/>
	<Point x="705" y="586"/>
	<Point x="704" y="586"/>
	<Point x="704" y="584"/>
	<Point x="647" y="584"/>
	<Point x="647" y="583"/>
	<Point x="645" y="583"/>
	<Point x="645" y="582"/>
	<Point x="642" y="582"/>
	<Point x="642" y="581"/>
	<Point x="641" y="581"/>
	<Point x="641" y="577"/>
	<Point x="642" y="577"/>
	<Point x="642" y="576"/>
	<Point x="644" y="576"/>
	<Point x="644" y="574"/>
	<Point x="512" y="574"/>
	<Point x="512" y="575"/>
	<Point x="491" y="575"/>
	<Point x="491" y="576"/>
	<Point x="467" y="576"/>
	<Point x="467" y="577"/>
	<Point x="450" y="577"/>
	<Point x="450" y="578"/>
	<Point x="448" y="578"/>
	<Point x="448" y="579"/>
	<Point x="446" y="579"/>
	<Point x="446" y="580"/>
	<Point x="424" y="580"/>
	<Point x="424" y="581"/>
	<Point x="378" y="581"/>
	<Point x="378" y="582"/>
	<Point x="326" y="582"/>
	<Point x="326" y="583"/>
	<Point x="277" y="583"/>
	<Point x="277" y="584"/>
	<Point x="232" y="584"/>
	<Point x="232" y="585"/>
	<Point x="199" y="585"/>
	<Point x="199" y="586"/>
	<Point x="185" y="586"/>
	<Point x="185" y="587"/>
	<Point x="181" y="587"/>
	<Point x="181" y="586"/>
	<Point x="179" y="586"/>
	<Point x="179" y="584"/>
	<Point x="178" y="584"/>
	<Point x="178" y="577"/>
	<Point x="172" y="577"/>
	<Point x="172" y="576"/>
	<Point x="171" y="576"/>
	<Point x="171" y="572"/>
	<Point x="172" y="572"/>
	<Point x="172" y="571"/>
	<Point x="173" y="571"/>
	<Point x="173" y="570"/>
	<Point x="174" y="570"/>
	<Point x="174" y="569"/>
	<Point x="175" y="569"/>
	<Point x="175" y="567"/>
	<Point x="176" y="567"/>
	<Point x="176" y="566"/>
	<Point x="192" y="566"/>
	<Point x="192" y="565"/>
	<Point x="213" y="565"/>
	<Point x="213" y="564"/>
	<Point x="265" y="564"/>
	<Point x="265" y="562"/>
	<Point x="266" y="562"/>
	<Point x="266" y="560"/>
	<Point x="267" y="560"/>
	<Point x="267" y="559"/>
	<Point x="268" y="559"/>
	<Point x="268" y="557"/>
	<Point x="269" y="557"/>
	<Point x="269" y="556"/>
	<Point x="270" y="556"/>
	<Point x="270" y="555"/>
	<Point x="272" y="555"/>
	<Point x="272" y="554"/>
	<Point x="273" y="554"/>
	<Point x="273" y="553"/>
	<Point x="275" y="553"/>
	<Point x="275" y="552"/>
	<Point x="278" y="552"/>
	<Point x="278" y="551"/>
	<Point x="281" y="551"/>
	<Point x="281" y="550"/>
	<Point x="332" y="550"/>
	<Point x="332" y="549"/>
	<Point x="335" y="549"/>
	<Point x="335" y="550"/>
	<Point x="446" y="550"/>
	<Point x="446" y="547"/>
	<Point x="448" y="547"/>
	<Point x="448" y="546"/>
	<Point x="517" y="546"/>
	<Point x="517" y="543"/>
	<Point x="518" y="543"/>
	<Point x="518" y="542"/>
	<Point x="582" y="542"/>
	<Point x="582" y="541"/>
	<Point x="582" y="542"/>
	<Point x="584" y="542"/>
	<Point x="584" y="547"/>
	<Point x="687" y="547"/>
	<Point x="687" y="543"/>
	<Point x="690" y="543"/>
	<Point x="690" y="542"/>
	<Point x="714" y="542"/>
	<Point x="714" y="540"/>
	<Point x="776" y="540"/>
	<Point x="776" y="539"/>
	<Point x="821" y="539"/></Coords>
	<Word id="r84">
	<Coords>
	<Point x="237" y="564"/>
	<Point x="237" y="565"/>
	<Point x="238" y="565"/>
	<Point x="238" y="579"/>
	<Point x="236" y="579"/>
	<Point x="236" y="581"/>
	<Point x="235" y="581"/>
	<Point x="235" y="582"/>
	<Point x="234" y="582"/>
	<Point x="234" y="583"/>
	<Point x="233" y="583"/>
	<Point x="233" y="584"/>
	<Point x="232" y="584"/>
	<Point x="232" y="585"/>
	<Point x="199" y="585"/>
	<Point x="199" y="586"/>
	<Point x="185" y="586"/>
	<Point x="185" y="587"/>
	<Point x="181" y="587"/>
	<Point x="181" y="586"/>
	<Point x="179" y="586"/>
	<Point x="179" y="584"/>
	<Point x="178" y="584"/>
	<Point x="178" y="577"/>
	<Point x="172" y="577"/>
	<Point x="172" y="576"/>
	<Point x="171" y="576"/>
	<Point x="171" y="572"/>
	<Point x="172" y="572"/>
	<Point x="172" y="571"/>
	<Point x="173" y="571"/>
	<Point x="173" y="570"/>
	<Point x="174" y="570"/>
	<Point x="174" y="569"/>
	<Point x="175" y="569"/>
	<Point x="175" y="567"/>
	<Point x="176" y="567"/>
	<Point x="176" y="566"/>
	<Point x="192" y="566"/>
	<Point x="192" y="565"/>
	<Point x="213" y="565"/>
	<Point x="213" y="564"/></Coords>
	<TextEquiv>
	<PlainText></PlainText>
	<Unicode>van</Unicode></TextEquiv></Word>
	<Word id="r85">
	<Coords>
	<Point x="335" y="549"/>
	<Point x="335" y="550"/>
	<Point x="336" y="550"/>
	<Point x="336" y="561"/>
	<Point x="348" y="561"/>
	<Point x="348" y="562"/>
	<Point x="349" y="562"/>
	<Point x="349" y="564"/>
	<Point x="346" y="564"/>
	<Point x="346" y="579"/>
	<Point x="345" y="579"/>
	<Point x="345" y="580"/>
	<Point x="344" y="580"/>
	<Point x="344" y="581"/>
	<Point x="342" y="581"/>
	<Point x="342" y="582"/>
	<Point x="326" y="582"/>
	<Point x="326" y="583"/>
	<Point x="277" y="583"/>
	<Point x="277" y="584"/>
	<Point x="276" y="584"/>
	<Point x="276" y="583"/>
	<Point x="272" y="583"/>
	<Point x="272" y="582"/>
	<Point x="270" y="582"/>
	<Point x="270" y="581"/>
	<Point x="269" y="581"/>
	<Point x="269" y="580"/>
	<Point x="268" y="580"/>
	<Point x="268" y="578"/>
	<Point x="267" y="578"/>
	<Point x="267" y="577"/>
	<Point x="266" y="577"/>
	<Point x="266" y="576"/>
	<Point x="265" y="576"/>
	<Point x="265" y="573"/>
	<Point x="264" y="573"/>
	<Point x="264" y="565"/>
	<Point x="265" y="565"/>
	<Point x="265" y="562"/>
	<Point x="266" y="562"/>
	<Point x="266" y="560"/>
	<Point x="267" y="560"/>
	<Point x="267" y="559"/>
	<Point x="268" y="559"/>
	<Point x="268" y="557"/>
	<Point x="269" y="557"/>
	<Point x="269" y="556"/>
	<Point x="270" y="556"/>
	<Point x="270" y="555"/>
	<Point x="272" y="555"/>
	<Point x="272" y="554"/>
	<Point x="273" y="554"/>
	<Point x="273" y="553"/>
	<Point x="275" y="553"/>
	<Point x="275" y="552"/>
	<Point x="278" y="552"/>
	<Point x="278" y="551"/>
	<Point x="281" y="551"/>
	<Point x="281" y="550"/>
	<Point x="332" y="550"/>
	<Point x="332" y="549"/></Coords>
	<TextEquiv>
	<PlainText></PlainText>
	<Unicode>Gods</Unicode></TextEquiv></Word>
	<Word id="r86">
	<Coords>
	<Point x="523" y="542"/>
	<Point x="523" y="544"/>
	<Point x="522" y="544"/>
	<Point x="522" y="548"/>
	<Point x="521" y="548"/>
	<Point x="521" y="550"/>
	<Point x="520" y="550"/>
	<Point x="520" y="568"/>
	<Point x="519" y="568"/>
	<Point x="519" y="569"/>
	<Point x="518" y="569"/>
	<Point x="518" y="570"/>
	<Point x="517" y="570"/>
	<Point x="517" y="572"/>
	<Point x="516" y="572"/>
	<Point x="516" y="573"/>
	<Point x="514" y="573"/>
	<Point x="514" y="574"/>
	<Point x="512" y="574"/>
	<Point x="512" y="575"/>
	<Point x="491" y="575"/>
	<Point x="491" y="576"/>
	<Point x="467" y="576"/>
	<Point x="467" y="577"/>
	<Point x="450" y="577"/>
	<Point x="450" y="578"/>
	<Point x="448" y="578"/>
	<Point x="448" y="579"/>
	<Point x="446" y="579"/>
	<Point x="446" y="580"/>
	<Point x="424" y="580"/>
	<Point x="424" y="581"/>
	<Point x="378" y="581"/>
	<Point x="378" y="582"/>
	<Point x="377" y="582"/>
	<Point x="377" y="575"/>
	<Point x="378" y="575"/>
	<Point x="378" y="573"/>
	<Point x="379" y="573"/>
	<Point x="379" y="551"/>
	<Point x="381" y="551"/>
	<Point x="381" y="550"/>
	<Point x="446" y="550"/>
	<Point x="446" y="547"/>
	<Point x="448" y="547"/>
	<Point x="448" y="546"/>
	<Point x="517" y="546"/>
	<Point x="517" y="543"/>
	<Point x="518" y="543"/>
	<Point x="518" y="542"/></Coords>
	<TextEquiv>
	<PlainText></PlainText>
	<Unicode>Verbond</Unicode></TextEquiv></Word>
	<Word id="r87">
	<Coords>
	<Point x="582" y="542"/>
	<Point x="584" y="542"/>
	<Point x="584" y="547"/>
	<Point x="615" y="547"/>
	<Point x="615" y="552"/>
	<Point x="617" y="552"/>
	<Point x="617" y="555"/>
	<Point x="613" y="555"/>
	<Point x="613" y="566"/>
	<Point x="612" y="566"/>
	<Point x="612" y="567"/>
	<Point x="611" y="567"/>
	<Point x="611" y="569"/>
	<Point x="610" y="569"/>
	<Point x="610" y="570"/>
	<Point x="609" y="570"/>
	<Point x="609" y="571"/>
	<Point x="607" y="571"/>
	<Point x="607" y="572"/>
	<Point x="606" y="572"/>
	<Point x="606" y="573"/>
	<Point x="574" y="573"/>
	<Point x="574" y="574"/>
	<Point x="550" y="574"/>
	<Point x="550" y="571"/>
	<Point x="551" y="571"/>
	<Point x="551" y="558"/>
	<Point x="552" y="558"/>
	<Point x="552" y="555"/>
	<Point x="553" y="555"/>
	<Point x="553" y="554"/>
	<Point x="555" y="554"/>
	<Point x="555" y="552"/>
	<Point x="557" y="552"/>
	<Point x="557" y="551"/>
	<Point x="579" y="551"/>
	<Point x="579" y="542"/>
	<Point x="582" y="542"/>
	<Point x="582" y="541"/></Coords>
	<TextEquiv>
	<PlainText></PlainText>
	<Unicode>niet</Unicode></TextEquiv></Word>
	<Word id="r88">
	<Coords>
	<Point x="733" y="540"/>
	<Point x="733" y="553"/>
	<Point x="737" y="553"/>
	<Point x="737" y="554"/>
	<Point x="738" y="554"/>
	<Point x="738" y="556"/>
	<Point x="737" y="556"/>
	<Point x="737" y="572"/>
	<Point x="736" y="572"/>
	<Point x="736" y="573"/>
	<Point x="712" y="573"/>
	<Point x="712" y="582"/>
	<Point x="711" y="582"/>
	<Point x="711" y="584"/>
	<Point x="710" y="584"/>
	<Point x="710" y="585"/>
	<Point x="709" y="585"/>
	<Point x="709" y="586"/>
	<Point x="708" y="586"/>
	<Point x="708" y="587"/>
	<Point x="705" y="587"/>
	<Point x="705" y="586"/>
	<Point x="704" y="586"/>
	<Point x="704" y="584"/>
	<Point x="647" y="584"/>
	<Point x="647" y="583"/>
	<Point x="645" y="583"/>
	<Point x="645" y="582"/>
	<Point x="642" y="582"/>
	<Point x="642" y="581"/>
	<Point x="641" y="581"/>
	<Point x="641" y="577"/>
	<Point x="642" y="577"/>
	<Point x="642" y="576"/>
	<Point x="644" y="576"/>
	<Point x="644" y="575"/>
	<Point x="646" y="575"/>
	<Point x="646" y="574"/>
	<Point x="647" y="574"/>
	<Point x="647" y="557"/>
	<Point x="648" y="557"/>
	<Point x="648" y="554"/>
	<Point x="649" y="554"/>
	<Point x="649" y="552"/>
	<Point x="650" y="552"/>
	<Point x="650" y="551"/>
	<Point x="654" y="551"/>
	<Point x="654" y="550"/>
	<Point x="687" y="550"/>
	<Point x="687" y="543"/>
	<Point x="690" y="543"/>
	<Point x="690" y="542"/>
	<Point x="714" y="542"/>
	<Point x="714" y="540"/></Coords>
	<TextEquiv>
	<PlainText></PlainText>
	<Unicode>gelijk</Unicode></TextEquiv></Word>
	<Word id="r89">
	<Coords>
	<Point x="824" y="538"/>
	<Point x="824" y="539"/>
	<Point x="825" y="539"/>
	<Point x="825" y="541"/>
	<Point x="826" y="541"/>
	<Point x="826" y="549"/>
	<Point x="866" y="549"/>
	<Point x="866" y="550"/>
	<Point x="867" y="550"/>
	<Point x="867" y="551"/>
	<Point x="868" y="551"/>
	<Point x="868" y="564"/>
	<Point x="878" y="564"/>
	<Point x="878" y="565"/>
	<Point x="879" y="565"/>
	<Point x="879" y="568"/>
	<Point x="878" y="568"/>
	<Point x="878" y="569"/>
	<Point x="877" y="569"/>
	<Point x="877" y="570"/>
	<Point x="839" y="570"/>
	<Point x="839" y="571"/>
	<Point x="818" y="571"/>
	<Point x="818" y="574"/>
	<Point x="817" y="574"/>
	<Point x="817" y="576"/>
	<Point x="816" y="576"/>
	<Point x="816" y="578"/>
	<Point x="815" y="578"/>
	<Point x="815" y="579"/>
	<Point x="814" y="579"/>
	<Point x="814" y="580"/>
	<Point x="813" y="580"/>
	<Point x="813" y="581"/>
	<Point x="810" y="581"/>
	<Point x="810" y="582"/>
	<Point x="807" y="582"/>
	<Point x="807" y="581"/>
	<Point x="806" y="581"/>
	<Point x="806" y="572"/>
	<Point x="768" y="572"/>
	<Point x="768" y="571"/>
	<Point x="767" y="571"/>
	<Point x="767" y="566"/>
	<Point x="768" y="566"/>
	<Point x="768" y="562"/>
	<Point x="769" y="562"/>
	<Point x="769" y="559"/>
	<Point x="770" y="559"/>
	<Point x="770" y="557"/>
	<Point x="771" y="557"/>
	<Point x="771" y="554"/>
	<Point x="772" y="554"/>
	<Point x="772" y="549"/>
	<Point x="773" y="549"/>
	<Point x="773" y="545"/>
	<Point x="774" y="545"/>
	<Point x="774" y="540"/>
	<Point x="776" y="540"/>
	<Point x="776" y="539"/>
	<Point x="821" y="539"/>
	<Point x="821" y="538"/></Coords>
	<TextEquiv>
	<PlainText></PlainText>
	<Unicode>blijve.</Unicode></TextEquiv></Word>
	<TextEquiv>
	<PlainText></PlainText>
	<Unicode>van Gods Verbond niet gelijk blijve.</Unicode></TextEquiv></TextLine>
	<TextEquiv>
	<PlainText></PlainText>
	<Unicode>HET TWEEDE: Dat ik mij in de beſchrijving
van Gods Verbond niet gelijk blijve.</Unicode></TextEquiv></TextRegion>
	<TextRegion id="r21" type="paragraph">
	<Coords>
	<Point x="162" y="605"/>
	<Point x="162" y="752"/>
	<Point x="1162" y="752"/>
	<Point x="1162" y="605"/></Coords>
	<TextLine id="r27">
	<Coords>
	<Point x="1140" y="609"/>
	<Point x="1143" y="609"/>
	<Point x="1143" y="610"/>
	<Point x="1144" y="610"/>
	<Point x="1144" y="622"/>
	<Point x="1147" y="622"/>
	<Point x="1147" y="623"/>
	<Point x="1149" y="623"/>
	<Point x="1149" y="625"/>
	<Point x="1148" y="625"/>
	<Point x="1148" y="641"/>
	<Point x="1147" y="641"/>
	<Point x="1147" y="642"/>
	<Point x="1146" y="642"/>
	<Point x="1146" y="643"/>
	<Point x="1088" y="643"/>
	<Point x="1088" y="644"/>
	<Point x="1039" y="644"/>
	<Point x="1039" y="653"/>
	<Point x="1038" y="653"/>
	<Point x="1038" y="654"/>
	<Point x="1037" y="654"/>
	<Point x="1037" y="655"/>
	<Point x="1036" y="655"/>
	<Point x="1036" y="656"/>
	<Point x="1035" y="656"/>
	<Point x="1035" y="657"/>
	<Point x="871" y="657"/>
	<Point x="871" y="658"/>
	<Point x="870" y="658"/>
	<Point x="870" y="659"/>
	<Point x="864" y="659"/>
	<Point x="864" y="658"/>
	<Point x="863" y="658"/>
	<Point x="863" y="657"/>
	<Point x="862" y="657"/>
	<Point x="862" y="649"/>
	<Point x="752" y="649"/>
	<Point x="752" y="650"/>
	<Point x="738" y="650"/>
	<Point x="738" y="651"/>
	<Point x="708" y="651"/>
	<Point x="708" y="652"/>
	<Point x="677" y="652"/>
	<Point x="677" y="653"/>
	<Point x="675" y="653"/>
	<Point x="675" y="654"/>
	<Point x="661" y="654"/>
	<Point x="661" y="653"/>
	<Point x="547" y="653"/>
	<Point x="547" y="654"/>
	<Point x="506" y="654"/>
	<Point x="506" y="655"/>
	<Point x="504" y="655"/>
	<Point x="504" y="656"/>
	<Point x="446" y="656"/>
	<Point x="446" y="657"/>
	<Point x="421" y="657"/>
	<Point x="421" y="658"/>
	<Point x="350" y="658"/>
	<Point x="350" y="659"/>
	<Point x="300" y="659"/>
	<Point x="300" y="660"/>
	<Point x="269" y="660"/>
	<Point x="269" y="661"/>
	<Point x="220" y="661"/>
	<Point x="220" y="641"/>
	<Point x="221" y="641"/>
	<Point x="221" y="640"/>
	<Point x="236" y="640"/>
	<Point x="236" y="639"/>
	<Point x="289" y="639"/>
	<Point x="289" y="638"/>
	<Point x="299" y="638"/>
	<Point x="299" y="637"/>
	<Point x="401" y="637"/>
	<Point x="401" y="635"/>
	<Point x="410" y="635"/>
	<Point x="410" y="634"/>
	<Point x="507" y="634"/>
	<Point x="507" y="633"/>
	<Point x="509" y="633"/>
	<Point x="509" y="632"/>
	<Point x="549" y="632"/>
	<Point x="549" y="621"/>
	<Point x="550" y="621"/>
	<Point x="550" y="620"/>
	<Point x="668" y="620"/>
	<Point x="668" y="619"/>
	<Point x="672" y="619"/>
	<Point x="672" y="620"/>
	<Point x="674" y="620"/>
	<Point x="674" y="623"/>
	<Point x="787" y="623"/>
	<Point x="787" y="617"/>
	<Point x="789" y="617"/>
	<Point x="789" y="616"/>
	<Point x="863" y="616"/>
	<Point x="863" y="615"/>
	<Point x="878" y="615"/>
	<Point x="878" y="614"/>
	<Point x="976" y="614"/>
	<Point x="976" y="613"/>
	<Point x="977" y="613"/>
	<Point x="977" y="612"/>
	<Point x="980" y="612"/>
	<Point x="980" y="613"/>
	<Point x="981" y="613"/>
	<Point x="981" y="614"/>
	<Point x="982" y="614"/>
	<Point x="982" y="615"/>
	<Point x="983" y="615"/>
	<Point x="983" y="619"/>
	<Point x="1000" y="619"/>
	<Point x="1000" y="621"/>
	<Point x="1123" y="621"/>
	<Point x="1123" y="611"/>
	<Point x="1124" y="611"/>
	<Point x="1124" y="610"/>
	<Point x="1140" y="610"/></Coords>
	<Word id="r90">
	<Coords>
	<Point x="299" y="637"/>
	<Point x="308" y="637"/>
	<Point x="308" y="640"/>
	<Point x="309" y="640"/>
	<Point x="309" y="644"/>
	<Point x="305" y="644"/>
	<Point x="305" y="658"/>
	<Point x="304" y="658"/>
	<Point x="304" y="659"/>
	<Point x="300" y="659"/>
	<Point x="300" y="660"/>
	<Point x="269" y="660"/>
	<Point x="269" y="661"/>
	<Point x="220" y="661"/>
	<Point x="220" y="641"/>
	<Point x="221" y="641"/>
	<Point x="221" y="640"/>
	<Point x="236" y="640"/>
	<Point x="236" y="639"/>
	<Point x="289" y="639"/>
	<Point x="289" y="638"/>
	<Point x="299" y="638"/></Coords>
	<TextEquiv>
	<PlainText></PlainText>
	<Unicode>HET</Unicode></TextEquiv></Word>
	<Word id="r93">
	<Coords>
	<Point x="509" y="632"/>
	<Point x="509" y="633"/>
	<Point x="511" y="633"/>
	<Point x="511" y="634"/>
	<Point x="512" y="634"/>
	<Point x="512" y="635"/>
	<Point x="513" y="635"/>
	<Point x="513" y="637"/>
	<Point x="512" y="637"/>
	<Point x="512" y="638"/>
	<Point x="511" y="638"/>
	<Point x="511" y="639"/>
	<Point x="508" y="639"/>
	<Point x="508" y="652"/>
	<Point x="507" y="652"/>
	<Point x="507" y="654"/>
	<Point x="506" y="654"/>
	<Point x="506" y="655"/>
	<Point x="504" y="655"/>
	<Point x="504" y="656"/>
	<Point x="446" y="656"/>
	<Point x="446" y="657"/>
	<Point x="421" y="657"/>
	<Point x="421" y="658"/>
	<Point x="350" y="658"/>
	<Point x="350" y="659"/>
	<Point x="339" y="659"/>
	<Point x="339" y="658"/>
	<Point x="338" y="658"/>
	<Point x="338" y="639"/>
	<Point x="337" y="639"/>
	<Point x="337" y="638"/>
	<Point x="340" y="638"/>
	<Point x="340" y="637"/>
	<Point x="401" y="637"/>
	<Point x="401" y="635"/>
	<Point x="410" y="635"/>
	<Point x="410" y="634"/>
	<Point x="507" y="634"/>
	<Point x="507" y="633"/>
	<Point x="509" y="633"/></Coords>
	<TextEquiv>
	<PlainText></PlainText>
	<Unicode>DERDE:</Unicode></TextEquiv></Word>
	<Word id="r99">
	<Coords>
	<Point x="568" y="620"/>
	<Point x="568" y="621"/>
	<Point x="571" y="621"/>
	<Point x="571" y="622"/>
	<Point x="573" y="622"/>
	<Point x="573" y="623"/>
	<Point x="574" y="623"/>
	<Point x="574" y="624"/>
	<Point x="575" y="624"/>
	<Point x="575" y="626"/>
	<Point x="616" y="626"/>
	<Point x="616" y="632"/>
	<Point x="618" y="632"/>
	<Point x="618" y="634"/>
	<Point x="617" y="634"/>
	<Point x="617" y="635"/>
	<Point x="614" y="635"/>
	<Point x="614" y="646"/>
	<Point x="613" y="646"/>
	<Point x="613" y="647"/>
	<Point x="612" y="647"/>
	<Point x="612" y="648"/>
	<Point x="611" y="648"/>
	<Point x="611" y="649"/>
	<Point x="610" y="649"/>
	<Point x="610" y="650"/>
	<Point x="609" y="650"/>
	<Point x="609" y="651"/>
	<Point x="608" y="651"/>
	<Point x="608" y="652"/>
	<Point x="593" y="652"/>
	<Point x="593" y="653"/>
	<Point x="547" y="653"/>
	<Point x="547" y="654"/>
	<Point x="545" y="654"/>
	<Point x="545" y="653"/>
	<Point x="544" y="653"/>
	<Point x="544" y="652"/>
	<Point x="545" y="652"/>
	<Point x="545" y="651"/>
	<Point x="546" y="651"/>
	<Point x="546" y="650"/>
	<Point x="547" y="650"/>
	<Point x="547" y="648"/>
	<Point x="548" y="648"/>
	<Point x="548" y="645"/>
	<Point x="549" y="645"/>
	<Point x="549" y="621"/>
	<Point x="550" y="621"/>
	<Point x="550" y="620"/></Coords>
	<TextEquiv>
	<PlainText></PlainText>
	<Unicode>Dat</Unicode></TextEquiv></Word>
	<Word id="r100">
	<Coords>
	<Point x="672" y="619"/>
	<Point x="672" y="620"/>
	<Point x="674" y="620"/>
	<Point x="674" y="632"/>
	<Point x="677" y="632"/>
	<Point x="677" y="634"/>
	<Point x="678" y="634"/>
	<Point x="678" y="651"/>
	<Point x="677" y="651"/>
	<Point x="677" y="653"/>
	<Point x="675" y="653"/>
	<Point x="675" y="654"/>
	<Point x="661" y="654"/>
	<Point x="661" y="653"/>
	<Point x="660" y="653"/>
	<Point x="660" y="651"/>
	<Point x="646" y="651"/>
	<Point x="646" y="650"/>
	<Point x="645" y="650"/>
	<Point x="645" y="649"/>
	<Point x="646" y="649"/>
	<Point x="646" y="637"/>
	<Point x="647" y="637"/>
	<Point x="647" y="636"/>
	<Point x="648" y="636"/>
	<Point x="648" y="634"/>
	<Point x="649" y="634"/>
	<Point x="649" y="633"/>
	<Point x="650" y="633"/>
	<Point x="650" y="632"/>
	<Point x="651" y="632"/>
	<Point x="651" y="631"/>
	<Point x="652" y="631"/>
	<Point x="652" y="621"/>
	<Point x="653" y="621"/>
	<Point x="653" y="620"/>
	<Point x="668" y="620"/>
	<Point x="668" y="619"/></Coords>
	<TextEquiv>
	<PlainText></PlainText>
	<Unicode>ik</Unicode></TextEquiv></Word>
	<Word id="r101">
	<Coords>
	<Point x="760" y="623"/>
	<Point x="760" y="624"/>
	<Point x="761" y="624"/>
	<Point x="761" y="628"/>
	<Point x="762" y="628"/>
	<Point x="762" y="629"/>
	<Point x="763" y="629"/>
	<Point x="763" y="630"/>
	<Point x="762" y="630"/>
	<Point x="762" y="632"/>
	<Point x="760" y="632"/>
	<Point x="760" y="633"/>
	<Point x="759" y="633"/>
	<Point x="759" y="643"/>
	<Point x="758" y="643"/>
	<Point x="758" y="644"/>
	<Point x="757" y="644"/>
	<Point x="757" y="645"/>
	<Point x="756" y="645"/>
	<Point x="756" y="647"/>
	<Point x="755" y="647"/>
	<Point x="755" y="648"/>
	<Point x="754" y="648"/>
	<Point x="754" y="649"/>
	<Point x="752" y="649"/>
	<Point x="752" y="650"/>
	<Point x="738" y="650"/>
	<Point x="738" y="651"/>
	<Point x="708" y="651"/>
	<Point x="708" y="652"/>
	<Point x="697" y="652"/>
	<Point x="697" y="649"/>
	<Point x="698" y="649"/>
	<Point x="698" y="635"/>
	<Point x="699" y="635"/>
	<Point x="699" y="633"/>
	<Point x="700" y="633"/>
	<Point x="700" y="632"/>
	<Point x="702" y="632"/>
	<Point x="702" y="631"/>
	<Point x="705" y="631"/>
	<Point x="705" y="630"/>
	<Point x="740" y="630"/>
	<Point x="740" y="629"/>
	<Point x="745" y="629"/>
	<Point x="745" y="628"/>
	<Point x="755" y="628"/>
	<Point x="755" y="627"/>
	<Point x="757" y="627"/>
	<Point x="757" y="625"/>
	<Point x="758" y="625"/>
	<Point x="758" y="624"/>
	<Point x="759" y="624"/>
	<Point x="759" y="623"/></Coords>
	<TextEquiv>
	<PlainText></PlainText>
	<Unicode>niet</Unicode></TextEquiv></Word>
	<Word id="r102">
	<Coords>
	<Point x="878" y="614"/>
	<Point x="882" y="614"/>
	<Point x="882" y="615"/>
	<Point x="883" y="615"/>
	<Point x="883" y="624"/>
	<Point x="922" y="624"/>
	<Point x="922" y="625"/>
	<Point x="923" y="625"/>
	<Point x="923" y="626"/>
	<Point x="924" y="626"/>
	<Point x="924" y="627"/>
	<Point x="925" y="627"/>
	<Point x="925" y="631"/>
	<Point x="924" y="631"/>
	<Point x="924" y="633"/>
	<Point x="923" y="633"/>
	<Point x="923" y="634"/>
	<Point x="921" y="634"/>
	<Point x="921" y="637"/>
	<Point x="942" y="637"/>
	<Point x="942" y="638"/>
	<Point x="945" y="638"/>
	<Point x="945" y="641"/>
	<Point x="946" y="641"/>
	<Point x="946" y="643"/>
	<Point x="947" y="643"/>
	<Point x="947" y="650"/>
	<Point x="946" y="650"/>
	<Point x="946" y="653"/>
	<Point x="945" y="653"/>
	<Point x="945" y="654"/>
	<Point x="944" y="654"/>
	<Point x="944" y="655"/>
	<Point x="943" y="655"/>
	<Point x="943" y="656"/>
	<Point x="941" y="656"/>
	<Point x="941" y="657"/>
	<Point x="871" y="657"/>
	<Point x="871" y="658"/>
	<Point x="870" y="658"/>
	<Point x="870" y="659"/>
	<Point x="864" y="659"/>
	<Point x="864" y="658"/>
	<Point x="863" y="658"/>
	<Point x="863" y="657"/>
	<Point x="862" y="657"/>
	<Point x="862" y="649"/>
	<Point x="788" y="649"/>
	<Point x="788" y="648"/>
	<Point x="784" y="648"/>
	<Point x="784" y="647"/>
	<Point x="783" y="647"/>
	<Point x="783" y="646"/>
	<Point x="782" y="646"/>
	<Point x="782" y="642"/>
	<Point x="783" y="642"/>
	<Point x="783" y="640"/>
	<Point x="784" y="640"/>
	<Point x="784" y="636"/>
	<Point x="785" y="636"/>
	<Point x="785" y="632"/>
	<Point x="786" y="632"/>
	<Point x="786" y="631"/>
	<Point x="787" y="631"/>
	<Point x="787" y="617"/>
	<Point x="789" y="617"/>
	<Point x="789" y="616"/>
	<Point x="863" y="616"/>
	<Point x="863" y="615"/>
	<Point x="878" y="615"/></Coords>
	<TextEquiv>
	<PlainText></PlainText>
	<Unicode>bewijze,</Unicode></TextEquiv></Word>
	<Word id="r104">
	<Coords>
	<Point x="980" y="612"/>
	<Point x="980" y="613"/>
	<Point x="981" y="613"/>
	<Point x="981" y="614"/>
	<Point x="982" y="614"/>
	<Point x="982" y="615"/>
	<Point x="983" y="615"/>
	<Point x="983" y="619"/>
	<Point x="1000" y="619"/>
	<Point x="1000" y="624"/>
	<Point x="1001" y="624"/>
	<Point x="1001" y="627"/>
	<Point x="998" y="627"/>
	<Point x="998" y="637"/>
	<Point x="997" y="637"/>
	<Point x="997" y="639"/>
	<Point x="996" y="639"/>
	<Point x="996" y="641"/>
	<Point x="995" y="641"/>
	<Point x="995" y="642"/>
	<Point x="994" y="642"/>
	<Point x="994" y="643"/>
	<Point x="993" y="643"/>
	<Point x="993" y="644"/>
	<Point x="991" y="644"/>
	<Point x="991" y="645"/>
	<Point x="988" y="645"/>
	<Point x="988" y="625"/>
	<Point x="976" y="625"/>
	<Point x="976" y="619"/>
	<Point x="974" y="619"/>
	<Point x="974" y="615"/>
	<Point x="975" y="615"/>
	<Point x="975" y="614"/>
	<Point x="976" y="614"/>
	<Point x="976" y="613"/>
	<Point x="977" y="613"/>
	<Point x="977" y="612"/></Coords>
	<TextEquiv>
	<PlainText></PlainText>
	<Unicode>'</Unicode></TextEquiv></Word>
	<Word id="r105">
	<Coords>
	<Point x="1095" y="621"/>
	<Point x="1095" y="622"/>
	<Point x="1096" y="622"/>
	<Point x="1096" y="624"/>
	<Point x="1097" y="624"/>
	<Point x="1097" y="637"/>
	<Point x="1096" y="637"/>
	<Point x="1096" y="638"/>
	<Point x="1095" y="638"/>
	<Point x="1095" y="640"/>
	<Point x="1094" y="640"/>
	<Point x="1094" y="641"/>
	<Point x="1092" y="641"/>
	<Point x="1092" y="642"/>
	<Point x="1091" y="642"/>
	<Point x="1091" y="643"/>
	<Point x="1088" y="643"/>
	<Point x="1088" y="644"/>
	<Point x="1039" y="644"/>
	<Point x="1039" y="653"/>
	<Point x="1038" y="653"/>
	<Point x="1038" y="654"/>
	<Point x="1037" y="654"/>
	<Point x="1037" y="655"/>
	<Point x="1036" y="655"/>
	<Point x="1036" y="656"/>
	<Point x="1035" y="656"/>
	<Point x="1035" y="657"/>
	<Point x="1023" y="657"/>
	<Point x="1023" y="656"/>
	<Point x="1022" y="656"/>
	<Point x="1022" y="655"/>
	<Point x="1021" y="655"/>
	<Point x="1021" y="654"/>
	<Point x="1020" y="654"/>
	<Point x="1020" y="649"/>
	<Point x="1021" y="649"/>
	<Point x="1021" y="648"/>
	<Point x="1022" y="648"/>
	<Point x="1022" y="647"/>
	<Point x="1025" y="647"/>
	<Point x="1025" y="629"/>
	<Point x="1026" y="629"/>
	<Point x="1026" y="626"/>
	<Point x="1027" y="626"/>
	<Point x="1027" y="624"/>
	<Point x="1029" y="624"/>
	<Point x="1029" y="623"/>
	<Point x="1031" y="623"/>
	<Point x="1031" y="622"/>
	<Point x="1094" y="622"/>
	<Point x="1094" y="621"/></Coords>
	<TextEquiv>
	<PlainText></PlainText>
	<Unicode>geen</Unicode></TextEquiv></Word>
	<Word id="r106">
	<Coords>
	<Point x="1143" y="609"/>
	<Point x="1143" y="610"/>
	<Point x="1144" y="610"/>
	<Point x="1144" y="622"/>
	<Point x="1147" y="622"/>
	<Point x="1147" y="623"/>
	<Point x="1149" y="623"/>
	<Point x="1149" y="625"/>
	<Point x="1148" y="625"/>
	<Point x="1148" y="641"/>
	<Point x="1147" y="641"/>
	<Point x="1147" y="642"/>
	<Point x="1146" y="642"/>
	<Point x="1146" y="643"/>
	<Point x="1116" y="643"/>
	<Point x="1116" y="640"/>
	<Point x="1117" y="640"/>
	<Point x="1117" y="628"/>
	<Point x="1118" y="628"/>
	<Point x="1118" y="626"/>
	<Point x="1120" y="626"/>
	<Point x="1120" y="624"/>
	<Point x="1121" y="624"/>
	<Point x="1121" y="623"/>
	<Point x="1123" y="623"/>
	<Point x="1123" y="611"/>
	<Point x="1124" y="611"/>
	<Point x="1124" y="610"/>
	<Point x="1140" y="610"/>
	<Point x="1140" y="609"/></Coords>
	<TextEquiv>
	<PlainText></PlainText>
	<Unicode>ik</Unicode></TextEquiv></Word>
	<TextEquiv>
	<PlainText></PlainText>
	<Unicode>HET DERDE: Dat ik niet bewijze, ' geen ik</Unicode></TextEquiv></TextLine>
	<TextLine id="r28">
	<Coords>
	<Point x="270" y="692"/>
	<Point x="272" y="692"/>
	<Point x="272" y="694"/>
	<Point x="273" y="694"/>
	<Point x="273" y="701"/>
	<Point x="388" y="701"/>
	<Point x="388" y="700"/>
	<Point x="454" y="700"/>
	<Point x="454" y="697"/>
	<Point x="455" y="697"/>
	<Point x="455" y="696"/>
	<Point x="456" y="696"/>
	<Point x="456" y="695"/>
	<Point x="458" y="695"/>
	<Point x="458" y="696"/>
	<Point x="459" y="696"/>
	<Point x="459" y="701"/>
	<Point x="460" y="701"/>
	<Point x="460" y="714"/>
	<Point x="473" y="714"/>
	<Point x="473" y="715"/>
	<Point x="474" y="715"/>
	<Point x="474" y="719"/>
	<Point x="473" y="719"/>
	<Point x="473" y="720"/>
	<Point x="449" y="720"/>
	<Point x="449" y="721"/>
	<Point x="434" y="721"/>
	<Point x="434" y="722"/>
	<Point x="374" y="722"/>
	<Point x="374" y="723"/>
	<Point x="330" y="723"/>
	<Point x="330" y="724"/>
	<Point x="320" y="724"/>
	<Point x="320" y="725"/>
	<Point x="276" y="725"/>
	<Point x="276" y="726"/>
	<Point x="265" y="726"/>
	<Point x="265" y="729"/>
	<Point x="264" y="729"/>
	<Point x="264" y="732"/>
	<Point x="263" y="732"/>
	<Point x="263" y="734"/>
	<Point x="262" y="734"/>
	<Point x="262" y="736"/>
	<Point x="261" y="736"/>
	<Point x="261" y="737"/>
	<Point x="259" y="737"/>
	<Point x="259" y="738"/>
	<Point x="255" y="738"/>
	<Point x="255" y="729"/>
	<Point x="174" y="729"/>
	<Point x="174" y="728"/>
	<Point x="173" y="728"/>
	<Point x="173" y="726"/>
	<Point x="172" y="726"/>
	<Point x="172" y="723"/>
	<Point x="173" y="723"/>
	<Point x="173" y="720"/>
	<Point x="174" y="720"/>
	<Point x="174" y="717"/>
	<Point x="175" y="717"/>
	<Point x="175" y="716"/>
	<Point x="176" y="716"/>
	<Point x="176" y="709"/>
	<Point x="177" y="709"/>
	<Point x="177" y="696"/>
	<Point x="181" y="696"/>
	<Point x="181" y="695"/>
	<Point x="253" y="695"/>
	<Point x="253" y="694"/>
	<Point x="269" y="694"/>
	<Point x="269" y="693"/>
	<Point x="270" y="693"/></Coords>
	<Word id="r107">
	<Coords>
	<Point x="272" y="692"/>
	<Point x="272" y="694"/>
	<Point x="273" y="694"/>
	<Point x="273" y="702"/>
	<Point x="336" y="702"/>
	<Point x="336" y="703"/>
	<Point x="337" y="703"/>
	<Point x="337" y="714"/>
	<Point x="338" y="714"/>
	<Point x="338" y="718"/>
	<Point x="336" y="718"/>
	<Point x="336" y="719"/>
	<Point x="334" y="719"/>
	<Point x="334" y="720"/>
	<Point x="333" y="720"/>
	<Point x="333" y="721"/>
	<Point x="332" y="721"/>
	<Point x="332" y="723"/>
	<Point x="330" y="723"/>
	<Point x="330" y="724"/>
	<Point x="320" y="724"/>
	<Point x="320" y="725"/>
	<Point x="276" y="725"/>
	<Point x="276" y="726"/>
	<Point x="265" y="726"/>
	<Point x="265" y="729"/>
	<Point x="264" y="729"/>
	<Point x="264" y="732"/>
	<Point x="263" y="732"/>
	<Point x="263" y="734"/>
	<Point x="262" y="734"/>
	<Point x="262" y="736"/>
	<Point x="261" y="736"/>
	<Point x="261" y="737"/>
	<Point x="259" y="737"/>
	<Point x="259" y="738"/>
	<Point x="255" y="738"/>
	<Point x="255" y="729"/>
	<Point x="174" y="729"/>
	<Point x="174" y="728"/>
	<Point x="173" y="728"/>
	<Point x="173" y="726"/>
	<Point x="172" y="726"/>
	<Point x="172" y="723"/>
	<Point x="173" y="723"/>
	<Point x="173" y="720"/>
	<Point x="174" y="720"/>
	<Point x="174" y="717"/>
	<Point x="175" y="717"/>
	<Point x="175" y="716"/>
	<Point x="176" y="716"/>
	<Point x="176" y="709"/>
	<Point x="177" y="709"/>
	<Point x="177" y="696"/>
	<Point x="181" y="696"/>
	<Point x="181" y="695"/>
	<Point x="253" y="695"/>
	<Point x="253" y="694"/>
	<Point x="269" y="694"/>
	<Point x="269" y="693"/>
	<Point x="270" y="693"/>
	<Point x="270" y="692"/></Coords>
	<TextEquiv>
	<PlainText></PlainText>
	<Unicode>bewijzen</Unicode></TextEquiv></Word>
	<Word id="r108">
	<Coords>
	<Point x="456" y="695"/>
	<Point x="458" y="695"/>
	<Point x="458" y="696"/>
	<Point x="459" y="696"/>
	<Point x="459" y="701"/>
	<Point x="460" y="701"/>
	<Point x="460" y="703"/>
	<Point x="457" y="703"/>
	<Point x="457" y="714"/>
	<Point x="473" y="714"/>
	<Point x="473" y="715"/>
	<Point x="474" y="715"/>
	<Point x="474" y="719"/>
	<Point x="473" y="719"/>
	<Point x="473" y="720"/>
	<Point x="449" y="720"/>
	<Point x="449" y="721"/>
	<Point x="434" y="721"/>
	<Point x="434" y="722"/>
	<Point x="374" y="722"/>
	<Point x="374" y="723"/>
	<Point x="363" y="723"/>
	<Point x="363" y="717"/>
	<Point x="362" y="717"/>
	<Point x="363" y="717"/>
	<Point x="363" y="715"/>
	<Point x="364" y="715"/>
	<Point x="364" y="704"/>
	<Point x="365" y="704"/>
	<Point x="365" y="702"/>
	<Point x="369" y="702"/>
	<Point x="369" y="701"/>
	<Point x="388" y="701"/>
	<Point x="388" y="700"/>
	<Point x="454" y="700"/>
	<Point x="454" y="697"/>
	<Point x="455" y="697"/>
	<Point x="455" y="696"/>
	<Point x="456" y="696"/></Coords>
	<TextEquiv>
	<PlainText></PlainText>
	<Unicode>moest.</Unicode></TextEquiv></Word>
	<TextEquiv>
	<PlainText></PlainText>
	<Unicode>bewijzen moest.</Unicode></TextEquiv></TextLine>
	<TextEquiv>
	<PlainText></PlainText>
	<Unicode>HET DERDE: Dat ik niet bewijze, ' geen ik
bewijzen moest.</Unicode></TextEquiv></TextRegion>
	<TextRegion id="r25" type="paragraph">
	<Coords>
	<Point x="1171" y="797"/>
	<Point x="1171" y="848"/>
	<Point x="1127" y="848"/>
	<Point x="1127" y="849"/>
	<Point x="1126" y="849"/>
	<Point x="1126" y="851"/>
	<Point x="1125" y="851"/>
	<Point x="1125" y="853"/>
	<Point x="1124" y="853"/>
	<Point x="1124" y="855"/>
	<Point x="1123" y="855"/>
	<Point x="1123" y="857"/>
	<Point x="1122" y="857"/>
	<Point x="1122" y="858"/>
	<Point x="1121" y="858"/>
	<Point x="1121" y="859"/>
	<Point x="540" y="859"/>
	<Point x="540" y="860"/>
	<Point x="539" y="860"/>
	<Point x="539" y="861"/>
	<Point x="538" y="861"/>
	<Point x="538" y="862"/>
	<Point x="537" y="862"/>
	<Point x="537" y="863"/>
	<Point x="536" y="863"/>
	<Point x="536" y="864"/>
	<Point x="535" y="864"/>
	<Point x="535" y="866"/>
	<Point x="534" y="866"/>
	<Point x="534" y="867"/>
	<Point x="533" y="867"/>
	<Point x="533" y="868"/>
	<Point x="532" y="868"/>
	<Point x="532" y="869"/>
	<Point x="531" y="869"/>
	<Point x="531" y="870"/>
	<Point x="530" y="870"/>
	<Point x="530" y="871"/>
	<Point x="148" y="871"/>
	<Point x="148" y="797"/></Coords>
	<TextLine id="r30">
	<Coords>
	<Point x="909" y="803"/>
	<Point x="915" y="803"/>
	<Point x="915" y="814"/>
	<Point x="1011" y="814"/>
	<Point x="1011" y="815"/>
	<Point x="1012" y="815"/>
	<Point x="1012" y="817"/>
	<Point x="1030" y="817"/>
	<Point x="1030" y="818"/>
	<Point x="1032" y="818"/>
	<Point x="1032" y="819"/>
	<Point x="1033" y="819"/>
	<Point x="1033" y="829"/>
	<Point x="1034" y="829"/>
	<Point x="1034" y="830"/>
	<Point x="1035" y="830"/>
	<Point x="1035" y="832"/>
	<Point x="1036" y="832"/>
	<Point x="1036" y="834"/>
	<Point x="1035" y="834"/>
	<Point x="1035" y="836"/>
	<Point x="1034" y="836"/>
	<Point x="1034" y="838"/>
	<Point x="1033" y="838"/>
	<Point x="1033" y="839"/>
	<Point x="1032" y="839"/>
	<Point x="1032" y="841"/>
	<Point x="1031" y="841"/>
	<Point x="1031" y="842"/>
	<Point x="1030" y="842"/>
	<Point x="1030" y="843"/>
	<Point x="1028" y="843"/>
	<Point x="1028" y="844"/>
	<Point x="1025" y="844"/>
	<Point x="1025" y="843"/>
	<Point x="1024" y="843"/>
	<Point x="1024" y="837"/>
	<Point x="889" y="837"/>
	<Point x="889" y="838"/>
	<Point x="850" y="838"/>
	<Point x="850" y="839"/>
	<Point x="828" y="839"/>
	<Point x="828" y="840"/>
	<Point x="807" y="840"/>
	<Point x="807" y="841"/>
	<Point x="747" y="841"/>
	<Point x="747" y="842"/>
	<Point x="746" y="842"/>
	<Point x="746" y="843"/>
	<Point x="688" y="843"/>
	<Point x="688" y="844"/>
	<Point x="687" y="844"/>
	<Point x="687" y="845"/>
	<Point x="566" y="845"/>
	<Point x="566" y="846"/>
	<Point x="525" y="846"/>
	<Point x="525" y="847"/>
	<Point x="502" y="847"/>
	<Point x="502" y="848"/>
	<Point x="449" y="848"/>
	<Point x="449" y="849"/>
	<Point x="371" y="849"/>
	<Point x="371" y="850"/>
	<Point x="370" y="850"/>
	<Point x="370" y="851"/>
	<Point x="368" y="851"/>
	<Point x="368" y="852"/>
	<Point x="312" y="852"/>
	<Point x="312" y="853"/>
	<Point x="261" y="853"/>
	<Point x="261" y="854"/>
	<Point x="235" y="854"/>
	<Point x="235" y="855"/>
	<Point x="228" y="855"/>
	<Point x="228" y="854"/>
	<Point x="227" y="854"/>
	<Point x="227" y="853"/>
	<Point x="225" y="853"/>
	<Point x="225" y="852"/>
	<Point x="224" y="852"/>
	<Point x="224" y="849"/>
	<Point x="223" y="849"/>
	<Point x="223" y="848"/>
	<Point x="222" y="848"/>
	<Point x="222" y="841"/>
	<Point x="223" y="841"/>
	<Point x="223" y="838"/>
	<Point x="224" y="838"/>
	<Point x="224" y="837"/>
	<Point x="225" y="837"/>
	<Point x="225" y="836"/>
	<Point x="226" y="836"/>
	<Point x="226" y="835"/>
	<Point x="228" y="835"/>
	<Point x="228" y="834"/>
	<Point x="229" y="834"/>
	<Point x="229" y="833"/>
	<Point x="234" y="833"/>
	<Point x="234" y="832"/>
	<Point x="295" y="832"/>
	<Point x="295" y="831"/>
	<Point x="297" y="831"/>
	<Point x="297" y="830"/>
	<Point x="332" y="830"/>
	<Point x="332" y="829"/>
	<Point x="357" y="829"/>
	<Point x="357" y="828"/>
	<Point x="370" y="828"/>
	<Point x="370" y="827"/>
	<Point x="432" y="827"/>
	<Point x="432" y="826"/>
	<Point x="503" y="826"/>
	<Point x="503" y="825"/>
	<Point x="531" y="825"/>
	<Point x="531" y="824"/>
	<Point x="603" y="824"/>
	<Point x="603" y="814"/>
	<Point x="604" y="814"/>
	<Point x="604" y="813"/>
	<Point x="610" y="813"/>
	<Point x="610" y="812"/>
	<Point x="612" y="812"/>
	<Point x="612" y="821"/>
	<Point x="733" y="821"/>
	<Point x="733" y="820"/>
	<Point x="735" y="820"/>
	<Point x="735" y="819"/>
	<Point x="794" y="819"/>
	<Point x="794" y="815"/>
	<Point x="795" y="815"/>
	<Point x="795" y="814"/>
	<Point x="892" y="814"/>
	<Point x="892" y="806"/>
	<Point x="893" y="806"/>
	<Point x="893" y="805"/>
	<Point x="908" y="805"/>
	<Point x="908" y="804"/>
	<Point x="909" y="804"/></Coords>
	<Word id="r110">
	<Coords>
	<Point x="234" y="832"/>
	<Point x="265" y="832"/>
	<Point x="265" y="833"/>
	<Point x="266" y="833"/>
	<Point x="266" y="834"/>
	<Point x="267" y="834"/>
	<Point x="267" y="835"/>
	<Point x="268" y="835"/>
	<Point x="268" y="836"/>
	<Point x="269" y="836"/>
	<Point x="269" y="840"/>
	<Point x="268" y="840"/>
	<Point x="268" y="843"/>
	<Point x="266" y="843"/>
	<Point x="266" y="844"/>
	<Point x="264" y="844"/>
	<Point x="264" y="845"/>
	<Point x="262" y="845"/>
	<Point x="262" y="846"/>
	<Point x="261" y="846"/>
	<Point x="261" y="854"/>
	<Point x="235" y="854"/>
	<Point x="235" y="855"/>
	<Point x="228" y="855"/>
	<Point x="228" y="854"/>
	<Point x="227" y="854"/>
	<Point x="227" y="853"/>
	<Point x="225" y="853"/>
	<Point x="225" y="852"/>
	<Point x="224" y="852"/>
	<Point x="224" y="849"/>
	<Point x="223" y="849"/>
	<Point x="223" y="848"/>
	<Point x="222" y="848"/>
	<Point x="222" y="841"/>
	<Point x="223" y="841"/>
	<Point x="223" y="838"/>
	<Point x="224" y="838"/>
	<Point x="224" y="837"/>
	<Point x="225" y="837"/>
	<Point x="225" y="836"/>
	<Point x="226" y="836"/>
	<Point x="226" y="835"/>
	<Point x="228" y="835"/>
	<Point x="228" y="834"/>
	<Point x="229" y="834"/>
	<Point x="229" y="833"/>
	<Point x="234" y="833"/></Coords>
	<TextEquiv>
	<PlainText></PlainText>
	<Unicode>OP</Unicode></TextEquiv></Word>
	<Word id="r112">
	<Coords>
	<Point x="370" y="827"/>
	<Point x="371" y="827"/>
	<Point x="371" y="828"/>
	<Point x="373" y="828"/>
	<Point x="373" y="829"/>
	<Point x="375" y="829"/>
	<Point x="375" y="836"/>
	<Point x="371" y="836"/>
	<Point x="371" y="850"/>
	<Point x="370" y="850"/>
	<Point x="370" y="851"/>
	<Point x="368" y="851"/>
	<Point x="368" y="852"/>
	<Point x="312" y="852"/>
	<Point x="312" y="853"/>
	<Point x="295" y="853"/>
	<Point x="295" y="831"/>
	<Point x="297" y="831"/>
	<Point x="297" y="830"/>
	<Point x="332" y="830"/>
	<Point x="332" y="829"/>
	<Point x="357" y="829"/>
	<Point x="357" y="828"/>
	<Point x="370" y="828"/></Coords>
	<TextEquiv>
	<PlainText></PlainText>
	<Unicode>HET</Unicode></TextEquiv></Word>
	<Word id="r115">
	<Coords>
	<Point x="531" y="824"/>
	<Point x="534" y="824"/>
	<Point x="534" y="825"/>
	<Point x="568" y="825"/>
	<Point x="568" y="839"/>
	<Point x="570" y="839"/>
	<Point x="570" y="845"/>
	<Point x="566" y="845"/>
	<Point x="566" y="846"/>
	<Point x="525" y="846"/>
	<Point x="525" y="847"/>
	<Point x="502" y="847"/>
	<Point x="502" y="848"/>
	<Point x="449" y="848"/>
	<Point x="449" y="849"/>
	<Point x="404" y="849"/>
	<Point x="404" y="831"/>
	<Point x="403" y="831"/>
	<Point x="403" y="829"/>
	<Point x="404" y="829"/>
	<Point x="404" y="828"/>
	<Point x="417" y="828"/>
	<Point x="417" y="827"/>
	<Point x="432" y="827"/>
	<Point x="432" y="826"/>
	<Point x="503" y="826"/>
	<Point x="503" y="825"/>
	<Point x="531" y="825"/></Coords>
	<TextEquiv>
	<PlainText></PlainText>
	<Unicode>EERSTE</Unicode></TextEquiv></Word>
	<Word id="r121">
	<Coords>
	<Point x="612" y="812"/>
	<Point x="612" y="821"/>
	<Point x="733" y="821"/>
	<Point x="733" y="820"/>
	<Point x="735" y="820"/>
	<Point x="735" y="819"/>
	<Point x="739" y="819"/>
	<Point x="739" y="820"/>
	<Point x="762" y="820"/>
	<Point x="762" y="825"/>
	<Point x="761" y="825"/>
	<Point x="761" y="826"/>
	<Point x="755" y="826"/>
	<Point x="755" y="828"/>
	<Point x="754" y="828"/>
	<Point x="754" y="829"/>
	<Point x="753" y="829"/>
	<Point x="753" y="830"/>
	<Point x="752" y="830"/>
	<Point x="752" y="832"/>
	<Point x="751" y="832"/>
	<Point x="751" y="834"/>
	<Point x="750" y="834"/>
	<Point x="750" y="838"/>
	<Point x="749" y="838"/>
	<Point x="749" y="840"/>
	<Point x="748" y="840"/>
	<Point x="748" y="841"/>
	<Point x="747" y="841"/>
	<Point x="747" y="842"/>
	<Point x="746" y="842"/>
	<Point x="746" y="843"/>
	<Point x="688" y="843"/>
	<Point x="688" y="844"/>
	<Point x="687" y="844"/>
	<Point x="687" y="845"/>
	<Point x="601" y="845"/>
	<Point x="601" y="844"/>
	<Point x="600" y="844"/>
	<Point x="600" y="843"/>
	<Point x="599" y="843"/>
	<Point x="599" y="840"/>
	<Point x="600" y="840"/>
	<Point x="600" y="837"/>
	<Point x="601" y="837"/>
	<Point x="601" y="834"/>
	<Point x="602" y="834"/>
	<Point x="602" y="832"/>
	<Point x="603" y="832"/>
	<Point x="603" y="814"/>
	<Point x="604" y="814"/>
	<Point x="604" y="813"/>
	<Point x="610" y="813"/>
	<Point x="610" y="812"/></Coords>
	<TextEquiv>
	<PlainText></PlainText>
	<Unicode>bezwaar</Unicode></TextEquiv></Word>
	<Word id="r122">
	<Coords>
	<Point x="799" y="814"/>
	<Point x="799" y="815"/>
	<Point x="858" y="815"/>
	<Point x="858" y="816"/>
	<Point x="859" y="816"/>
	<Point x="859" y="818"/>
	<Point x="860" y="818"/>
	<Point x="860" y="830"/>
	<Point x="859" y="830"/>
	<Point x="859" y="831"/>
	<Point x="858" y="831"/>
	<Point x="858" y="833"/>
	<Point x="857" y="833"/>
	<Point x="857" y="834"/>
	<Point x="856" y="834"/>
	<Point x="856" y="835"/>
	<Point x="855" y="835"/>
	<Point x="855" y="836"/>
	<Point x="854" y="836"/>
	<Point x="854" y="837"/>
	<Point x="853" y="837"/>
	<Point x="853" y="838"/>
	<Point x="850" y="838"/>
	<Point x="850" y="839"/>
	<Point x="828" y="839"/>
	<Point x="828" y="840"/>
	<Point x="807" y="840"/>
	<Point x="807" y="841"/>
	<Point x="807" y="840"/>
	<Point x="788" y="840"/>
	<Point x="788" y="839"/>
	<Point x="787" y="839"/>
	<Point x="787" y="837"/>
	<Point x="788" y="837"/>
	<Point x="788" y="835"/>
	<Point x="789" y="835"/>
	<Point x="789" y="820"/>
	<Point x="793" y="820"/>
	<Point x="793" y="819"/>
	<Point x="794" y="819"/>
	<Point x="794" y="815"/>
	<Point x="795" y="815"/>
	<Point x="795" y="814"/></Coords>
	<TextEquiv>
	<PlainText></PlainText>
	<Unicode>toon</Unicode></TextEquiv></Word>
	<Word id="r123">
	<Coords>
	<Point x="915" y="803"/>
	<Point x="915" y="816"/>
	<Point x="918" y="816"/>
	<Point x="918" y="817"/>
	<Point x="919" y="817"/>
	<Point x="919" y="821"/>
	<Point x="918" y="821"/>
	<Point x="918" y="836"/>
	<Point x="916" y="836"/>
	<Point x="916" y="837"/>
	<Point x="889" y="837"/>
	<Point x="889" y="838"/>
	<Point x="887" y="838"/>
	<Point x="887" y="837"/>
	<Point x="886" y="837"/>
	<Point x="887" y="837"/>
	<Point x="887" y="822"/>
	<Point x="888" y="822"/>
	<Point x="888" y="820"/>
	<Point x="889" y="820"/>
	<Point x="889" y="819"/>
	<Point x="890" y="819"/>
	<Point x="890" y="818"/>
	<Point x="892" y="818"/>
	<Point x="892" y="806"/>
	<Point x="893" y="806"/>
	<Point x="893" y="805"/>
	<Point x="908" y="805"/>
	<Point x="908" y="804"/>
	<Point x="909" y="804"/>
	<Point x="909" y="803"/></Coords>
	<TextEquiv>
	<PlainText></PlainText>
	<Unicode>ik</Unicode></TextEquiv></Word>
	<Word id="r124">
	<Coords>
	<Point x="963" y="814"/>
	<Point x="1011" y="814"/>
	<Point x="1011" y="815"/>
	<Point x="1012" y="815"/>
	<Point x="1012" y="817"/>
	<Point x="1030" y="817"/>
	<Point x="1030" y="818"/>
	<Point x="1032" y="818"/>
	<Point x="1032" y="819"/>
	<Point x="1033" y="819"/>
	<Point x="1033" y="829"/>
	<Point x="1034" y="829"/>
	<Point x="1034" y="830"/>
	<Point x="1035" y="830"/>
	<Point x="1035" y="832"/>
	<Point x="1036" y="832"/>
	<Point x="1036" y="834"/>
	<Point x="1035" y="834"/>
	<Point x="1035" y="836"/>
	<Point x="1034" y="836"/>
	<Point x="1034" y="838"/>
	<Point x="1033" y="838"/>
	<Point x="1033" y="839"/>
	<Point x="1032" y="839"/>
	<Point x="1032" y="841"/>
	<Point x="1031" y="841"/>
	<Point x="1031" y="842"/>
	<Point x="1030" y="842"/>
	<Point x="1030" y="843"/>
	<Point x="1028" y="843"/>
	<Point x="1028" y="844"/>
	<Point x="1025" y="844"/>
	<Point x="1025" y="843"/>
	<Point x="1024" y="843"/>
	<Point x="1024" y="837"/>
	<Point x="947" y="837"/>
	<Point x="947" y="836"/>
	<Point x="946" y="836"/>
	<Point x="946" y="831"/>
	<Point x="947" y="831"/>
	<Point x="947" y="828"/>
	<Point x="948" y="828"/>
	<Point x="948" y="825"/>
	<Point x="949" y="825"/>
	<Point x="949" y="823"/>
	<Point x="950" y="823"/>
	<Point x="950" y="822"/>
	<Point x="951" y="822"/>
	<Point x="951" y="821"/>
	<Point x="952" y="821"/>
	<Point x="952" y="820"/>
	<Point x="953" y="820"/>
	<Point x="953" y="819"/>
	<Point x="954" y="819"/>
	<Point x="954" y="817"/>
	<Point x="955" y="817"/>
	<Point x="955" y="816"/>
	<Point x="958" y="816"/>
	<Point x="958" y="815"/>
	<Point x="963" y="815"/></Coords>
	<TextEquiv>
	<PlainText></PlainText>
	<Unicode>aan;</Unicode></TextEquiv></Word>
	<TextEquiv>
	<PlainText></PlainText>
	<Unicode>OP HET EERSTE bezwaar toon ik aan;</Unicode></TextEquiv></TextLine>
	<TextEquiv>
	<PlainText></PlainText>
	<Unicode>OP HET EERSTE bezwaar toon ik aan;</Unicode></TextEquiv></TextRegion>
	<TextRegion id="r29" type="paragraph">
	<Coords>
	<Point x="1171" y="850"/>
	<Point x="1171" y="1113"/>
	<Point x="597" y="1113"/>
	<Point x="597" y="1114"/>
	<Point x="596" y="1114"/>
	<Point x="596" y="1115"/>
	<Point x="595" y="1115"/>
	<Point x="595" y="1116"/>
	<Point x="594" y="1116"/>
	<Point x="594" y="1117"/>
	<Point x="593" y="1117"/>
	<Point x="593" y="1118"/>
	<Point x="592" y="1118"/>
	<Point x="592" y="1119"/>
	<Point x="591" y="1119"/>
	<Point x="591" y="1120"/>
	<Point x="590" y="1120"/>
	<Point x="590" y="1121"/>
	<Point x="589" y="1121"/>
	<Point x="589" y="1122"/>
	<Point x="588" y="1122"/>
	<Point x="588" y="1123"/>
	<Point x="587" y="1123"/>
	<Point x="587" y="1124"/>
	<Point x="586" y="1124"/>
	<Point x="586" y="1125"/>
	<Point x="585" y="1125"/>
	<Point x="585" y="1126"/>
	<Point x="584" y="1126"/>
	<Point x="584" y="1127"/>
	<Point x="148" y="1127"/>
	<Point x="148" y="873"/>
	<Point x="532" y="873"/>
	<Point x="532" y="872"/>
	<Point x="533" y="872"/>
	<Point x="533" y="871"/>
	<Point x="534" y="871"/>
	<Point x="534" y="870"/>
	<Point x="535" y="870"/>
	<Point x="535" y="869"/>
	<Point x="536" y="869"/>
	<Point x="536" y="868"/>
	<Point x="537" y="868"/>
	<Point x="537" y="866"/>
	<Point x="538" y="866"/>
	<Point x="538" y="865"/>
	<Point x="539" y="865"/>
	<Point x="539" y="864"/>
	<Point x="540" y="864"/>
	<Point x="540" y="863"/>
	<Point x="541" y="863"/>
	<Point x="541" y="862"/>
	<Point x="542" y="862"/>
	<Point x="542" y="861"/>
	<Point x="1123" y="861"/>
	<Point x="1123" y="860"/>
	<Point x="1124" y="860"/>
	<Point x="1124" y="859"/>
	<Point x="1125" y="859"/>
	<Point x="1125" y="857"/>
	<Point x="1126" y="857"/>
	<Point x="1126" y="855"/>
	<Point x="1127" y="855"/>
	<Point x="1127" y="853"/>
	<Point x="1128" y="853"/>
	<Point x="1128" y="851"/>
	<Point x="1129" y="851"/>
	<Point x="1129" y="850"/></Coords>
	<TextLine id="r32">
	<Coords>
	<Point x="1140" y="861"/>
	<Point x="1141" y="861"/>
	<Point x="1141" y="862"/>
	<Point x="1142" y="862"/>
	<Point x="1142" y="863"/>
	<Point x="1143" y="863"/>
	<Point x="1143" y="874"/>
	<Point x="1154" y="874"/>
	<Point x="1154" y="875"/>
	<Point x="1155" y="875"/>
	<Point x="1155" y="876"/>
	<Point x="1156" y="876"/>
	<Point x="1156" y="881"/>
	<Point x="1155" y="881"/>
	<Point x="1155" y="882"/>
	<Point x="1154" y="882"/>
	<Point x="1154" y="890"/>
	<Point x="1153" y="890"/>
	<Point x="1153" y="891"/>
	<Point x="1152" y="891"/>
	<Point x="1152" y="893"/>
	<Point x="1151" y="893"/>
	<Point x="1151" y="894"/>
	<Point x="1149" y="894"/>
	<Point x="1149" y="895"/>
	<Point x="1147" y="895"/>
	<Point x="1147" y="896"/>
	<Point x="1118" y="896"/>
	<Point x="1118" y="898"/>
	<Point x="1058" y="898"/>
	<Point x="1058" y="899"/>
	<Point x="988" y="899"/>
	<Point x="988" y="900"/>
	<Point x="970" y="900"/>
	<Point x="970" y="901"/>
	<Point x="969" y="901"/>
	<Point x="969" y="904"/>
	<Point x="968" y="904"/>
	<Point x="968" y="909"/>
	<Point x="967" y="909"/>
	<Point x="967" y="910"/>
	<Point x="966" y="910"/>
	<Point x="966" y="912"/>
	<Point x="964" y="912"/>
	<Point x="964" y="913"/>
	<Point x="908" y="913"/>
	<Point x="908" y="914"/>
	<Point x="907" y="914"/>
	<Point x="907" y="915"/>
	<Point x="905" y="915"/>
	<Point x="905" y="916"/>
	<Point x="902" y="916"/>
	<Point x="902" y="915"/>
	<Point x="901" y="915"/>
	<Point x="901" y="914"/>
	<Point x="900" y="914"/>
	<Point x="900" y="907"/>
	<Point x="698" y="907"/>
	<Point x="698" y="908"/>
	<Point x="625" y="908"/>
	<Point x="625" y="913"/>
	<Point x="624" y="913"/>
	<Point x="624" y="914"/>
	<Point x="623" y="914"/>
	<Point x="623" y="917"/>
	<Point x="622" y="917"/>
	<Point x="622" y="918"/>
	<Point x="620" y="918"/>
	<Point x="620" y="919"/>
	<Point x="619" y="919"/>
	<Point x="619" y="920"/>
	<Point x="616" y="920"/>
	<Point x="616" y="919"/>
	<Point x="614" y="919"/>
	<Point x="614" y="910"/>
	<Point x="476" y="910"/>
	<Point x="476" y="911"/>
	<Point x="446" y="911"/>
	<Point x="446" y="912"/>
	<Point x="376" y="912"/>
	<Point x="376" y="913"/>
	<Point x="374" y="913"/>
	<Point x="374" y="914"/>
	<Point x="359" y="914"/>
	<Point x="359" y="915"/>
	<Point x="342" y="915"/>
	<Point x="342" y="916"/>
	<Point x="235" y="916"/>
	<Point x="235" y="917"/>
	<Point x="234" y="917"/>
	<Point x="234" y="918"/>
	<Point x="220" y="918"/>
	<Point x="220" y="897"/>
	<Point x="221" y="897"/>
	<Point x="221" y="896"/>
	<Point x="262" y="896"/>
	<Point x="262" y="894"/>
	<Point x="292" y="894"/>
	<Point x="292" y="893"/>
	<Point x="337" y="893"/>
	<Point x="337" y="882"/>
	<Point x="338" y="882"/>
	<Point x="338" y="881"/>
	<Point x="344" y="881"/>
	<Point x="344" y="882"/>
	<Point x="345" y="882"/>
	<Point x="345" y="888"/>
	<Point x="383" y="888"/>
	<Point x="383" y="890"/>
	<Point x="488" y="890"/>
	<Point x="488" y="889"/>
	<Point x="530" y="889"/>
	<Point x="530" y="888"/>
	<Point x="567" y="888"/>
	<Point x="567" y="875"/>
	<Point x="630" y="875"/>
	<Point x="630" y="876"/>
	<Point x="647" y="876"/>
	<Point x="647" y="877"/>
	<Point x="691" y="877"/>
	<Point x="691" y="886"/>
	<Point x="829" y="886"/>
	<Point x="829" y="874"/>
	<Point x="832" y="874"/>
	<Point x="832" y="873"/>
	<Point x="843" y="873"/>
	<Point x="843" y="872"/>
	<Point x="922" y="872"/>
	<Point x="922" y="870"/>
	<Point x="924" y="870"/>
	<Point x="924" y="869"/>
	<Point x="979" y="869"/>
	<Point x="979" y="868"/>
	<Point x="983" y="868"/>
	<Point x="983" y="867"/>
	<Point x="987" y="867"/>
	<Point x="987" y="868"/>
	<Point x="1010" y="868"/>
	<Point x="1010" y="869"/>
	<Point x="1011" y="869"/>
	<Point x="1010" y="869"/>
	<Point x="1010" y="873"/>
	<Point x="1009" y="873"/>
	<Point x="1009" y="876"/>
	<Point x="1133" y="876"/>
	<Point x="1133" y="862"/>
	<Point x="1140" y="862"/></Coords>
	<Word id="r126">
	<Coords>
	<Point x="292" y="893"/>
	<Point x="304" y="893"/>
	<Point x="304" y="898"/>
	<Point x="305" y="898"/>
	<Point x="305" y="900"/>
	<Point x="304" y="900"/>
	<Point x="304" y="901"/>
	<Point x="300" y="901"/>
	<Point x="300" y="914"/>
	<Point x="299" y="914"/>
	<Point x="299" y="915"/>
	<Point x="274" y="915"/>
	<Point x="274" y="916"/>
	<Point x="235" y="916"/>
	<Point x="235" y="917"/>
	<Point x="234" y="917"/>
	<Point x="234" y="918"/>
	<Point x="220" y="918"/>
	<Point x="220" y="897"/>
	<Point x="221" y="897"/>
	<Point x="221" y="896"/>
	<Point x="262" y="896"/>
	<Point x="262" y="894"/>
	<Point x="292" y="894"/></Coords>
	<TextEquiv>
	<PlainText></PlainText>
	<Unicode>DAT</Unicode></TextEquiv></Word>
	<Word id="r129">
	<Coords>
	<Point x="344" y="881"/>
	<Point x="344" y="882"/>
	<Point x="345" y="882"/>
	<Point x="345" y="888"/>
	<Point x="383" y="888"/>
	<Point x="383" y="894"/>
	<Point x="385" y="894"/>
	<Point x="385" y="896"/>
	<Point x="384" y="896"/>
	<Point x="384" y="897"/>
	<Point x="381" y="897"/>
	<Point x="381" y="908"/>
	<Point x="380" y="908"/>
	<Point x="380" y="910"/>
	<Point x="378" y="910"/>
	<Point x="378" y="911"/>
	<Point x="377" y="911"/>
	<Point x="377" y="912"/>
	<Point x="376" y="912"/>
	<Point x="376" y="913"/>
	<Point x="374" y="913"/>
	<Point x="374" y="914"/>
	<Point x="359" y="914"/>
	<Point x="359" y="915"/>
	<Point x="342" y="915"/>
	<Point x="342" y="916"/>
	<Point x="334" y="916"/>
	<Point x="334" y="915"/>
	<Point x="332" y="915"/>
	<Point x="332" y="911"/>
	<Point x="333" y="911"/>
	<Point x="333" y="908"/>
	<Point x="334" y="908"/>
	<Point x="334" y="907"/>
	<Point x="335" y="907"/>
	<Point x="335" y="904"/>
	<Point x="336" y="904"/>
	<Point x="336" y="898"/>
	<Point x="337" y="898"/>
	<Point x="337" y="882"/>
	<Point x="338" y="882"/>
	<Point x="338" y="881"/></Coords>
	<TextEquiv>
	<PlainText></PlainText>
	<Unicode>het</Unicode></TextEquiv></Word>
	<Word id="r130">
	<Coords>
	<Point x="490" y="889"/>
	<Point x="490" y="894"/>
	<Point x="484" y="894"/>
	<Point x="484" y="897"/>
	<Point x="483" y="897"/>
	<Point x="483" y="898"/>
	<Point x="482" y="898"/>
	<Point x="482" y="900"/>
	<Point x="481" y="900"/>
	<Point x="481" y="902"/>
	<Point x="480" y="902"/>
	<Point x="480" y="904"/>
	<Point x="479" y="904"/>
	<Point x="479" y="907"/>
	<Point x="478" y="907"/>
	<Point x="478" y="909"/>
	<Point x="477" y="909"/>
	<Point x="477" y="910"/>
	<Point x="476" y="910"/>
	<Point x="476" y="911"/>
	<Point x="446" y="911"/>
	<Point x="446" y="912"/>
	<Point x="414" y="912"/>
	<Point x="414" y="910"/>
	<Point x="415" y="910"/>
	<Point x="415" y="894"/>
	<Point x="416" y="894"/>
	<Point x="416" y="893"/>
	<Point x="418" y="893"/>
	<Point x="418" y="892"/>
	<Point x="421" y="892"/>
	<Point x="421" y="891"/>
	<Point x="466" y="891"/>
	<Point x="466" y="890"/>
	<Point x="488" y="890"/>
	<Point x="488" y="889"/></Coords>
	<TextEquiv>
	<PlainText></PlainText>
	<Unicode>zeer</Unicode></TextEquiv></Word>
	<Word id="r131">
	<Coords>
	<Point x="630" y="875"/>
	<Point x="630" y="876"/>
	<Point x="647" y="876"/>
	<Point x="647" y="888"/>
	<Point x="651" y="888"/>
	<Point x="651" y="889"/>
	<Point x="652" y="889"/>
	<Point x="652" y="906"/>
	<Point x="651" y="906"/>
	<Point x="651" y="907"/>
	<Point x="626" y="907"/>
	<Point x="626" y="908"/>
	<Point x="625" y="908"/>
	<Point x="625" y="913"/>
	<Point x="624" y="913"/>
	<Point x="624" y="914"/>
	<Point x="623" y="914"/>
	<Point x="623" y="917"/>
	<Point x="622" y="917"/>
	<Point x="622" y="918"/>
	<Point x="620" y="918"/>
	<Point x="620" y="919"/>
	<Point x="619" y="919"/>
	<Point x="619" y="920"/>
	<Point x="616" y="920"/>
	<Point x="616" y="919"/>
	<Point x="614" y="919"/>
	<Point x="614" y="910"/>
	<Point x="518" y="910"/>
	<Point x="518" y="909"/>
	<Point x="517" y="909"/>
	<Point x="517" y="896"/>
	<Point x="516" y="896"/>
	<Point x="516" y="894"/>
	<Point x="517" y="894"/>
	<Point x="517" y="893"/>
	<Point x="518" y="893"/>
	<Point x="518" y="892"/>
	<Point x="519" y="892"/>
	<Point x="519" y="891"/>
	<Point x="520" y="891"/>
	<Point x="520" y="890"/>
	<Point x="529" y="890"/>
	<Point x="529" y="889"/>
	<Point x="530" y="889"/>
	<Point x="530" y="888"/>
	<Point x="567" y="888"/>
	<Point x="567" y="875"/></Coords>
	<TextEquiv>
	<PlainText></PlainText>
	<Unicode>redelijk</Unicode></TextEquiv></Word>
	<Word id="r132">
	<Coords>
	<Point x="691" y="877"/>
	<Point x="691" y="886"/>
	<Point x="706" y="886"/>
	<Point x="706" y="887"/>
	<Point x="707" y="887"/>
	<Point x="707" y="889"/>
	<Point x="706" y="889"/>
	<Point x="706" y="890"/>
	<Point x="704" y="890"/>
	<Point x="704" y="902"/>
	<Point x="703" y="902"/>
	<Point x="703" y="904"/>
	<Point x="702" y="904"/>
	<Point x="702" y="906"/>
	<Point x="701" y="906"/>
	<Point x="701" y="907"/>
	<Point x="698" y="907"/>
	<Point x="698" y="908"/>
	<Point x="681" y="908"/>
	<Point x="681" y="907"/>
	<Point x="680" y="907"/>
	<Point x="680" y="894"/>
	<Point x="681" y="894"/>
	<Point x="681" y="892"/>
	<Point x="682" y="892"/>
	<Point x="682" y="891"/>
	<Point x="683" y="891"/>
	<Point x="683" y="890"/>
	<Point x="685" y="890"/>
	<Point x="685" y="889"/>
	<Point x="686" y="889"/>
	<Point x="686" y="878"/>
	<Point x="688" y="878"/>
	<Point x="688" y="877"/></Coords>
	<TextEquiv>
	<PlainText></PlainText>
	<Unicode>is</Unicode></TextEquiv></Word>
	<Word id="r133">
	<Coords>
	<Point x="792" y="886"/>
	<Point x="792" y="899"/>
	<Point x="793" y="899"/>
	<Point x="793" y="901"/>
	<Point x="792" y="901"/>
	<Point x="792" y="902"/>
	<Point x="791" y="902"/>
	<Point x="791" y="903"/>
	<Point x="790" y="903"/>
	<Point x="790" y="904"/>
	<Point x="788" y="904"/>
	<Point x="788" y="905"/>
	<Point x="786" y="905"/>
	<Point x="786" y="906"/>
	<Point x="775" y="906"/>
	<Point x="775" y="907"/>
	<Point x="742" y="907"/>
	<Point x="742" y="906"/>
	<Point x="741" y="906"/>
	<Point x="741" y="905"/>
	<Point x="740" y="905"/>
	<Point x="740" y="902"/>
	<Point x="739" y="902"/>
	<Point x="739" y="898"/>
	<Point x="740" y="898"/>
	<Point x="740" y="896"/>
	<Point x="741" y="896"/>
	<Point x="741" y="894"/>
	<Point x="742" y="894"/>
	<Point x="742" y="891"/>
	<Point x="743" y="891"/>
	<Point x="743" y="890"/>
	<Point x="744" y="890"/>
	<Point x="744" y="889"/>
	<Point x="745" y="889"/>
	<Point x="745" y="888"/>
	<Point x="747" y="888"/>
	<Point x="747" y="887"/>
	<Point x="749" y="887"/>
	<Point x="749" y="886"/></Coords>
	<TextEquiv>
	<PlainText></PlainText>
	<Unicode>een</Unicode></TextEquiv></Word>
	<Word id="r134">
	<Coords>
	<Point x="987" y="867"/>
	<Point x="987" y="868"/>
	<Point x="1010" y="868"/>
	<Point x="1010" y="869"/>
	<Point x="1011" y="869"/>
	<Point x="1010" y="869"/>
	<Point x="1010" y="873"/>
	<Point x="1009" y="873"/>
	<Point x="1009" y="875"/>
	<Point x="1008" y="875"/>
	<Point x="1008" y="893"/>
	<Point x="1007" y="893"/>
	<Point x="1007" y="894"/>
	<Point x="1006" y="894"/>
	<Point x="1006" y="896"/>
	<Point x="1005" y="896"/>
	<Point x="1005" y="897"/>
	<Point x="1004" y="897"/>
	<Point x="1004" y="898"/>
	<Point x="1003" y="898"/>
	<Point x="1003" y="899"/>
	<Point x="988" y="899"/>
	<Point x="988" y="900"/>
	<Point x="970" y="900"/>
	<Point x="970" y="901"/>
	<Point x="969" y="901"/>
	<Point x="969" y="904"/>
	<Point x="968" y="904"/>
	<Point x="968" y="909"/>
	<Point x="967" y="909"/>
	<Point x="967" y="910"/>
	<Point x="966" y="910"/>
	<Point x="966" y="912"/>
	<Point x="964" y="912"/>
	<Point x="964" y="913"/>
	<Point x="908" y="913"/>
	<Point x="908" y="914"/>
	<Point x="907" y="914"/>
	<Point x="907" y="915"/>
	<Point x="905" y="915"/>
	<Point x="905" y="916"/>
	<Point x="902" y="916"/>
	<Point x="902" y="915"/>
	<Point x="901" y="915"/>
	<Point x="901" y="914"/>
	<Point x="900" y="914"/>
	<Point x="900" y="907"/>
	<Point x="821" y="907"/>
	<Point x="821" y="906"/>
	<Point x="820" y="906"/>
	<Point x="820" y="905"/>
	<Point x="821" y="905"/>
	<Point x="821" y="904"/>
	<Point x="825" y="904"/>
	<Point x="825" y="903"/>
	<Point x="826" y="903"/>
	<Point x="826" y="900"/>
	<Point x="827" y="900"/>
	<Point x="827" y="898"/>
	<Point x="828" y="898"/>
	<Point x="828" y="895"/>
	<Point x="829" y="895"/>
	<Point x="829" y="874"/>
	<Point x="832" y="874"/>
	<Point x="832" y="873"/>
	<Point x="843" y="873"/>
	<Point x="843" y="872"/>
	<Point x="922" y="872"/>
	<Point x="922" y="870"/>
	<Point x="924" y="870"/>
	<Point x="924" y="869"/>
	<Point x="979" y="869"/>
	<Point x="979" y="868"/>
	<Point x="983" y="868"/>
	<Point x="983" y="867"/></Coords>
	<TextEquiv>
	<PlainText></PlainText>
	<Unicode>Leerelſel</Unicode></TextEquiv></Word>
	<Word id="r135">
	<Coords>
	<Point x="1098" y="876"/>
	<Point x="1098" y="877"/>
	<Point x="1099" y="877"/>
	<Point x="1099" y="880"/>
	<Point x="1098" y="880"/>
	<Point x="1098" y="891"/>
	<Point x="1097" y="891"/>
	<Point x="1097" y="893"/>
	<Point x="1096" y="893"/>
	<Point x="1096" y="894"/>
	<Point x="1095" y="894"/>
	<Point x="1095" y="895"/>
	<Point x="1094" y="895"/>
	<Point x="1094" y="896"/>
	<Point x="1093" y="896"/>
	<Point x="1093" y="897"/>
	<Point x="1090" y="897"/>
	<Point x="1090" y="898"/>
	<Point x="1058" y="898"/>
	<Point x="1058" y="899"/>
	<Point x="1035" y="899"/>
	<Point x="1035" y="898"/>
	<Point x="1034" y="898"/>
	<Point x="1034" y="897"/>
	<Point x="1033" y="897"/>
	<Point x="1034" y="897"/>
	<Point x="1034" y="891"/>
	<Point x="1035" y="891"/>
	<Point x="1035" y="890"/>
	<Point x="1036" y="890"/>
	<Point x="1036" y="888"/>
	<Point x="1037" y="888"/>
	<Point x="1037" y="886"/>
	<Point x="1038" y="886"/>
	<Point x="1038" y="885"/>
	<Point x="1039" y="885"/>
	<Point x="1039" y="883"/>
	<Point x="1040" y="883"/>
	<Point x="1040" y="882"/>
	<Point x="1041" y="882"/>
	<Point x="1041" y="881"/>
	<Point x="1042" y="881"/>
	<Point x="1042" y="880"/>
	<Point x="1043" y="880"/>
	<Point x="1043" y="879"/>
	<Point x="1045" y="879"/>
	<Point x="1045" y="878"/>
	<Point x="1046" y="878"/>
	<Point x="1046" y="877"/>
	<Point x="1068" y="877"/>
	<Point x="1068" y="876"/></Coords>
	<TextEquiv>
	<PlainText></PlainText>
	<Unicode>aan</Unicode></TextEquiv></Word>
	<Word id="r136">
	<Coords>
	<Point x="1141" y="861"/>
	<Point x="1141" y="862"/>
	<Point x="1142" y="862"/>
	<Point x="1142" y="863"/>
	<Point x="1143" y="863"/>
	<Point x="1143" y="874"/>
	<Point x="1154" y="874"/>
	<Point x="1154" y="875"/>
	<Point x="1155" y="875"/>
	<Point x="1155" y="876"/>
	<Point x="1156" y="876"/>
	<Point x="1156" y="881"/>
	<Point x="1155" y="881"/>
	<Point x="1155" y="882"/>
	<Point x="1154" y="882"/>
	<Point x="1154" y="890"/>
	<Point x="1153" y="890"/>
	<Point x="1153" y="891"/>
	<Point x="1152" y="891"/>
	<Point x="1152" y="893"/>
	<Point x="1151" y="893"/>
	<Point x="1151" y="894"/>
	<Point x="1149" y="894"/>
	<Point x="1149" y="895"/>
	<Point x="1147" y="895"/>
	<Point x="1147" y="896"/>
	<Point x="1118" y="896"/>
	<Point x="1118" y="898"/>
	<Point x="1118" y="897"/>
	<Point x="1117" y="897"/>
	<Point x="1117" y="896"/>
	<Point x="1118" y="896"/>
	<Point x="1118" y="894"/>
	<Point x="1119" y="894"/>
	<Point x="1119" y="887"/>
	<Point x="1120" y="887"/>
	<Point x="1120" y="886"/>
	<Point x="1121" y="886"/>
	<Point x="1121" y="884"/>
	<Point x="1122" y="884"/>
	<Point x="1122" y="882"/>
	<Point x="1123" y="882"/>
	<Point x="1123" y="880"/>
	<Point x="1124" y="880"/>
	<Point x="1124" y="879"/>
	<Point x="1125" y="879"/>
	<Point x="1125" y="878"/>
	<Point x="1126" y="878"/>
	<Point x="1126" y="877"/>
	<Point x="1128" y="877"/>
	<Point x="1128" y="876"/>
	<Point x="1133" y="876"/>
	<Point x="1133" y="862"/>
	<Point x="1140" y="862"/>
	<Point x="1140" y="861"/></Coords>
	<TextEquiv>
	<PlainText></PlainText>
	<Unicode>de</Unicode></TextEquiv></Word>
	<TextEquiv>
	<PlainText></PlainText>
	<Unicode>DAT het zeer redelijk is een Leerelſel aan de</Unicode></TextEquiv></TextLine>
	<TextLine id="r33">
	<Coords>
	<Point x="1115" y="927"/>
	<Point x="1116" y="927"/>
	<Point x="1116" y="928"/>
	<Point x="1118" y="928"/>
	<Point x="1118" y="940"/>
	<Point x="1132" y="940"/>
	<Point x="1132" y="942"/>
	<Point x="1133" y="942"/>
	<Point x="1133" y="952"/>
	<Point x="1151" y="952"/>
	<Point x="1151" y="953"/>
	<Point x="1153" y="953"/>
	<Point x="1153" y="954"/>
	<Point x="1154" y="954"/>
	<Point x="1154" y="955"/>
	<Point x="1155" y="955"/>
	<Point x="1155" y="957"/>
	<Point x="1156" y="957"/>
	<Point x="1156" y="958"/>
	<Point x="1157" y="958"/>
	<Point x="1157" y="960"/>
	<Point x="1156" y="960"/>
	<Point x="1156" y="963"/>
	<Point x="1155" y="963"/>
	<Point x="1155" y="965"/>
	<Point x="1154" y="965"/>
	<Point x="1154" y="966"/>
	<Point x="1153" y="966"/>
	<Point x="1153" y="968"/>
	<Point x="1152" y="968"/>
	<Point x="1152" y="969"/>
	<Point x="1151" y="969"/>
	<Point x="1151" y="970"/>
	<Point x="1148" y="970"/>
	<Point x="1148" y="971"/>
	<Point x="1146" y="971"/>
	<Point x="1146" y="970"/>
	<Point x="1145" y="970"/>
	<Point x="1145" y="963"/>
	<Point x="1002" y="963"/>
	<Point x="1002" y="964"/>
	<Point x="985" y="964"/>
	<Point x="985" y="965"/>
	<Point x="912" y="965"/>
	<Point x="912" y="966"/>
	<Point x="911" y="966"/>
	<Point x="911" y="967"/>
	<Point x="910" y="967"/>
	<Point x="910" y="968"/>
	<Point x="908" y="968"/>
	<Point x="908" y="969"/>
	<Point x="819" y="969"/>
	<Point x="819" y="978"/>
	<Point x="818" y="978"/>
	<Point x="818" y="979"/>
	<Point x="816" y="979"/>
	<Point x="816" y="980"/>
	<Point x="813" y="980"/>
	<Point x="813" y="981"/>
	<Point x="810" y="981"/>
	<Point x="810" y="980"/>
	<Point x="803" y="980"/>
	<Point x="803" y="979"/>
	<Point x="801" y="979"/>
	<Point x="801" y="977"/>
	<Point x="800" y="977"/>
	<Point x="800" y="970"/>
	<Point x="694" y="970"/>
	<Point x="694" y="973"/>
	<Point x="693" y="973"/>
	<Point x="693" y="974"/>
	<Point x="692" y="974"/>
	<Point x="692" y="975"/>
	<Point x="691" y="975"/>
	<Point x="691" y="976"/>
	<Point x="690" y="976"/>
	<Point x="690" y="977"/>
	<Point x="688" y="977"/>
	<Point x="688" y="978"/>
	<Point x="597" y="978"/>
	<Point x="597" y="979"/>
	<Point x="596" y="979"/>
	<Point x="596" y="981"/>
	<Point x="595" y="981"/>
	<Point x="595" y="982"/>
	<Point x="527" y="982"/>
	<Point x="527" y="983"/>
	<Point x="526" y="983"/>
	<Point x="526" y="984"/>
	<Point x="525" y="984"/>
	<Point x="525" y="985"/>
	<Point x="523" y="985"/>
	<Point x="523" y="986"/>
	<Point x="520" y="986"/>
	<Point x="520" y="987"/>
	<Point x="519" y="987"/>
	<Point x="519" y="975"/>
	<Point x="367" y="975"/>
	<Point x="367" y="976"/>
	<Point x="350" y="976"/>
	<Point x="350" y="979"/>
	<Point x="349" y="979"/>
	<Point x="349" y="982"/>
	<Point x="348" y="982"/>
	<Point x="348" y="983"/>
	<Point x="171" y="983"/>
	<Point x="171" y="982"/>
	<Point x="170" y="982"/>
	<Point x="170" y="980"/>
	<Point x="175" y="980"/>
	<Point x="175" y="977"/>
	<Point x="176" y="977"/>
	<Point x="176" y="975"/>
	<Point x="177" y="975"/>
	<Point x="177" y="974"/>
	<Point x="178" y="974"/>
	<Point x="178" y="951"/>
	<Point x="179" y="951"/>
	<Point x="179" y="950"/>
	<Point x="212" y="950"/>
	<Point x="212" y="949"/>
	<Point x="262" y="949"/>
	<Point x="262" y="948"/>
	<Point x="297" y="948"/>
	<Point x="297" y="947"/>
	<Point x="300" y="947"/>
	<Point x="300" y="946"/>
	<Point x="358" y="946"/>
	<Point x="358" y="945"/>
	<Point x="360" y="945"/>
	<Point x="360" y="944"/>
	<Point x="365" y="944"/>
	<Point x="365" y="945"/>
	<Point x="366" y="945"/>
	<Point x="366" y="949"/>
	<Point x="469" y="949"/>
	<Point x="469" y="948"/>
	<Point x="535" y="948"/>
	<Point x="535" y="945"/>
	<Point x="536" y="945"/>
	<Point x="536" y="944"/>
	<Point x="537" y="944"/>
	<Point x="537" y="943"/>
	<Point x="538" y="943"/>
	<Point x="538" y="942"/>
	<Point x="539" y="942"/>
	<Point x="539" y="941"/>
	<Point x="541" y="941"/>
	<Point x="541" y="940"/>
	<Point x="545" y="940"/>
	<Point x="545" y="939"/>
	<Point x="545" y="940"/>
	<Point x="546" y="940"/>
	<Point x="546" y="950"/>
	<Point x="670" y="950"/>
	<Point x="670" y="949"/>
	<Point x="730" y="949"/>
	<Point x="730" y="938"/>
	<Point x="732" y="938"/>
	<Point x="732" y="937"/>
	<Point x="738" y="937"/>
	<Point x="738" y="943"/>
	<Point x="871" y="943"/>
	<Point x="871" y="936"/>
	<Point x="874" y="936"/>
	<Point x="874" y="935"/>
	<Point x="973" y="935"/>
	<Point x="973" y="933"/>
	<Point x="974" y="933"/>
	<Point x="974" y="932"/>
	<Point x="981" y="932"/>
	<Point x="981" y="933"/>
	<Point x="991" y="933"/>
	<Point x="991" y="934"/>
	<Point x="992" y="934"/>
	<Point x="992" y="935"/>
	<Point x="993" y="935"/>
	<Point x="993" y="941"/>
	<Point x="1110" y="941"/>
	<Point x="1110" y="929"/>
	<Point x="1112" y="929"/>
	<Point x="1112" y="928"/>
	<Point x="1115" y="928"/></Coords>
	<Word id="r137">
	<Coords>
	<Point x="213" y="949"/>
	<Point x="213" y="950"/>
	<Point x="214" y="950"/>
	<Point x="214" y="951"/>
	<Point x="215" y="951"/>
	<Point x="215" y="952"/>
	<Point x="216" y="952"/>
	<Point x="216" y="976"/>
	<Point x="219" y="976"/>
	<Point x="219" y="977"/>
	<Point x="220" y="977"/>
	<Point x="220" y="981"/>
	<Point x="218" y="981"/>
	<Point x="218" y="982"/>
	<Point x="177" y="982"/>
	<Point x="177" y="983"/>
	<Point x="171" y="983"/>
	<Point x="171" y="982"/>
	<Point x="170" y="982"/>
	<Point x="170" y="980"/>
	<Point x="175" y="980"/>
	<Point x="175" y="977"/>
	<Point x="176" y="977"/>
	<Point x="176" y="975"/>
	<Point x="177" y="975"/>
	<Point x="177" y="974"/>
	<Point x="178" y="974"/>
	<Point x="178" y="951"/>
	<Point x="179" y="951"/>
	<Point x="179" y="950"/>
	<Point x="212" y="950"/>
	<Point x="212" y="949"/></Coords>
	<TextEquiv>
	<PlainText></PlainText>
	<Unicode>H.</Unicode></TextEquiv></Word>
	<Word id="r138">
	<Coords>
	<Point x="360" y="944"/>
	<Point x="365" y="944"/>
	<Point x="365" y="945"/>
	<Point x="366" y="945"/>
	<Point x="366" y="952"/>
	<Point x="373" y="952"/>
	<Point x="373" y="957"/>
	<Point x="375" y="957"/>
	<Point x="375" y="958"/>
	<Point x="372" y="958"/>
	<Point x="372" y="970"/>
	<Point x="371" y="970"/>
	<Point x="371" y="971"/>
	<Point x="370" y="971"/>
	<Point x="370" y="973"/>
	<Point x="369" y="973"/>
	<Point x="369" y="974"/>
	<Point x="368" y="974"/>
	<Point x="368" y="975"/>
	<Point x="367" y="975"/>
	<Point x="367" y="976"/>
	<Point x="350" y="976"/>
	<Point x="350" y="979"/>
	<Point x="349" y="979"/>
	<Point x="349" y="982"/>
	<Point x="348" y="982"/>
	<Point x="348" y="983"/>
	<Point x="255" y="983"/>
	<Point x="255" y="982"/>
	<Point x="252" y="982"/>
	<Point x="252" y="981"/>
	<Point x="248" y="981"/>
	<Point x="248" y="976"/>
	<Point x="249" y="976"/>
	<Point x="249" y="972"/>
	<Point x="254" y="972"/>
	<Point x="254" y="955"/>
	<Point x="255" y="955"/>
	<Point x="255" y="953"/>
	<Point x="256" y="953"/>
	<Point x="256" y="951"/>
	<Point x="257" y="951"/>
	<Point x="257" y="950"/>
	<Point x="258" y="950"/>
	<Point x="258" y="949"/>
	<Point x="262" y="949"/>
	<Point x="262" y="948"/>
	<Point x="297" y="948"/>
	<Point x="297" y="947"/>
	<Point x="300" y="947"/>
	<Point x="300" y="946"/>
	<Point x="358" y="946"/>
	<Point x="358" y="945"/>
	<Point x="360" y="945"/></Coords>
	<TextEquiv>
	<PlainText></PlainText>
	<Unicode>Schrift</Unicode></TextEquiv></Word>
	<Word id="r140">
	<Coords>
	<Point x="413" y="950"/>
	<Point x="413" y="955"/>
	<Point x="432" y="955"/>
	<Point x="432" y="957"/>
	<Point x="433" y="957"/>
	<Point x="433" y="959"/>
	<Point x="432" y="959"/>
	<Point x="432" y="960"/>
	<Point x="431" y="960"/>
	<Point x="431" y="961"/>
	<Point x="430" y="961"/>
	<Point x="430" y="969"/>
	<Point x="429" y="969"/>
	<Point x="429" y="971"/>
	<Point x="428" y="971"/>
	<Point x="428" y="972"/>
	<Point x="427" y="972"/>
	<Point x="427" y="973"/>
	<Point x="426" y="973"/>
	<Point x="426" y="974"/>
	<Point x="425" y="974"/>
	<Point x="425" y="975"/>
	<Point x="403" y="975"/>
	<Point x="403" y="970"/>
	<Point x="404" y="970"/>
	<Point x="404" y="957"/>
	<Point x="405" y="957"/>
	<Point x="405" y="956"/>
	<Point x="408" y="956"/>
	<Point x="408" y="955"/>
	<Point x="409" y="955"/>
	<Point x="409" y="953"/>
	<Point x="410" y="953"/>
	<Point x="410" y="951"/>
	<Point x="412" y="951"/>
	<Point x="412" y="950"/></Coords>
	<TextEquiv>
	<PlainText></PlainText>
	<Unicode>te</Unicode></TextEquiv></Word>
	<Word id="r141">
	<Coords>
	<Point x="545" y="939"/>
	<Point x="545" y="940"/>
	<Point x="546" y="940"/>
	<Point x="546" y="952"/>
	<Point x="578" y="952"/>
	<Point x="578" y="963"/>
	<Point x="579" y="963"/>
	<Point x="579" y="965"/>
	<Point x="594" y="965"/>
	<Point x="594" y="966"/>
	<Point x="597" y="966"/>
	<Point x="597" y="967"/>
	<Point x="599" y="967"/>
	<Point x="599" y="970"/>
	<Point x="600" y="970"/>
	<Point x="600" y="976"/>
	<Point x="599" y="976"/>
	<Point x="599" y="977"/>
	<Point x="598" y="977"/>
	<Point x="598" y="978"/>
	<Point x="597" y="978"/>
	<Point x="597" y="979"/>
	<Point x="596" y="979"/>
	<Point x="596" y="981"/>
	<Point x="595" y="981"/>
	<Point x="595" y="982"/>
	<Point x="527" y="982"/>
	<Point x="527" y="983"/>
	<Point x="526" y="983"/>
	<Point x="526" y="984"/>
	<Point x="525" y="984"/>
	<Point x="525" y="985"/>
	<Point x="523" y="985"/>
	<Point x="523" y="986"/>
	<Point x="520" y="986"/>
	<Point x="520" y="987"/>
	<Point x="519" y="987"/>
	<Point x="519" y="974"/>
	<Point x="480" y="974"/>
	<Point x="480" y="973"/>
	<Point x="459" y="973"/>
	<Point x="459" y="972"/>
	<Point x="460" y="972"/>
	<Point x="460" y="956"/>
	<Point x="461" y="956"/>
	<Point x="461" y="955"/>
	<Point x="465" y="955"/>
	<Point x="465" y="952"/>
	<Point x="466" y="952"/>
	<Point x="466" y="950"/>
	<Point x="467" y="950"/>
	<Point x="467" y="949"/>
	<Point x="469" y="949"/>
	<Point x="469" y="948"/>
	<Point x="535" y="948"/>
	<Point x="535" y="945"/>
	<Point x="536" y="945"/>
	<Point x="536" y="944"/>
	<Point x="537" y="944"/>
	<Point x="537" y="943"/>
	<Point x="538" y="943"/>
	<Point x="538" y="942"/>
	<Point x="539" y="942"/>
	<Point x="539" y="941"/>
	<Point x="541" y="941"/>
	<Point x="541" y="940"/>
	<Point x="545" y="940"/></Coords>
	<TextEquiv>
	<PlainText></PlainText>
	<Unicode>toetſen,</Unicode></TextEquiv></Word>
	<Word id="r143">
	<Coords>
	<Point x="670" y="949"/>
	<Point x="671" y="949"/>
	<Point x="671" y="950"/>
	<Point x="673" y="950"/>
	<Point x="673" y="961"/>
	<Point x="689" y="961"/>
	<Point x="689" y="962"/>
	<Point x="691" y="962"/>
	<Point x="691" y="963"/>
	<Point x="693" y="963"/>
	<Point x="693" y="965"/>
	<Point x="694" y="965"/>
	<Point x="694" y="973"/>
	<Point x="693" y="973"/>
	<Point x="693" y="974"/>
	<Point x="692" y="974"/>
	<Point x="692" y="975"/>
	<Point x="691" y="975"/>
	<Point x="691" y="976"/>
	<Point x="690" y="976"/>
	<Point x="690" y="977"/>
	<Point x="688" y="977"/>
	<Point x="688" y="978"/>
	<Point x="687" y="978"/>
	<Point x="687" y="971"/>
	<Point x="638" y="971"/>
	<Point x="638" y="970"/>
	<Point x="637" y="970"/>
	<Point x="637" y="967"/>
	<Point x="636" y="967"/>
	<Point x="636" y="964"/>
	<Point x="637" y="964"/>
	<Point x="637" y="960"/>
	<Point x="638" y="960"/>
	<Point x="638" y="958"/>
	<Point x="639" y="958"/>
	<Point x="639" y="956"/>
	<Point x="640" y="956"/>
	<Point x="640" y="955"/>
	<Point x="641" y="955"/>
	<Point x="641" y="954"/>
	<Point x="642" y="954"/>
	<Point x="642" y="952"/>
	<Point x="644" y="952"/>
	<Point x="644" y="951"/>
	<Point x="647" y="951"/>
	<Point x="647" y="950"/>
	<Point x="670" y="950"/></Coords>
	<TextEquiv>
	<PlainText></PlainText>
	<Unicode>en,</Unicode></TextEquiv></Word>
	<Word id="r145">
	<Coords>
	<Point x="738" y="937"/>
	<Point x="738" y="943"/>
	<Point x="833" y="943"/>
	<Point x="833" y="944"/>
	<Point x="835" y="944"/>
	<Point x="835" y="948"/>
	<Point x="836" y="948"/>
	<Point x="836" y="949"/>
	<Point x="837" y="949"/>
	<Point x="837" y="951"/>
	<Point x="834" y="951"/>
	<Point x="834" y="962"/>
	<Point x="833" y="962"/>
	<Point x="833" y="964"/>
	<Point x="831" y="964"/>
	<Point x="831" y="965"/>
	<Point x="830" y="965"/>
	<Point x="830" y="966"/>
	<Point x="828" y="966"/>
	<Point x="828" y="967"/>
	<Point x="827" y="967"/>
	<Point x="827" y="968"/>
	<Point x="819" y="968"/>
	<Point x="819" y="978"/>
	<Point x="818" y="978"/>
	<Point x="818" y="979"/>
	<Point x="816" y="979"/>
	<Point x="816" y="980"/>
	<Point x="813" y="980"/>
	<Point x="813" y="981"/>
	<Point x="810" y="981"/>
	<Point x="810" y="980"/>
	<Point x="803" y="980"/>
	<Point x="803" y="979"/>
	<Point x="801" y="979"/>
	<Point x="801" y="977"/>
	<Point x="800" y="977"/>
	<Point x="800" y="970"/>
	<Point x="728" y="970"/>
	<Point x="728" y="969"/>
	<Point x="727" y="969"/>
	<Point x="727" y="968"/>
	<Point x="726" y="968"/>
	<Point x="726" y="965"/>
	<Point x="725" y="965"/>
	<Point x="725" y="964"/>
	<Point x="726" y="964"/>
	<Point x="726" y="962"/>
	<Point x="727" y="962"/>
	<Point x="727" y="959"/>
	<Point x="728" y="959"/>
	<Point x="728" y="956"/>
	<Point x="729" y="956"/>
	<Point x="729" y="952"/>
	<Point x="730" y="952"/>
	<Point x="730" y="938"/>
	<Point x="732" y="938"/>
	<Point x="732" y="937"/></Coords>
	<TextEquiv>
	<PlainText></PlainText>
	<Unicode>brengt</Unicode></TextEquiv></Word>
	<Word id="r146">
	<Coords>
	<Point x="878" y="935"/>
	<Point x="878" y="936"/>
	<Point x="879" y="936"/>
	<Point x="879" y="942"/>
	<Point x="918" y="942"/>
	<Point x="918" y="943"/>
	<Point x="919" y="943"/>
	<Point x="919" y="948"/>
	<Point x="920" y="948"/>
	<Point x="920" y="950"/>
	<Point x="917" y="950"/>
	<Point x="917" y="960"/>
	<Point x="916" y="960"/>
	<Point x="916" y="962"/>
	<Point x="915" y="962"/>
	<Point x="915" y="963"/>
	<Point x="914" y="963"/>
	<Point x="914" y="964"/>
	<Point x="913" y="964"/>
	<Point x="913" y="965"/>
	<Point x="912" y="965"/>
	<Point x="912" y="966"/>
	<Point x="911" y="966"/>
	<Point x="911" y="967"/>
	<Point x="910" y="967"/>
	<Point x="910" y="968"/>
	<Point x="908" y="968"/>
	<Point x="908" y="969"/>
	<Point x="894" y="969"/>
	<Point x="894" y="968"/>
	<Point x="893" y="968"/>
	<Point x="893" y="967"/>
	<Point x="866" y="967"/>
	<Point x="866" y="964"/>
	<Point x="867" y="964"/>
	<Point x="867" y="961"/>
	<Point x="868" y="961"/>
	<Point x="868" y="959"/>
	<Point x="869" y="959"/>
	<Point x="869" y="955"/>
	<Point x="870" y="955"/>
	<Point x="870" y="953"/>
	<Point x="871" y="953"/>
	<Point x="871" y="936"/>
	<Point x="874" y="936"/>
	<Point x="874" y="935"/></Coords>
	<TextEquiv>
	<PlainText></PlainText>
	<Unicode>het</Unicode></TextEquiv></Word>
	<Word id="r147">
	<Coords>
	<Point x="981" y="932"/>
	<Point x="981" y="933"/>
	<Point x="991" y="933"/>
	<Point x="991" y="934"/>
	<Point x="992" y="934"/>
	<Point x="992" y="935"/>
	<Point x="993" y="935"/>
	<Point x="993" y="943"/>
	<Point x="1008" y="943"/>
	<Point x="1008" y="944"/>
	<Point x="1009" y="944"/>
	<Point x="1009" y="945"/>
	<Point x="1010" y="945"/>
	<Point x="1010" y="949"/>
	<Point x="1009" y="949"/>
	<Point x="1009" y="950"/>
	<Point x="1008" y="950"/>
	<Point x="1008" y="958"/>
	<Point x="1007" y="958"/>
	<Point x="1007" y="960"/>
	<Point x="1006" y="960"/>
	<Point x="1006" y="961"/>
	<Point x="1005" y="961"/>
	<Point x="1005" y="962"/>
	<Point x="1004" y="962"/>
	<Point x="1004" y="963"/>
	<Point x="1002" y="963"/>
	<Point x="1002" y="964"/>
	<Point x="985" y="964"/>
	<Point x="985" y="965"/>
	<Point x="960" y="965"/>
	<Point x="960" y="964"/>
	<Point x="959" y="964"/>
	<Point x="959" y="959"/>
	<Point x="958" y="959"/>
	<Point x="958" y="956"/>
	<Point x="959" y="956"/>
	<Point x="959" y="955"/>
	<Point x="960" y="955"/>
	<Point x="960" y="954"/>
	<Point x="961" y="954"/>
	<Point x="961" y="953"/>
	<Point x="962" y="953"/>
	<Point x="962" y="952"/>
	<Point x="963" y="952"/>
	<Point x="963" y="950"/>
	<Point x="964" y="950"/>
	<Point x="964" y="949"/>
	<Point x="965" y="949"/>
	<Point x="965" y="948"/>
	<Point x="966" y="948"/>
	<Point x="966" y="947"/>
	<Point x="968" y="947"/>
	<Point x="968" y="946"/>
	<Point x="969" y="946"/>
	<Point x="969" y="945"/>
	<Point x="973" y="945"/>
	<Point x="973" y="933"/>
	<Point x="974" y="933"/>
	<Point x="974" y="932"/></Coords>
	<TextEquiv>
	<PlainText></PlainText>
	<Unicode>die</Unicode></TextEquiv></Word>
	<Word id="r148">
	<Coords>
	<Point x="1115" y="927"/>
	<Point x="1116" y="927"/>
	<Point x="1116" y="928"/>
	<Point x="1118" y="928"/>
	<Point x="1118" y="940"/>
	<Point x="1132" y="940"/>
	<Point x="1132" y="942"/>
	<Point x="1133" y="942"/>
	<Point x="1133" y="944"/>
	<Point x="1132" y="944"/>
	<Point x="1132" y="946"/>
	<Point x="1131" y="946"/>
	<Point x="1131" y="947"/>
	<Point x="1130" y="947"/>
	<Point x="1130" y="952"/>
	<Point x="1151" y="952"/>
	<Point x="1151" y="953"/>
	<Point x="1153" y="953"/>
	<Point x="1153" y="954"/>
	<Point x="1154" y="954"/>
	<Point x="1154" y="955"/>
	<Point x="1155" y="955"/>
	<Point x="1155" y="957"/>
	<Point x="1156" y="957"/>
	<Point x="1156" y="958"/>
	<Point x="1157" y="958"/>
	<Point x="1157" y="960"/>
	<Point x="1156" y="960"/>
	<Point x="1156" y="963"/>
	<Point x="1155" y="963"/>
	<Point x="1155" y="965"/>
	<Point x="1154" y="965"/>
	<Point x="1154" y="966"/>
	<Point x="1153" y="966"/>
	<Point x="1153" y="968"/>
	<Point x="1152" y="968"/>
	<Point x="1152" y="969"/>
	<Point x="1151" y="969"/>
	<Point x="1151" y="970"/>
	<Point x="1148" y="970"/>
	<Point x="1148" y="971"/>
	<Point x="1146" y="971"/>
	<Point x="1146" y="970"/>
	<Point x="1145" y="970"/>
	<Point x="1145" y="963"/>
	<Point x="1046" y="963"/>
	<Point x="1046" y="947"/>
	<Point x="1047" y="947"/>
	<Point x="1047" y="946"/>
	<Point x="1048" y="946"/>
	<Point x="1048" y="944"/>
	<Point x="1050" y="944"/>
	<Point x="1050" y="943"/>
	<Point x="1052" y="943"/>
	<Point x="1052" y="942"/>
	<Point x="1065" y="942"/>
	<Point x="1065" y="941"/>
	<Point x="1110" y="941"/>
	<Point x="1110" y="929"/>
	<Point x="1112" y="929"/>
	<Point x="1112" y="928"/>
	<Point x="1115" y="928"/></Coords>
	<TextEquiv>
	<PlainText></PlainText>
	<Unicode>mede,</Unicode></TextEquiv></Word>
	<TextEquiv>
	<PlainText></PlainText>
	<Unicode>H. Schrift te toetſen, en, brengt het die mede,</Unicode></TextEquiv></TextLine>
	<TextLine id="r35">
	<Coords>
	<Point x="1128" y="991"/>
	<Point x="1130" y="991"/>
	<Point x="1130" y="992"/>
	<Point x="1131" y="992"/>
	<Point x="1131" y="993"/>
	<Point x="1132" y="993"/>
	<Point x="1132" y="1002"/>
	<Point x="1154" y="1002"/>
	<Point x="1154" y="1004"/>
	<Point x="1155" y="1004"/>
	<Point x="1155" y="1008"/>
	<Point x="1154" y="1008"/>
	<Point x="1154" y="1019"/>
	<Point x="1153" y="1019"/>
	<Point x="1153" y="1020"/>
	<Point x="1150" y="1020"/>
	<Point x="1150" y="1021"/>
	<Point x="1148" y="1021"/>
	<Point x="1148" y="1022"/>
	<Point x="1135" y="1022"/>
	<Point x="1135" y="1023"/>
	<Point x="1121" y="1023"/>
	<Point x="1121" y="1024"/>
	<Point x="1109" y="1024"/>
	<Point x="1109" y="1025"/>
	<Point x="1108" y="1025"/>
	<Point x="1108" y="1028"/>
	<Point x="1107" y="1028"/>
	<Point x="1107" y="1030"/>
	<Point x="1106" y="1030"/>
	<Point x="1106" y="1032"/>
	<Point x="1104" y="1032"/>
	<Point x="1104" y="1034"/>
	<Point x="1046" y="1034"/>
	<Point x="1046" y="1036"/>
	<Point x="1045" y="1036"/>
	<Point x="1045" y="1037"/>
	<Point x="1043" y="1037"/>
	<Point x="1043" y="1038"/>
	<Point x="982" y="1038"/>
	<Point x="982" y="1039"/>
	<Point x="972" y="1039"/>
	<Point x="972" y="1029"/>
	<Point x="964" y="1029"/>
	<Point x="964" y="1028"/>
	<Point x="846" y="1028"/>
	<Point x="846" y="1029"/>
	<Point x="757" y="1029"/>
	<Point x="757" y="1030"/>
	<Point x="742" y="1030"/>
	<Point x="742" y="1031"/>
	<Point x="656" y="1031"/>
	<Point x="656" y="1032"/>
	<Point x="642" y="1032"/>
	<Point x="642" y="1033"/>
	<Point x="576" y="1033"/>
	<Point x="576" y="1034"/>
	<Point x="539" y="1034"/>
	<Point x="539" y="1035"/>
	<Point x="471" y="1035"/>
	<Point x="471" y="1039"/>
	<Point x="470" y="1039"/>
	<Point x="470" y="1040"/>
	<Point x="469" y="1040"/>
	<Point x="469" y="1042"/>
	<Point x="468" y="1042"/>
	<Point x="468" y="1043"/>
	<Point x="467" y="1043"/>
	<Point x="467" y="1044"/>
	<Point x="464" y="1044"/>
	<Point x="464" y="1045"/>
	<Point x="464" y="1038"/>
	<Point x="345" y="1038"/>
	<Point x="345" y="1039"/>
	<Point x="343" y="1039"/>
	<Point x="343" y="1040"/>
	<Point x="320" y="1040"/>
	<Point x="320" y="1041"/>
	<Point x="310" y="1041"/>
	<Point x="310" y="1042"/>
	<Point x="291" y="1042"/>
	<Point x="291" y="1043"/>
	<Point x="257" y="1043"/>
	<Point x="257" y="1044"/>
	<Point x="193" y="1044"/>
	<Point x="193" y="1045"/>
	<Point x="191" y="1045"/>
	<Point x="191" y="1046"/>
	<Point x="172" y="1046"/>
	<Point x="172" y="1047"/>
	<Point x="170" y="1047"/>
	<Point x="170" y="1046"/>
	<Point x="169" y="1046"/>
	<Point x="169" y="1042"/>
	<Point x="168" y="1042"/>
	<Point x="169" y="1042"/>
	<Point x="169" y="1041"/>
	<Point x="170" y="1041"/>
	<Point x="170" y="1026"/>
	<Point x="171" y="1026"/>
	<Point x="171" y="1025"/>
	<Point x="175" y="1025"/>
	<Point x="175" y="1024"/>
	<Point x="176" y="1024"/>
	<Point x="176" y="1022"/>
	<Point x="178" y="1022"/>
	<Point x="178" y="1021"/>
	<Point x="180" y="1021"/>
	<Point x="180" y="1023"/>
	<Point x="294" y="1023"/>
	<Point x="294" y="1022"/>
	<Point x="318" y="1022"/>
	<Point x="318" y="1021"/>
	<Point x="322" y="1021"/>
	<Point x="322" y="1020"/>
	<Point x="368" y="1020"/>
	<Point x="368" y="1007"/>
	<Point x="369" y="1007"/>
	<Point x="369" y="1006"/>
	<Point x="372" y="1006"/>
	<Point x="372" y="1007"/>
	<Point x="374" y="1007"/>
	<Point x="374" y="1016"/>
	<Point x="521" y="1016"/>
	<Point x="521" y="1015"/>
	<Point x="545" y="1015"/>
	<Point x="545" y="1014"/>
	<Point x="591" y="1014"/>
	<Point x="591" y="1013"/>
	<Point x="659" y="1013"/>
	<Point x="659" y="1012"/>
	<Point x="661" y="1012"/>
	<Point x="661" y="1011"/>
	<Point x="719" y="1011"/>
	<Point x="719" y="1000"/>
	<Point x="720" y="1000"/>
	<Point x="720" y="999"/>
	<Point x="816" y="999"/>
	<Point x="816" y="998"/>
	<Point x="823" y="998"/>
	<Point x="823" y="997"/>
	<Point x="823" y="998"/>
	<Point x="824" y="998"/>
	<Point x="824" y="1008"/>
	<Point x="926" y="1008"/>
	<Point x="926" y="1007"/>
	<Point x="985" y="1007"/>
	<Point x="985" y="1006"/>
	<Point x="986" y="1006"/>
	<Point x="986" y="1005"/>
	<Point x="1004" y="1005"/>
	<Point x="1004" y="997"/>
	<Point x="1008" y="997"/>
	<Point x="1008" y="996"/>
	<Point x="1058" y="996"/>
	<Point x="1058" y="995"/>
	<Point x="1059" y="995"/>
	<Point x="1059" y="994"/>
	<Point x="1061" y="994"/>
	<Point x="1061" y="993"/>
	<Point x="1062" y="993"/>
	<Point x="1062" y="992"/>
	<Point x="1128" y="992"/></Coords>
	<Word id="r150">
	<Coords>
	<Point x="180" y="1021"/>
	<Point x="180" y="1025"/>
	<Point x="200" y="1025"/>
	<Point x="200" y="1027"/>
	<Point x="201" y="1027"/>
	<Point x="201" y="1029"/>
	<Point x="200" y="1029"/>
	<Point x="200" y="1031"/>
	<Point x="199" y="1031"/>
	<Point x="199" y="1032"/>
	<Point x="198" y="1032"/>
	<Point x="198" y="1033"/>
	<Point x="197" y="1033"/>
	<Point x="197" y="1041"/>
	<Point x="196" y="1041"/>
	<Point x="196" y="1042"/>
	<Point x="195" y="1042"/>
	<Point x="195" y="1043"/>
	<Point x="194" y="1043"/>
	<Point x="194" y="1044"/>
	<Point x="193" y="1044"/>
	<Point x="193" y="1045"/>
	<Point x="191" y="1045"/>
	<Point x="191" y="1046"/>
	<Point x="172" y="1046"/>
	<Point x="172" y="1047"/>
	<Point x="170" y="1047"/>
	<Point x="170" y="1046"/>
	<Point x="169" y="1046"/>
	<Point x="169" y="1042"/>
	<Point x="168" y="1042"/>
	<Point x="169" y="1042"/>
	<Point x="169" y="1041"/>
	<Point x="170" y="1041"/>
	<Point x="170" y="1026"/>
	<Point x="171" y="1026"/>
	<Point x="171" y="1025"/>
	<Point x="175" y="1025"/>
	<Point x="175" y="1024"/>
	<Point x="176" y="1024"/>
	<Point x="176" y="1022"/>
	<Point x="178" y="1022"/>
	<Point x="178" y="1021"/></Coords>
	<TextEquiv>
	<PlainText></PlainText>
	<Unicode>te</Unicode></TextEquiv></Word>
	<Word id="r151">
	<Coords>
	<Point x="369" y="1006"/>
	<Point x="372" y="1006"/>
	<Point x="372" y="1007"/>
	<Point x="374" y="1007"/>
	<Point x="374" y="1016"/>
	<Point x="449" y="1016"/>
	<Point x="449" y="1027"/>
	<Point x="450" y="1027"/>
	<Point x="450" y="1029"/>
	<Point x="467" y="1029"/>
	<Point x="467" y="1030"/>
	<Point x="469" y="1030"/>
	<Point x="469" y="1031"/>
	<Point x="470" y="1031"/>
	<Point x="470" y="1034"/>
	<Point x="471" y="1034"/>
	<Point x="471" y="1039"/>
	<Point x="470" y="1039"/>
	<Point x="470" y="1040"/>
	<Point x="469" y="1040"/>
	<Point x="469" y="1042"/>
	<Point x="468" y="1042"/>
	<Point x="468" y="1043"/>
	<Point x="467" y="1043"/>
	<Point x="467" y="1044"/>
	<Point x="464" y="1044"/>
	<Point x="464" y="1045"/>
	<Point x="464" y="1038"/>
	<Point x="345" y="1038"/>
	<Point x="345" y="1039"/>
	<Point x="343" y="1039"/>
	<Point x="343" y="1040"/>
	<Point x="320" y="1040"/>
	<Point x="320" y="1041"/>
	<Point x="310" y="1041"/>
	<Point x="310" y="1042"/>
	<Point x="291" y="1042"/>
	<Point x="291" y="1043"/>
	<Point x="257" y="1043"/>
	<Point x="257" y="1044"/>
	<Point x="256" y="1044"/>
	<Point x="256" y="1043"/>
	<Point x="253" y="1043"/>
	<Point x="253" y="1042"/>
	<Point x="252" y="1042"/>
	<Point x="252" y="1033"/>
	<Point x="245" y="1033"/>
	<Point x="245" y="1029"/>
	<Point x="246" y="1029"/>
	<Point x="246" y="1028"/>
	<Point x="247" y="1028"/>
	<Point x="247" y="1026"/>
	<Point x="248" y="1026"/>
	<Point x="248" y="1025"/>
	<Point x="249" y="1025"/>
	<Point x="249" y="1024"/>
	<Point x="257" y="1024"/>
	<Point x="257" y="1023"/>
	<Point x="294" y="1023"/>
	<Point x="294" y="1022"/>
	<Point x="318" y="1022"/>
	<Point x="318" y="1021"/>
	<Point x="322" y="1021"/>
	<Point x="322" y="1020"/>
	<Point x="368" y="1020"/>
	<Point x="368" y="1007"/>
	<Point x="369" y="1007"/></Coords>
	<TextEquiv>
	<PlainText></PlainText>
	<Unicode>veranderen,</Unicode></TextEquiv></Word>
	<Word id="r153">
	<Coords>
	<Point x="670" y="1011"/>
	<Point x="670" y="1012"/>
	<Point x="671" y="1012"/>
	<Point x="671" y="1013"/>
	<Point x="672" y="1013"/>
	<Point x="672" y="1015"/>
	<Point x="671" y="1015"/>
	<Point x="671" y="1016"/>
	<Point x="670" y="1016"/>
	<Point x="670" y="1017"/>
	<Point x="665" y="1017"/>
	<Point x="665" y="1018"/>
	<Point x="664" y="1018"/>
	<Point x="664" y="1019"/>
	<Point x="663" y="1019"/>
	<Point x="663" y="1020"/>
	<Point x="662" y="1020"/>
	<Point x="662" y="1022"/>
	<Point x="661" y="1022"/>
	<Point x="661" y="1024"/>
	<Point x="660" y="1024"/>
	<Point x="660" y="1025"/>
	<Point x="659" y="1025"/>
	<Point x="659" y="1028"/>
	<Point x="658" y="1028"/>
	<Point x="658" y="1030"/>
	<Point x="657" y="1030"/>
	<Point x="657" y="1031"/>
	<Point x="656" y="1031"/>
	<Point x="656" y="1032"/>
	<Point x="642" y="1032"/>
	<Point x="642" y="1033"/>
	<Point x="576" y="1033"/>
	<Point x="576" y="1034"/>
	<Point x="539" y="1034"/>
	<Point x="539" y="1035"/>
	<Point x="524" y="1035"/>
	<Point x="524" y="1034"/>
	<Point x="522" y="1034"/>
	<Point x="522" y="1024"/>
	<Point x="517" y="1024"/>
	<Point x="517" y="1023"/>
	<Point x="516" y="1023"/>
	<Point x="516" y="1020"/>
	<Point x="515" y="1020"/>
	<Point x="516" y="1020"/>
	<Point x="516" y="1019"/>
	<Point x="517" y="1019"/>
	<Point x="517" y="1018"/>
	<Point x="519" y="1018"/>
	<Point x="519" y="1017"/>
	<Point x="520" y="1017"/>
	<Point x="520" y="1016"/>
	<Point x="521" y="1016"/>
	<Point x="521" y="1015"/>
	<Point x="545" y="1015"/>
	<Point x="545" y="1014"/>
	<Point x="591" y="1014"/>
	<Point x="591" y="1013"/>
	<Point x="659" y="1013"/>
	<Point x="659" y="1012"/>
	<Point x="661" y="1012"/>
	<Point x="661" y="1011"/></Coords>
	<TextEquiv>
	<PlainText></PlainText>
	<Unicode>wanneer</Unicode></TextEquiv></Word>
	<Word id="r154">
	<Coords>
	<Point x="726" y="999"/>
	<Point x="726" y="1006"/>
	<Point x="766" y="1006"/>
	<Point x="766" y="1011"/>
	<Point x="768" y="1011"/>
	<Point x="768" y="1012"/>
	<Point x="767" y="1012"/>
	<Point x="767" y="1013"/>
	<Point x="764" y="1013"/>
	<Point x="764" y="1024"/>
	<Point x="763" y="1024"/>
	<Point x="763" y="1025"/>
	<Point x="762" y="1025"/>
	<Point x="762" y="1026"/>
	<Point x="761" y="1026"/>
	<Point x="761" y="1027"/>
	<Point x="760" y="1027"/>
	<Point x="760" y="1028"/>
	<Point x="758" y="1028"/>
	<Point x="758" y="1029"/>
	<Point x="757" y="1029"/>
	<Point x="757" y="1030"/>
	<Point x="742" y="1030"/>
	<Point x="742" y="1031"/>
	<Point x="713" y="1031"/>
	<Point x="713" y="1026"/>
	<Point x="714" y="1026"/>
	<Point x="714" y="1025"/>
	<Point x="715" y="1025"/>
	<Point x="715" y="1021"/>
	<Point x="716" y="1021"/>
	<Point x="716" y="1019"/>
	<Point x="717" y="1019"/>
	<Point x="717" y="1016"/>
	<Point x="718" y="1016"/>
	<Point x="718" y="1013"/>
	<Point x="719" y="1013"/>
	<Point x="719" y="1000"/>
	<Point x="720" y="1000"/>
	<Point x="720" y="999"/></Coords>
	<TextEquiv>
	<PlainText></PlainText>
	<Unicode>het</Unicode></TextEquiv></Word>
	<Word id="r155">
	<Coords>
	<Point x="823" y="998"/>
	<Point x="824" y="998"/>
	<Point x="824" y="1008"/>
	<Point x="875" y="1008"/>
	<Point x="875" y="1009"/>
	<Point x="876" y="1009"/>
	<Point x="876" y="1010"/>
	<Point x="875" y="1010"/>
	<Point x="875" y="1012"/>
	<Point x="874" y="1012"/>
	<Point x="874" y="1013"/>
	<Point x="869" y="1013"/>
	<Point x="869" y="1014"/>
	<Point x="868" y="1014"/>
	<Point x="868" y="1016"/>
	<Point x="867" y="1016"/>
	<Point x="867" y="1017"/>
	<Point x="866" y="1017"/>
	<Point x="866" y="1019"/>
	<Point x="865" y="1019"/>
	<Point x="865" y="1022"/>
	<Point x="864" y="1022"/>
	<Point x="864" y="1024"/>
	<Point x="863" y="1024"/>
	<Point x="863" y="1026"/>
	<Point x="862" y="1026"/>
	<Point x="862" y="1028"/>
	<Point x="846" y="1028"/>
	<Point x="846" y="1029"/>
	<Point x="802" y="1029"/>
	<Point x="802" y="1028"/>
	<Point x="801" y="1028"/>
	<Point x="801" y="1020"/>
	<Point x="802" y="1020"/>
	<Point x="802" y="1018"/>
	<Point x="803" y="1018"/>
	<Point x="803" y="1017"/>
	<Point x="804" y="1017"/>
	<Point x="804" y="1016"/>
	<Point x="805" y="1016"/>
	<Point x="805" y="1014"/>
	<Point x="806" y="1014"/>
	<Point x="806" y="1013"/>
	<Point x="808" y="1013"/>
	<Point x="808" y="1012"/>
	<Point x="810" y="1012"/>
	<Point x="810" y="1011"/>
	<Point x="816" y="1011"/>
	<Point x="816" y="998"/>
	<Point x="823" y="998"/>
	<Point x="823" y="997"/></Coords>
	<TextEquiv>
	<PlainText></PlainText>
	<Unicode>door</Unicode></TextEquiv></Word>
	<Word id="r156">
	<Coords>
	<Point x="1130" y="991"/>
	<Point x="1130" y="992"/>
	<Point x="1131" y="992"/>
	<Point x="1131" y="993"/>
	<Point x="1132" y="993"/>
	<Point x="1132" y="1002"/>
	<Point x="1154" y="1002"/>
	<Point x="1154" y="1004"/>
	<Point x="1155" y="1004"/>
	<Point x="1155" y="1008"/>
	<Point x="1154" y="1008"/>
	<Point x="1154" y="1019"/>
	<Point x="1153" y="1019"/>
	<Point x="1153" y="1020"/>
	<Point x="1150" y="1020"/>
	<Point x="1150" y="1021"/>
	<Point x="1148" y="1021"/>
	<Point x="1148" y="1022"/>
	<Point x="1135" y="1022"/>
	<Point x="1135" y="1023"/>
	<Point x="1121" y="1023"/>
	<Point x="1121" y="1024"/>
	<Point x="1109" y="1024"/>
	<Point x="1109" y="1025"/>
	<Point x="1108" y="1025"/>
	<Point x="1108" y="1028"/>
	<Point x="1107" y="1028"/>
	<Point x="1107" y="1030"/>
	<Point x="1106" y="1030"/>
	<Point x="1106" y="1032"/>
	<Point x="1104" y="1032"/>
	<Point x="1104" y="1034"/>
	<Point x="1046" y="1034"/>
	<Point x="1046" y="1036"/>
	<Point x="1045" y="1036"/>
	<Point x="1045" y="1037"/>
	<Point x="1043" y="1037"/>
	<Point x="1043" y="1038"/>
	<Point x="982" y="1038"/>
	<Point x="982" y="1039"/>
	<Point x="972" y="1039"/>
	<Point x="972" y="1029"/>
	<Point x="964" y="1029"/>
	<Point x="964" y="1028"/>
	<Point x="922" y="1028"/>
	<Point x="922" y="1027"/>
	<Point x="920" y="1027"/>
	<Point x="920" y="1026"/>
	<Point x="919" y="1026"/>
	<Point x="919" y="1024"/>
	<Point x="918" y="1024"/>
	<Point x="918" y="1020"/>
	<Point x="919" y="1020"/>
	<Point x="919" y="1015"/>
	<Point x="920" y="1015"/>
	<Point x="920" y="1014"/>
	<Point x="921" y="1014"/>
	<Point x="921" y="1012"/>
	<Point x="922" y="1012"/>
	<Point x="922" y="1010"/>
	<Point x="923" y="1010"/>
	<Point x="923" y="1009"/>
	<Point x="925" y="1009"/>
	<Point x="925" y="1008"/>
	<Point x="926" y="1008"/>
	<Point x="926" y="1007"/>
	<Point x="985" y="1007"/>
	<Point x="985" y="1006"/>
	<Point x="986" y="1006"/>
	<Point x="986" y="1005"/>
	<Point x="1004" y="1005"/>
	<Point x="1004" y="997"/>
	<Point x="1008" y="997"/>
	<Point x="1008" y="996"/>
	<Point x="1058" y="996"/>
	<Point x="1058" y="995"/>
	<Point x="1059" y="995"/>
	<Point x="1059" y="994"/>
	<Point x="1061" y="994"/>
	<Point x="1061" y="993"/>
	<Point x="1062" y="993"/>
	<Point x="1062" y="992"/>
	<Point x="1128" y="992"/>
	<Point x="1128" y="991"/></Coords>
	<TextEquiv>
	<PlainText></PlainText>
	<Unicode>onoplosſelijke</Unicode></TextEquiv></Word>
	<TextEquiv>
	<PlainText></PlainText>
	<Unicode>te veranderen, wanneer het door onoplosſelijke</Unicode></TextEquiv></TextLine>
	<TextLine id="r36">
	<Coords>
	<Point x="769" y="1060"/>
	<Point x="773" y="1060"/>
	<Point x="773" y="1061"/>
	<Point x="774" y="1061"/>
	<Point x="774" y="1069"/>
	<Point x="857" y="1069"/>
	<Point x="857" y="1070"/>
	<Point x="859" y="1070"/>
	<Point x="859" y="1084"/>
	<Point x="873" y="1084"/>
	<Point x="873" y="1085"/>
	<Point x="875" y="1085"/>
	<Point x="875" y="1086"/>
	<Point x="876" y="1086"/>
	<Point x="876" y="1087"/>
	<Point x="877" y="1087"/>
	<Point x="877" y="1090"/>
	<Point x="876" y="1090"/>
	<Point x="876" y="1091"/>
	<Point x="858" y="1091"/>
	<Point x="858" y="1092"/>
	<Point x="829" y="1092"/>
	<Point x="829" y="1093"/>
	<Point x="789" y="1093"/>
	<Point x="789" y="1094"/>
	<Point x="714" y="1094"/>
	<Point x="714" y="1095"/>
	<Point x="712" y="1095"/>
	<Point x="712" y="1096"/>
	<Point x="681" y="1096"/>
	<Point x="681" y="1097"/>
	<Point x="557" y="1097"/>
	<Point x="557" y="1098"/>
	<Point x="534" y="1098"/>
	<Point x="534" y="1099"/>
	<Point x="474" y="1099"/>
	<Point x="474" y="1100"/>
	<Point x="447" y="1100"/>
	<Point x="447" y="1109"/>
	<Point x="446" y="1109"/>
	<Point x="446" y="1110"/>
	<Point x="445" y="1110"/>
	<Point x="445" y="1111"/>
	<Point x="443" y="1111"/>
	<Point x="443" y="1112"/>
	<Point x="436" y="1112"/>
	<Point x="436" y="1113"/>
	<Point x="434" y="1113"/>
	<Point x="434" y="1112"/>
	<Point x="431" y="1112"/>
	<Point x="431" y="1111"/>
	<Point x="429" y="1111"/>
	<Point x="429" y="1110"/>
	<Point x="428" y="1110"/>
	<Point x="428" y="1108"/>
	<Point x="427" y="1108"/>
	<Point x="427" y="1106"/>
	<Point x="428" y="1106"/>
	<Point x="428" y="1105"/>
	<Point x="429" y="1105"/>
	<Point x="429" y="1103"/>
	<Point x="315" y="1103"/>
	<Point x="315" y="1104"/>
	<Point x="301" y="1104"/>
	<Point x="301" y="1112"/>
	<Point x="300" y="1112"/>
	<Point x="300" y="1115"/>
	<Point x="297" y="1115"/>
	<Point x="297" y="1117"/>
	<Point x="285" y="1117"/>
	<Point x="285" y="1116"/>
	<Point x="284" y="1116"/>
	<Point x="284" y="1115"/>
	<Point x="283" y="1115"/>
	<Point x="283" y="1108"/>
	<Point x="172" y="1108"/>
	<Point x="172" y="1109"/>
	<Point x="170" y="1109"/>
	<Point x="170" y="1108"/>
	<Point x="169" y="1108"/>
	<Point x="169" y="1107"/>
	<Point x="170" y="1107"/>
	<Point x="170" y="1106"/>
	<Point x="171" y="1106"/>
	<Point x="171" y="1091"/>
	<Point x="173" y="1091"/>
	<Point x="173" y="1089"/>
	<Point x="174" y="1089"/>
	<Point x="174" y="1088"/>
	<Point x="176" y="1088"/>
	<Point x="176" y="1087"/>
	<Point x="242" y="1087"/>
	<Point x="242" y="1086"/>
	<Point x="244" y="1086"/>
	<Point x="244" y="1085"/>
	<Point x="278" y="1085"/>
	<Point x="278" y="1075"/>
	<Point x="279" y="1075"/>
	<Point x="279" y="1074"/>
	<Point x="280" y="1074"/>
	<Point x="280" y="1073"/>
	<Point x="311" y="1073"/>
	<Point x="311" y="1071"/>
	<Point x="316" y="1071"/>
	<Point x="316" y="1070"/>
	<Point x="359" y="1070"/>
	<Point x="359" y="1069"/>
	<Point x="366" y="1069"/>
	<Point x="366" y="1078"/>
	<Point x="482" y="1078"/>
	<Point x="482" y="1066"/>
	<Point x="542" y="1066"/>
	<Point x="542" y="1065"/>
	<Point x="545" y="1065"/>
	<Point x="545" y="1066"/>
	<Point x="546" y="1066"/>
	<Point x="546" y="1072"/>
	<Point x="566" y="1072"/>
	<Point x="566" y="1074"/>
	<Point x="684" y="1074"/>
	<Point x="684" y="1065"/>
	<Point x="686" y="1065"/>
	<Point x="686" y="1064"/>
	<Point x="745" y="1064"/>
	<Point x="745" y="1063"/>
	<Point x="768" y="1063"/>
	<Point x="768" y="1061"/>
	<Point x="769" y="1061"/></Coords>
	<Word id="r157">
	<Coords>
	<Point x="366" y="1069"/>
	<Point x="366" y="1080"/>
	<Point x="402" y="1080"/>
	<Point x="402" y="1081"/>
	<Point x="403" y="1081"/>
	<Point x="403" y="1092"/>
	<Point x="404" y="1092"/>
	<Point x="404" y="1093"/>
	<Point x="403" y="1093"/>
	<Point x="403" y="1094"/>
	<Point x="402" y="1094"/>
	<Point x="402" y="1095"/>
	<Point x="401" y="1095"/>
	<Point x="401" y="1097"/>
	<Point x="400" y="1097"/>
	<Point x="400" y="1098"/>
	<Point x="399" y="1098"/>
	<Point x="399" y="1099"/>
	<Point x="398" y="1099"/>
	<Point x="398" y="1100"/>
	<Point x="397" y="1100"/>
	<Point x="397" y="1101"/>
	<Point x="385" y="1101"/>
	<Point x="385" y="1102"/>
	<Point x="349" y="1102"/>
	<Point x="349" y="1103"/>
	<Point x="315" y="1103"/>
	<Point x="315" y="1104"/>
	<Point x="301" y="1104"/>
	<Point x="301" y="1112"/>
	<Point x="300" y="1112"/>
	<Point x="300" y="1115"/>
	<Point x="297" y="1115"/>
	<Point x="297" y="1117"/>
	<Point x="285" y="1117"/>
	<Point x="285" y="1116"/>
	<Point x="284" y="1116"/>
	<Point x="284" y="1115"/>
	<Point x="283" y="1115"/>
	<Point x="283" y="1108"/>
	<Point x="172" y="1108"/>
	<Point x="172" y="1109"/>
	<Point x="170" y="1109"/>
	<Point x="170" y="1108"/>
	<Point x="169" y="1108"/>
	<Point x="169" y="1107"/>
	<Point x="170" y="1107"/>
	<Point x="170" y="1106"/>
	<Point x="171" y="1106"/>
	<Point x="171" y="1091"/>
	<Point x="173" y="1091"/>
	<Point x="173" y="1089"/>
	<Point x="174" y="1089"/>
	<Point x="174" y="1088"/>
	<Point x="176" y="1088"/>
	<Point x="176" y="1087"/>
	<Point x="242" y="1087"/>
	<Point x="242" y="1086"/>
	<Point x="244" y="1086"/>
	<Point x="244" y="1085"/>
	<Point x="278" y="1085"/>
	<Point x="278" y="1075"/>
	<Point x="279" y="1075"/>
	<Point x="279" y="1074"/>
	<Point x="280" y="1074"/>
	<Point x="280" y="1073"/>
	<Point x="311" y="1073"/>
	<Point x="311" y="1071"/>
	<Point x="316" y="1071"/>
	<Point x="316" y="1070"/>
	<Point x="359" y="1070"/>
	<Point x="359" y="1069"/></Coords>
	<TextEquiv>
	<PlainText></PlainText>
	<Unicode>zwarigheden</Unicode></TextEquiv></Word>
	<Word id="r158">
	<Coords>
	<Point x="545" y="1065"/>
	<Point x="545" y="1066"/>
	<Point x="546" y="1066"/>
	<Point x="546" y="1072"/>
	<Point x="566" y="1072"/>
	<Point x="566" y="1077"/>
	<Point x="567" y="1077"/>
	<Point x="567" y="1078"/>
	<Point x="568" y="1078"/>
	<Point x="567" y="1078"/>
	<Point x="567" y="1079"/>
	<Point x="564" y="1079"/>
	<Point x="564" y="1092"/>
	<Point x="563" y="1092"/>
	<Point x="563" y="1093"/>
	<Point x="562" y="1093"/>
	<Point x="562" y="1094"/>
	<Point x="561" y="1094"/>
	<Point x="561" y="1095"/>
	<Point x="560" y="1095"/>
	<Point x="560" y="1096"/>
	<Point x="559" y="1096"/>
	<Point x="559" y="1097"/>
	<Point x="557" y="1097"/>
	<Point x="557" y="1098"/>
	<Point x="534" y="1098"/>
	<Point x="534" y="1099"/>
	<Point x="474" y="1099"/>
	<Point x="474" y="1100"/>
	<Point x="447" y="1100"/>
	<Point x="447" y="1109"/>
	<Point x="446" y="1109"/>
	<Point x="446" y="1110"/>
	<Point x="445" y="1110"/>
	<Point x="445" y="1111"/>
	<Point x="443" y="1111"/>
	<Point x="443" y="1112"/>
	<Point x="436" y="1112"/>
	<Point x="436" y="1113"/>
	<Point x="434" y="1113"/>
	<Point x="434" y="1112"/>
	<Point x="431" y="1112"/>
	<Point x="431" y="1111"/>
	<Point x="429" y="1111"/>
	<Point x="429" y="1110"/>
	<Point x="428" y="1110"/>
	<Point x="428" y="1108"/>
	<Point x="427" y="1108"/>
	<Point x="427" y="1106"/>
	<Point x="428" y="1106"/>
	<Point x="428" y="1105"/>
	<Point x="429" y="1105"/>
	<Point x="429" y="1104"/>
	<Point x="431" y="1104"/>
	<Point x="431" y="1103"/>
	<Point x="432" y="1103"/>
	<Point x="432" y="1087"/>
	<Point x="433" y="1087"/>
	<Point x="433" y="1083"/>
	<Point x="434" y="1083"/>
	<Point x="434" y="1082"/>
	<Point x="435" y="1082"/>
	<Point x="435" y="1080"/>
	<Point x="437" y="1080"/>
	<Point x="437" y="1079"/>
	<Point x="439" y="1079"/>
	<Point x="439" y="1078"/>
	<Point x="482" y="1078"/>
	<Point x="482" y="1066"/>
	<Point x="542" y="1066"/>
	<Point x="542" y="1065"/></Coords>
	<TextEquiv>
	<PlainText></PlainText>
	<Unicode>gedrukt</Unicode></TextEquiv></Word>
	<Word id="r159">
	<Coords>
	<Point x="686" y="1064"/>
	<Point x="686" y="1065"/>
	<Point x="690" y="1065"/>
	<Point x="690" y="1067"/>
	<Point x="691" y="1067"/>
	<Point x="691" y="1070"/>
	<Point x="701" y="1070"/>
	<Point x="701" y="1076"/>
	<Point x="703" y="1076"/>
	<Point x="703" y="1079"/>
	<Point x="699" y="1079"/>
	<Point x="699" y="1090"/>
	<Point x="714" y="1090"/>
	<Point x="714" y="1091"/>
	<Point x="715" y="1091"/>
	<Point x="715" y="1093"/>
	<Point x="714" y="1093"/>
	<Point x="714" y="1095"/>
	<Point x="712" y="1095"/>
	<Point x="712" y="1096"/>
	<Point x="681" y="1096"/>
	<Point x="681" y="1097"/>
	<Point x="602" y="1097"/>
	<Point x="602" y="1096"/>
	<Point x="601" y="1096"/>
	<Point x="601" y="1095"/>
	<Point x="600" y="1095"/>
	<Point x="600" y="1086"/>
	<Point x="595" y="1086"/>
	<Point x="595" y="1085"/>
	<Point x="594" y="1085"/>
	<Point x="594" y="1081"/>
	<Point x="595" y="1081"/>
	<Point x="595" y="1080"/>
	<Point x="596" y="1080"/>
	<Point x="596" y="1079"/>
	<Point x="597" y="1079"/>
	<Point x="597" y="1078"/>
	<Point x="598" y="1078"/>
	<Point x="598" y="1077"/>
	<Point x="600" y="1077"/>
	<Point x="600" y="1076"/>
	<Point x="614" y="1076"/>
	<Point x="614" y="1075"/>
	<Point x="663" y="1075"/>
	<Point x="663" y="1074"/>
	<Point x="684" y="1074"/>
	<Point x="684" y="1065"/>
	<Point x="686" y="1065"/></Coords>
	<TextEquiv>
	<PlainText></PlainText>
	<Unicode>wordt.</Unicode></TextEquiv></Word>
	<Word id="r161">
	<Coords>
	<Point x="769" y="1060"/>
	<Point x="773" y="1060"/>
	<Point x="773" y="1061"/>
	<Point x="774" y="1061"/>
	<Point x="774" y="1078"/>
	<Point x="775" y="1078"/>
	<Point x="775" y="1088"/>
	<Point x="788" y="1088"/>
	<Point x="788" y="1089"/>
	<Point x="789" y="1089"/>
	<Point x="789" y="1094"/>
	<Point x="747" y="1094"/>
	<Point x="747" y="1093"/>
	<Point x="746" y="1093"/>
	<Point x="746" y="1089"/>
	<Point x="745" y="1089"/>
	<Point x="745" y="1066"/>
	<Point x="744" y="1066"/>
	<Point x="744" y="1065"/>
	<Point x="743" y="1065"/>
	<Point x="743" y="1064"/>
	<Point x="745" y="1064"/>
	<Point x="745" y="1063"/>
	<Point x="768" y="1063"/>
	<Point x="768" y="1061"/>
	<Point x="769" y="1061"/></Coords>
	<TextEquiv>
	<PlainText></PlainText>
	<Unicode>bl.</Unicode></TextEquiv></Word>
	<Word id="r163">
	<Coords>
	<Point x="857" y="1069"/>
	<Point x="857" y="1070"/>
	<Point x="859" y="1070"/>
	<Point x="859" y="1071"/>
	<Point x="858" y="1071"/>
	<Point x="858" y="1084"/>
	<Point x="873" y="1084"/>
	<Point x="873" y="1085"/>
	<Point x="875" y="1085"/>
	<Point x="875" y="1086"/>
	<Point x="876" y="1086"/>
	<Point x="876" y="1087"/>
	<Point x="877" y="1087"/>
	<Point x="877" y="1090"/>
	<Point x="876" y="1090"/>
	<Point x="876" y="1091"/>
	<Point x="858" y="1091"/>
	<Point x="858" y="1092"/>
	<Point x="829" y="1092"/>
	<Point x="829" y="1093"/>
	<Point x="825" y="1093"/>
	<Point x="825" y="1092"/>
	<Point x="823" y="1092"/>
	<Point x="823" y="1072"/>
	<Point x="824" y="1072"/>
	<Point x="824" y="1071"/>
	<Point x="825" y="1071"/>
	<Point x="825" y="1070"/>
	<Point x="857" y="1070"/></Coords>
	<TextEquiv>
	<PlainText></PlainText>
	<Unicode>II.</Unicode></TextEquiv></Word>
	<TextEquiv>
	<PlainText></PlainText>
	<Unicode>zwarigheden gedrukt wordt. bl. II.</Unicode></TextEquiv></TextLine>
	<TextEquiv>
	<PlainText></PlainText>
	<Unicode>DAT het zeer redelijk is een Leerelſel aan de
H. Schrift te toetſen, en, brengt het die mede,
te veranderen, wanneer het door onoplosſelijke
zwarigheden gedrukt wordt. bl. II.</Unicode></TextEquiv></TextRegion>
	<TextRegion id="r31" type="paragraph">
	<Coords>
	<Point x="1171" y="1115"/>
	<Point x="1171" y="1455"/>
	<Point x="148" y="1455"/>
	<Point x="148" y="1129"/>
	<Point x="586" y="1129"/>
	<Point x="586" y="1128"/>
	<Point x="587" y="1128"/>
	<Point x="587" y="1127"/>
	<Point x="588" y="1127"/>
	<Point x="588" y="1126"/>
	<Point x="589" y="1126"/>
	<Point x="589" y="1125"/>
	<Point x="590" y="1125"/>
	<Point x="590" y="1124"/>
	<Point x="591" y="1124"/>
	<Point x="591" y="1123"/>
	<Point x="592" y="1123"/>
	<Point x="592" y="1122"/>
	<Point x="593" y="1122"/>
	<Point x="593" y="1121"/>
	<Point x="594" y="1121"/>
	<Point x="594" y="1120"/>
	<Point x="595" y="1120"/>
	<Point x="595" y="1119"/>
	<Point x="596" y="1119"/>
	<Point x="596" y="1118"/>
	<Point x="597" y="1118"/>
	<Point x="597" y="1117"/>
	<Point x="598" y="1117"/>
	<Point x="598" y="1116"/>
	<Point x="599" y="1116"/>
	<Point x="599" y="1115"/></Coords>
	<TextLine id="r37">
	<Coords>
	<Point x="1140" y="1115"/>
	<Point x="1141" y="1115"/>
	<Point x="1141" y="1116"/>
	<Point x="1147" y="1116"/>
	<Point x="1147" y="1129"/>
	<Point x="1150" y="1129"/>
	<Point x="1150" y="1130"/>
	<Point x="1153" y="1130"/>
	<Point x="1153" y="1135"/>
	<Point x="1154" y="1135"/>
	<Point x="1154" y="1137"/>
	<Point x="1153" y="1137"/>
	<Point x="1153" y="1139"/>
	<Point x="1152" y="1139"/>
	<Point x="1152" y="1141"/>
	<Point x="1151" y="1141"/>
	<Point x="1151" y="1143"/>
	<Point x="1150" y="1143"/>
	<Point x="1150" y="1145"/>
	<Point x="1149" y="1145"/>
	<Point x="1149" y="1147"/>
	<Point x="1148" y="1147"/>
	<Point x="1148" y="1148"/>
	<Point x="1146" y="1148"/>
	<Point x="1146" y="1149"/>
	<Point x="1145" y="1149"/>
	<Point x="1145" y="1150"/>
	<Point x="1143" y="1150"/>
	<Point x="1143" y="1151"/>
	<Point x="1089" y="1151"/>
	<Point x="1089" y="1152"/>
	<Point x="1059" y="1152"/>
	<Point x="1059" y="1153"/>
	<Point x="963" y="1153"/>
	<Point x="963" y="1154"/>
	<Point x="888" y="1154"/>
	<Point x="888" y="1155"/>
	<Point x="854" y="1155"/>
	<Point x="854" y="1156"/>
	<Point x="805" y="1156"/>
	<Point x="805" y="1157"/>
	<Point x="757" y="1157"/>
	<Point x="757" y="1158"/>
	<Point x="651" y="1158"/>
	<Point x="651" y="1159"/>
	<Point x="632" y="1159"/>
	<Point x="632" y="1160"/>
	<Point x="617" y="1160"/>
	<Point x="617" y="1170"/>
	<Point x="616" y="1170"/>
	<Point x="616" y="1171"/>
	<Point x="615" y="1171"/>
	<Point x="615" y="1172"/>
	<Point x="614" y="1172"/>
	<Point x="614" y="1173"/>
	<Point x="610" y="1173"/>
	<Point x="610" y="1174"/>
	<Point x="608" y="1174"/>
	<Point x="608" y="1173"/>
	<Point x="601" y="1173"/>
	<Point x="601" y="1172"/>
	<Point x="600" y="1172"/>
	<Point x="600" y="1171"/>
	<Point x="598" y="1171"/>
	<Point x="598" y="1163"/>
	<Point x="432" y="1163"/>
	<Point x="432" y="1164"/>
	<Point x="389" y="1164"/>
	<Point x="389" y="1165"/>
	<Point x="345" y="1165"/>
	<Point x="345" y="1166"/>
	<Point x="304" y="1166"/>
	<Point x="304" y="1167"/>
	<Point x="263" y="1167"/>
	<Point x="263" y="1168"/>
	<Point x="235" y="1168"/>
	<Point x="235" y="1169"/>
	<Point x="225" y="1169"/>
	<Point x="225" y="1168"/>
	<Point x="224" y="1168"/>
	<Point x="224" y="1148"/>
	<Point x="264" y="1148"/>
	<Point x="264" y="1147"/>
	<Point x="265" y="1147"/>
	<Point x="265" y="1146"/>
	<Point x="266" y="1146"/>
	<Point x="266" y="1145"/>
	<Point x="364" y="1145"/>
	<Point x="364" y="1144"/>
	<Point x="380" y="1144"/>
	<Point x="380" y="1133"/>
	<Point x="381" y="1133"/>
	<Point x="381" y="1132"/>
	<Point x="435" y="1132"/>
	<Point x="435" y="1131"/>
	<Point x="440" y="1131"/>
	<Point x="440" y="1130"/>
	<Point x="440" y="1131"/>
	<Point x="441" y="1131"/>
	<Point x="441" y="1132"/>
	<Point x="442" y="1132"/>
	<Point x="442" y="1140"/>
	<Point x="583" y="1140"/>
	<Point x="583" y="1139"/>
	<Point x="594" y="1139"/>
	<Point x="594" y="1130"/>
	<Point x="595" y="1130"/>
	<Point x="595" y="1129"/>
	<Point x="626" y="1129"/>
	<Point x="626" y="1127"/>
	<Point x="629" y="1127"/>
	<Point x="629" y="1126"/>
	<Point x="631" y="1126"/>
	<Point x="631" y="1125"/>
	<Point x="676" y="1125"/>
	<Point x="676" y="1124"/>
	<Point x="680" y="1124"/>
	<Point x="680" y="1125"/>
	<Point x="683" y="1125"/>
	<Point x="683" y="1126"/>
	<Point x="684" y="1126"/>
	<Point x="684" y="1136"/>
	<Point x="790" y="1136"/>
	<Point x="790" y="1135"/>
	<Point x="847" y="1135"/>
	<Point x="847" y="1124"/>
	<Point x="848" y="1124"/>
	<Point x="848" y="1123"/>
	<Point x="849" y="1123"/>
	<Point x="849" y="1122"/>
	<Point x="937" y="1122"/>
	<Point x="937" y="1121"/>
	<Point x="980" y="1121"/>
	<Point x="980" y="1120"/>
	<Point x="986" y="1120"/>
	<Point x="986" y="1119"/>
	<Point x="1038" y="1119"/>
	<Point x="1038" y="1118"/>
	<Point x="1137" y="1118"/>
	<Point x="1137" y="1116"/>
	<Point x="1140" y="1116"/></Coords>
	<Word id="r166">
	<Coords>
	<Point x="266" y="1145"/>
	<Point x="308" y="1145"/>
	<Point x="308" y="1147"/>
	<Point x="309" y="1147"/>
	<Point x="309" y="1149"/>
	<Point x="310" y="1149"/>
	<Point x="310" y="1150"/>
	<Point x="309" y="1150"/>
	<Point x="309" y="1151"/>
	<Point x="305" y="1151"/>
	<Point x="305" y="1166"/>
	<Point x="304" y="1166"/>
	<Point x="304" y="1167"/>
	<Point x="263" y="1167"/>
	<Point x="263" y="1168"/>
	<Point x="235" y="1168"/>
	<Point x="235" y="1169"/>
	<Point x="225" y="1169"/>
	<Point x="225" y="1168"/>
	<Point x="224" y="1168"/>
	<Point x="224" y="1148"/>
	<Point x="264" y="1148"/>
	<Point x="264" y="1147"/>
	<Point x="265" y="1147"/>
	<Point x="265" y="1146"/>
	<Point x="266" y="1146"/></Coords>
	<TextEquiv>
	<PlainText></PlainText>
	<Unicode>DAT</Unicode></TextEquiv></Word>
	<Word id="r169">
	<Coords>
	<Point x="386" y="1132"/>
	<Point x="386" y="1144"/>
	<Point x="390" y="1144"/>
	<Point x="390" y="1145"/>
	<Point x="391" y="1145"/>
	<Point x="391" y="1146"/>
	<Point x="392" y="1146"/>
	<Point x="392" y="1148"/>
	<Point x="391" y="1148"/>
	<Point x="391" y="1163"/>
	<Point x="390" y="1163"/>
	<Point x="390" y="1164"/>
	<Point x="389" y="1164"/>
	<Point x="389" y="1165"/>
	<Point x="345" y="1165"/>
	<Point x="345" y="1166"/>
	<Point x="341" y="1166"/>
	<Point x="341" y="1165"/>
	<Point x="340" y="1165"/>
	<Point x="340" y="1164"/>
	<Point x="339" y="1164"/>
	<Point x="339" y="1161"/>
	<Point x="338" y="1161"/>
	<Point x="338" y="1160"/>
	<Point x="339" y="1160"/>
	<Point x="339" y="1156"/>
	<Point x="340" y="1156"/>
	<Point x="340" y="1152"/>
	<Point x="341" y="1152"/>
	<Point x="341" y="1150"/>
	<Point x="342" y="1150"/>
	<Point x="342" y="1148"/>
	<Point x="343" y="1148"/>
	<Point x="343" y="1147"/>
	<Point x="344" y="1147"/>
	<Point x="344" y="1146"/>
	<Point x="345" y="1146"/>
	<Point x="345" y="1145"/>
	<Point x="364" y="1145"/>
	<Point x="364" y="1144"/>
	<Point x="380" y="1144"/>
	<Point x="380" y="1133"/>
	<Point x="381" y="1133"/>
	<Point x="381" y="1132"/></Coords>
	<TextEquiv>
	<PlainText></PlainText>
	<Unicode>ook</Unicode></TextEquiv></Word>
	<Word id="r170">
	<Coords>
	<Point x="440" y="1131"/>
	<Point x="441" y="1131"/>
	<Point x="441" y="1132"/>
	<Point x="442" y="1132"/>
	<Point x="442" y="1141"/>
	<Point x="455" y="1141"/>
	<Point x="455" y="1143"/>
	<Point x="456" y="1143"/>
	<Point x="456" y="1148"/>
	<Point x="455" y="1148"/>
	<Point x="455" y="1149"/>
	<Point x="454" y="1149"/>
	<Point x="454" y="1156"/>
	<Point x="453" y="1156"/>
	<Point x="453" y="1159"/>
	<Point x="452" y="1159"/>
	<Point x="452" y="1160"/>
	<Point x="451" y="1160"/>
	<Point x="451" y="1161"/>
	<Point x="450" y="1161"/>
	<Point x="450" y="1162"/>
	<Point x="448" y="1162"/>
	<Point x="448" y="1163"/>
	<Point x="432" y="1163"/>
	<Point x="432" y="1164"/>
	<Point x="422" y="1164"/>
	<Point x="422" y="1163"/>
	<Point x="421" y="1163"/>
	<Point x="421" y="1160"/>
	<Point x="420" y="1160"/>
	<Point x="420" y="1157"/>
	<Point x="421" y="1157"/>
	<Point x="421" y="1155"/>
	<Point x="422" y="1155"/>
	<Point x="422" y="1153"/>
	<Point x="423" y="1153"/>
	<Point x="423" y="1151"/>
	<Point x="424" y="1151"/>
	<Point x="424" y="1150"/>
	<Point x="425" y="1150"/>
	<Point x="425" y="1148"/>
	<Point x="426" y="1148"/>
	<Point x="426" y="1147"/>
	<Point x="427" y="1147"/>
	<Point x="427" y="1146"/>
	<Point x="428" y="1146"/>
	<Point x="428" y="1144"/>
	<Point x="432" y="1144"/>
	<Point x="432" y="1143"/>
	<Point x="434" y="1143"/>
	<Point x="434" y="1132"/>
	<Point x="435" y="1132"/>
	<Point x="435" y="1131"/>
	<Point x="440" y="1131"/>
	<Point x="440" y="1130"/></Coords>
	<TextEquiv>
	<PlainText></PlainText>
	<Unicode>de</Unicode></TextEquiv></Word>
	<Word id="r171">
	<Coords>
	<Point x="680" y="1124"/>
	<Point x="680" y="1125"/>
	<Point x="683" y="1125"/>
	<Point x="683" y="1126"/>
	<Point x="684" y="1126"/>
	<Point x="684" y="1136"/>
	<Point x="719" y="1136"/>
	<Point x="719" y="1137"/>
	<Point x="720" y="1137"/>
	<Point x="720" y="1149"/>
	<Point x="721" y="1149"/>
	<Point x="721" y="1151"/>
	<Point x="720" y="1151"/>
	<Point x="720" y="1152"/>
	<Point x="719" y="1152"/>
	<Point x="719" y="1153"/>
	<Point x="718" y="1153"/>
	<Point x="718" y="1154"/>
	<Point x="717" y="1154"/>
	<Point x="717" y="1155"/>
	<Point x="716" y="1155"/>
	<Point x="716" y="1156"/>
	<Point x="715" y="1156"/>
	<Point x="715" y="1157"/>
	<Point x="712" y="1157"/>
	<Point x="712" y="1158"/>
	<Point x="651" y="1158"/>
	<Point x="651" y="1159"/>
	<Point x="632" y="1159"/>
	<Point x="632" y="1160"/>
	<Point x="617" y="1160"/>
	<Point x="617" y="1170"/>
	<Point x="616" y="1170"/>
	<Point x="616" y="1171"/>
	<Point x="615" y="1171"/>
	<Point x="615" y="1172"/>
	<Point x="614" y="1172"/>
	<Point x="614" y="1173"/>
	<Point x="610" y="1173"/>
	<Point x="610" y="1174"/>
	<Point x="608" y="1174"/>
	<Point x="608" y="1173"/>
	<Point x="601" y="1173"/>
	<Point x="601" y="1172"/>
	<Point x="600" y="1172"/>
	<Point x="600" y="1171"/>
	<Point x="598" y="1171"/>
	<Point x="598" y="1163"/>
	<Point x="485" y="1163"/>
	<Point x="485" y="1160"/>
	<Point x="486" y="1160"/>
	<Point x="486" y="1145"/>
	<Point x="487" y="1145"/>
	<Point x="487" y="1144"/>
	<Point x="488" y="1144"/>
	<Point x="488" y="1143"/>
	<Point x="490" y="1143"/>
	<Point x="490" y="1142"/>
	<Point x="504" y="1142"/>
	<Point x="504" y="1141"/>
	<Point x="532" y="1141"/>
	<Point x="532" y="1140"/>
	<Point x="583" y="1140"/>
	<Point x="583" y="1139"/>
	<Point x="594" y="1139"/>
	<Point x="594" y="1130"/>
	<Point x="595" y="1130"/>
	<Point x="595" y="1129"/>
	<Point x="626" y="1129"/>
	<Point x="626" y="1127"/>
	<Point x="629" y="1127"/>
	<Point x="629" y="1126"/>
	<Point x="631" y="1126"/>
	<Point x="631" y="1125"/>
	<Point x="676" y="1125"/>
	<Point x="676" y="1124"/></Coords>
	<TextEquiv>
	<PlainText></PlainText>
	<Unicode>zwarigheden</Unicode></TextEquiv></Word>
	<Word id="r172">
	<Coords>
	<Point x="813" y="1135"/>
	<Point x="813" y="1136"/>
	<Point x="814" y="1136"/>
	<Point x="814" y="1150"/>
	<Point x="812" y="1150"/>
	<Point x="812" y="1151"/>
	<Point x="811" y="1151"/>
	<Point x="811" y="1153"/>
	<Point x="810" y="1153"/>
	<Point x="810" y="1154"/>
	<Point x="809" y="1154"/>
	<Point x="809" y="1155"/>
	<Point x="808" y="1155"/>
	<Point x="808" y="1156"/>
	<Point x="805" y="1156"/>
	<Point x="805" y="1157"/>
	<Point x="757" y="1157"/>
	<Point x="757" y="1158"/>
	<Point x="755" y="1158"/>
	<Point x="755" y="1157"/>
	<Point x="753" y="1157"/>
	<Point x="753" y="1154"/>
	<Point x="752" y="1154"/>
	<Point x="752" y="1146"/>
	<Point x="746" y="1146"/>
	<Point x="746" y="1142"/>
	<Point x="745" y="1142"/>
	<Point x="746" y="1142"/>
	<Point x="746" y="1139"/>
	<Point x="747" y="1139"/>
	<Point x="747" y="1138"/>
	<Point x="749" y="1138"/>
	<Point x="749" y="1137"/>
	<Point x="750" y="1137"/>
	<Point x="750" y="1136"/>
	<Point x="790" y="1136"/>
	<Point x="790" y="1135"/></Coords>
	<TextEquiv>
	<PlainText></PlainText>
	<Unicode>van</Unicode></TextEquiv></Word>
	<Word id="r173">
	<Coords>
	<Point x="856" y="1122"/>
	<Point x="856" y="1129"/>
	<Point x="896" y="1129"/>
	<Point x="896" y="1134"/>
	<Point x="897" y="1134"/>
	<Point x="897" y="1135"/>
	<Point x="898" y="1135"/>
	<Point x="897" y="1135"/>
	<Point x="897" y="1137"/>
	<Point x="894" y="1137"/>
	<Point x="894" y="1138"/>
	<Point x="893" y="1138"/>
	<Point x="893" y="1149"/>
	<Point x="892" y="1149"/>
	<Point x="892" y="1151"/>
	<Point x="891" y="1151"/>
	<Point x="891" y="1152"/>
	<Point x="890" y="1152"/>
	<Point x="890" y="1153"/>
	<Point x="889" y="1153"/>
	<Point x="889" y="1154"/>
	<Point x="888" y="1154"/>
	<Point x="888" y="1155"/>
	<Point x="854" y="1155"/>
	<Point x="854" y="1156"/>
	<Point x="843" y="1156"/>
	<Point x="843" y="1155"/>
	<Point x="842" y="1155"/>
	<Point x="842" y="1153"/>
	<Point x="843" y="1153"/>
	<Point x="843" y="1152"/>
	<Point x="844" y="1152"/>
	<Point x="844" y="1149"/>
	<Point x="845" y="1149"/>
	<Point x="845" y="1145"/>
	<Point x="846" y="1145"/>
	<Point x="846" y="1141"/>
	<Point x="847" y="1141"/>
	<Point x="847" y="1124"/>
	<Point x="848" y="1124"/>
	<Point x="848" y="1123"/>
	<Point x="849" y="1123"/>
	<Point x="849" y="1122"/></Coords>
	<TextEquiv>
	<PlainText></PlainText>
	<Unicode>het</Unicode></TextEquiv></Word>
	<Word id="r174">
	<Coords>
	<Point x="1141" y="1115"/>
	<Point x="1141" y="1116"/>
	<Point x="1147" y="1116"/>
	<Point x="1147" y="1129"/>
	<Point x="1150" y="1129"/>
	<Point x="1150" y="1130"/>
	<Point x="1153" y="1130"/>
	<Point x="1153" y="1135"/>
	<Point x="1154" y="1135"/>
	<Point x="1154" y="1137"/>
	<Point x="1153" y="1137"/>
	<Point x="1153" y="1139"/>
	<Point x="1152" y="1139"/>
	<Point x="1152" y="1141"/>
	<Point x="1151" y="1141"/>
	<Point x="1151" y="1143"/>
	<Point x="1150" y="1143"/>
	<Point x="1150" y="1145"/>
	<Point x="1149" y="1145"/>
	<Point x="1149" y="1147"/>
	<Point x="1148" y="1147"/>
	<Point x="1148" y="1148"/>
	<Point x="1146" y="1148"/>
	<Point x="1146" y="1149"/>
	<Point x="1145" y="1149"/>
	<Point x="1145" y="1150"/>
	<Point x="1143" y="1150"/>
	<Point x="1143" y="1151"/>
	<Point x="1089" y="1151"/>
	<Point x="1089" y="1152"/>
	<Point x="1059" y="1152"/>
	<Point x="1059" y="1153"/>
	<Point x="963" y="1153"/>
	<Point x="963" y="1154"/>
	<Point x="920" y="1154"/>
	<Point x="921" y="1154"/>
	<Point x="921" y="1153"/>
	<Point x="924" y="1153"/>
	<Point x="924" y="1151"/>
	<Point x="925" y="1151"/>
	<Point x="925" y="1148"/>
	<Point x="926" y="1148"/>
	<Point x="926" y="1123"/>
	<Point x="927" y="1123"/>
	<Point x="927" y="1122"/>
	<Point x="937" y="1122"/>
	<Point x="937" y="1121"/>
	<Point x="980" y="1121"/>
	<Point x="980" y="1120"/>
	<Point x="986" y="1120"/>
	<Point x="986" y="1119"/>
	<Point x="1038" y="1119"/>
	<Point x="1038" y="1118"/>
	<Point x="1137" y="1118"/>
	<Point x="1137" y="1116"/>
	<Point x="1140" y="1116"/>
	<Point x="1140" y="1115"/></Coords>
	<TextEquiv>
	<PlainText></PlainText>
	<Unicode>Labadistisch</Unicode></TextEquiv></Word>
	<TextEquiv>
	<PlainText></PlainText>
	<Unicode>DAT ook de zwarigheden van het Labadistisch</Unicode></TextEquiv></TextLine>
	<TextLine id="r39">
	<Coords>
	<Point x="1013" y="1184"/>
	<Point x="1020" y="1184"/>
	<Point x="1020" y="1185"/>
	<Point x="1021" y="1185"/>
	<Point x="1021" y="1194"/>
	<Point x="1133" y="1194"/>
	<Point x="1133" y="1193"/>
	<Point x="1135" y="1193"/>
	<Point x="1135" y="1196"/>
	<Point x="1136" y="1196"/>
	<Point x="1136" y="1200"/>
	<Point x="1153" y="1200"/>
	<Point x="1153" y="1201"/>
	<Point x="1154" y="1201"/>
	<Point x="1154" y="1202"/>
	<Point x="1155" y="1202"/>
	<Point x="1155" y="1207"/>
	<Point x="1154" y="1207"/>
	<Point x="1154" y="1208"/>
	<Point x="1135" y="1208"/>
	<Point x="1135" y="1210"/>
	<Point x="1134" y="1210"/>
	<Point x="1134" y="1213"/>
	<Point x="1132" y="1213"/>
	<Point x="1132" y="1214"/>
	<Point x="1130" y="1214"/>
	<Point x="1130" y="1215"/>
	<Point x="1104" y="1215"/>
	<Point x="1104" y="1216"/>
	<Point x="1073" y="1216"/>
	<Point x="1073" y="1217"/>
	<Point x="1026" y="1217"/>
	<Point x="1026" y="1218"/>
	<Point x="966" y="1218"/>
	<Point x="966" y="1219"/>
	<Point x="858" y="1219"/>
	<Point x="858" y="1223"/>
	<Point x="857" y="1223"/>
	<Point x="857" y="1225"/>
	<Point x="856" y="1225"/>
	<Point x="856" y="1226"/>
	<Point x="855" y="1226"/>
	<Point x="855" y="1227"/>
	<Point x="853" y="1227"/>
	<Point x="853" y="1228"/>
	<Point x="852" y="1228"/>
	<Point x="852" y="1229"/>
	<Point x="850" y="1229"/>
	<Point x="850" y="1230"/>
	<Point x="849" y="1230"/>
	<Point x="849" y="1229"/>
	<Point x="848" y="1229"/>
	<Point x="848" y="1221"/>
	<Point x="734" y="1221"/>
	<Point x="734" y="1231"/>
	<Point x="733" y="1231"/>
	<Point x="733" y="1232"/>
	<Point x="731" y="1232"/>
	<Point x="731" y="1233"/>
	<Point x="729" y="1233"/>
	<Point x="729" y="1234"/>
	<Point x="718" y="1234"/>
	<Point x="718" y="1233"/>
	<Point x="717" y="1233"/>
	<Point x="717" y="1232"/>
	<Point x="715" y="1232"/>
	<Point x="715" y="1230"/>
	<Point x="714" y="1230"/>
	<Point x="714" y="1225"/>
	<Point x="574" y="1225"/>
	<Point x="574" y="1226"/>
	<Point x="537" y="1226"/>
	<Point x="537" y="1227"/>
	<Point x="536" y="1227"/>
	<Point x="536" y="1231"/>
	<Point x="535" y="1231"/>
	<Point x="535" y="1232"/>
	<Point x="534" y="1232"/>
	<Point x="534" y="1234"/>
	<Point x="533" y="1234"/>
	<Point x="533" y="1235"/>
	<Point x="532" y="1235"/>
	<Point x="532" y="1237"/>
	<Point x="427" y="1237"/>
	<Point x="427" y="1238"/>
	<Point x="427" y="1237"/>
	<Point x="425" y="1237"/>
	<Point x="425" y="1236"/>
	<Point x="423" y="1236"/>
	<Point x="423" y="1230"/>
	<Point x="265" y="1230"/>
	<Point x="265" y="1231"/>
	<Point x="263" y="1231"/>
	<Point x="263" y="1232"/>
	<Point x="232" y="1232"/>
	<Point x="232" y="1238"/>
	<Point x="231" y="1238"/>
	<Point x="231" y="1240"/>
	<Point x="230" y="1240"/>
	<Point x="230" y="1243"/>
	<Point x="172" y="1243"/>
	<Point x="172" y="1244"/>
	<Point x="171" y="1244"/>
	<Point x="171" y="1245"/>
	<Point x="169" y="1245"/>
	<Point x="169" y="1246"/>
	<Point x="164" y="1246"/>
	<Point x="164" y="1245"/>
	<Point x="163" y="1245"/>
	<Point x="163" y="1242"/>
	<Point x="171" y="1242"/>
	<Point x="171" y="1241"/>
	<Point x="172" y="1241"/>
	<Point x="172" y="1228"/>
	<Point x="173" y="1228"/>
	<Point x="173" y="1223"/>
	<Point x="174" y="1223"/>
	<Point x="174" y="1222"/>
	<Point x="175" y="1222"/>
	<Point x="175" y="1221"/>
	<Point x="176" y="1221"/>
	<Point x="176" y="1218"/>
	<Point x="177" y="1218"/>
	<Point x="177" y="1213"/>
	<Point x="178" y="1213"/>
	<Point x="178" y="1209"/>
	<Point x="179" y="1209"/>
	<Point x="179" y="1208"/>
	<Point x="180" y="1208"/>
	<Point x="180" y="1205"/>
	<Point x="181" y="1205"/>
	<Point x="181" y="1204"/>
	<Point x="182" y="1204"/>
	<Point x="182" y="1203"/>
	<Point x="183" y="1203"/>
	<Point x="183" y="1202"/>
	<Point x="184" y="1202"/>
	<Point x="184" y="1201"/>
	<Point x="187" y="1201"/>
	<Point x="187" y="1200"/>
	<Point x="243" y="1200"/>
	<Point x="243" y="1199"/>
	<Point x="244" y="1199"/>
	<Point x="244" y="1198"/>
	<Point x="423" y="1198"/>
	<Point x="423" y="1196"/>
	<Point x="424" y="1196"/>
	<Point x="424" y="1195"/>
	<Point x="438" y="1195"/>
	<Point x="438" y="1193"/>
	<Point x="439" y="1193"/>
	<Point x="439" y="1192"/>
	<Point x="441" y="1192"/>
	<Point x="441" y="1193"/>
	<Point x="542" y="1193"/>
	<Point x="542" y="1194"/>
	<Point x="544" y="1194"/>
	<Point x="544" y="1203"/>
	<Point x="672" y="1203"/>
	<Point x="672" y="1202"/>
	<Point x="674" y="1202"/>
	<Point x="674" y="1201"/>
	<Point x="679" y="1201"/>
	<Point x="679" y="1200"/>
	<Point x="711" y="1200"/>
	<Point x="711" y="1190"/>
	<Point x="713" y="1190"/>
	<Point x="713" y="1189"/>
	<Point x="743" y="1189"/>
	<Point x="743" y="1188"/>
	<Point x="750" y="1188"/>
	<Point x="750" y="1187"/>
	<Point x="793" y="1187"/>
	<Point x="793" y="1186"/>
	<Point x="800" y="1186"/>
	<Point x="800" y="1196"/>
	<Point x="935" y="1196"/>
	<Point x="935" y="1195"/>
	<Point x="1013" y="1195"/></Coords>
	<Word id="r175">
	<Coords>
	<Point x="250" y="1198"/>
	<Point x="250" y="1199"/>
	<Point x="274" y="1199"/>
	<Point x="274" y="1202"/>
	<Point x="273" y="1202"/>
	<Point x="273" y="1203"/>
	<Point x="272" y="1203"/>
	<Point x="272" y="1206"/>
	<Point x="271" y="1206"/>
	<Point x="271" y="1224"/>
	<Point x="270" y="1224"/>
	<Point x="270" y="1225"/>
	<Point x="269" y="1225"/>
	<Point x="269" y="1227"/>
	<Point x="268" y="1227"/>
	<Point x="268" y="1228"/>
	<Point x="267" y="1228"/>
	<Point x="267" y="1229"/>
	<Point x="266" y="1229"/>
	<Point x="266" y="1230"/>
	<Point x="265" y="1230"/>
	<Point x="265" y="1231"/>
	<Point x="263" y="1231"/>
	<Point x="263" y="1232"/>
	<Point x="232" y="1232"/>
	<Point x="232" y="1238"/>
	<Point x="231" y="1238"/>
	<Point x="231" y="1240"/>
	<Point x="230" y="1240"/>
	<Point x="230" y="1243"/>
	<Point x="172" y="1243"/>
	<Point x="172" y="1244"/>
	<Point x="171" y="1244"/>
	<Point x="171" y="1245"/>
	<Point x="169" y="1245"/>
	<Point x="169" y="1246"/>
	<Point x="164" y="1246"/>
	<Point x="164" y="1245"/>
	<Point x="163" y="1245"/>
	<Point x="163" y="1242"/>
	<Point x="171" y="1242"/>
	<Point x="171" y="1241"/>
	<Point x="172" y="1241"/>
	<Point x="172" y="1228"/>
	<Point x="173" y="1228"/>
	<Point x="173" y="1223"/>
	<Point x="174" y="1223"/>
	<Point x="174" y="1222"/>
	<Point x="175" y="1222"/>
	<Point x="175" y="1221"/>
	<Point x="176" y="1221"/>
	<Point x="176" y="1218"/>
	<Point x="177" y="1218"/>
	<Point x="177" y="1213"/>
	<Point x="178" y="1213"/>
	<Point x="178" y="1209"/>
	<Point x="179" y="1209"/>
	<Point x="179" y="1208"/>
	<Point x="180" y="1208"/>
	<Point x="180" y="1205"/>
	<Point x="181" y="1205"/>
	<Point x="181" y="1204"/>
	<Point x="182" y="1204"/>
	<Point x="182" y="1203"/>
	<Point x="183" y="1203"/>
	<Point x="183" y="1202"/>
	<Point x="184" y="1202"/>
	<Point x="184" y="1201"/>
	<Point x="187" y="1201"/>
	<Point x="187" y="1200"/>
	<Point x="243" y="1200"/>
	<Point x="243" y="1199"/>
	<Point x="244" y="1199"/>
	<Point x="244" y="1198"/></Coords>
	<TextEquiv>
	<PlainText></PlainText>
	<Unicode>elſel</Unicode></TextEquiv></Word>
	<Word id="r176">
	<Coords>
	<Point x="327" y="1199"/>
	<Point x="328" y="1199"/>
	<Point x="328" y="1200"/>
	<Point x="330" y="1200"/>
	<Point x="330" y="1203"/>
	<Point x="361" y="1203"/>
	<Point x="361" y="1209"/>
	<Point x="363" y="1209"/>
	<Point x="363" y="1210"/>
	<Point x="362" y="1210"/>
	<Point x="362" y="1211"/>
	<Point x="360" y="1211"/>
	<Point x="360" y="1223"/>
	<Point x="359" y="1223"/>
	<Point x="359" y="1224"/>
	<Point x="358" y="1224"/>
	<Point x="358" y="1225"/>
	<Point x="357" y="1225"/>
	<Point x="357" y="1226"/>
	<Point x="356" y="1226"/>
	<Point x="356" y="1227"/>
	<Point x="355" y="1227"/>
	<Point x="355" y="1228"/>
	<Point x="353" y="1228"/>
	<Point x="353" y="1229"/>
	<Point x="324" y="1229"/>
	<Point x="324" y="1230"/>
	<Point x="298" y="1230"/>
	<Point x="298" y="1213"/>
	<Point x="299" y="1213"/>
	<Point x="299" y="1212"/>
	<Point x="300" y="1212"/>
	<Point x="300" y="1210"/>
	<Point x="313" y="1210"/>
	<Point x="313" y="1209"/>
	<Point x="326" y="1209"/>
	<Point x="326" y="1199"/>
	<Point x="327" y="1199"/>
	<Point x="327" y="1198"/></Coords>
	<TextEquiv>
	<PlainText></PlainText>
	<Unicode>niet</Unicode></TextEquiv></Word>
	<Word id="r177">
	<Coords>
	<Point x="441" y="1192"/>
	<Point x="441" y="1193"/>
	<Point x="443" y="1193"/>
	<Point x="443" y="1194"/>
	<Point x="444" y="1194"/>
	<Point x="444" y="1206"/>
	<Point x="463" y="1206"/>
	<Point x="463" y="1208"/>
	<Point x="464" y="1208"/>
	<Point x="464" y="1219"/>
	<Point x="463" y="1219"/>
	<Point x="463" y="1220"/>
	<Point x="462" y="1220"/>
	<Point x="462" y="1222"/>
	<Point x="461" y="1222"/>
	<Point x="461" y="1223"/>
	<Point x="460" y="1223"/>
	<Point x="460" y="1224"/>
	<Point x="459" y="1224"/>
	<Point x="459" y="1225"/>
	<Point x="458" y="1225"/>
	<Point x="458" y="1226"/>
	<Point x="456" y="1226"/>
	<Point x="456" y="1227"/>
	<Point x="436" y="1227"/>
	<Point x="436" y="1229"/>
	<Point x="435" y="1229"/>
	<Point x="435" y="1231"/>
	<Point x="434" y="1231"/>
	<Point x="434" y="1233"/>
	<Point x="433" y="1233"/>
	<Point x="433" y="1234"/>
	<Point x="432" y="1234"/>
	<Point x="432" y="1235"/>
	<Point x="431" y="1235"/>
	<Point x="431" y="1236"/>
	<Point x="429" y="1236"/>
	<Point x="429" y="1237"/>
	<Point x="427" y="1237"/>
	<Point x="427" y="1238"/>
	<Point x="427" y="1237"/>
	<Point x="425" y="1237"/>
	<Point x="425" y="1236"/>
	<Point x="423" y="1236"/>
	<Point x="423" y="1228"/>
	<Point x="392" y="1228"/>
	<Point x="392" y="1227"/>
	<Point x="391" y="1227"/>
	<Point x="391" y="1226"/>
	<Point x="392" y="1226"/>
	<Point x="392" y="1211"/>
	<Point x="393" y="1211"/>
	<Point x="393" y="1209"/>
	<Point x="394" y="1209"/>
	<Point x="394" y="1208"/>
	<Point x="395" y="1208"/>
	<Point x="395" y="1207"/>
	<Point x="397" y="1207"/>
	<Point x="397" y="1206"/>
	<Point x="423" y="1206"/>
	<Point x="423" y="1196"/>
	<Point x="424" y="1196"/>
	<Point x="424" y="1195"/>
	<Point x="438" y="1195"/>
	<Point x="438" y="1193"/>
	<Point x="439" y="1193"/>
	<Point x="439" y="1192"/></Coords>
	<TextEquiv>
	<PlainText></PlainText>
	<Unicode>zijn</Unicode></TextEquiv></Word>
	<Word id="r178">
	<Coords>
	<Point x="542" y="1193"/>
	<Point x="542" y="1194"/>
	<Point x="544" y="1194"/>
	<Point x="544" y="1205"/>
	<Point x="581" y="1205"/>
	<Point x="581" y="1206"/>
	<Point x="582" y="1206"/>
	<Point x="582" y="1209"/>
	<Point x="581" y="1209"/>
	<Point x="581" y="1211"/>
	<Point x="580" y="1211"/>
	<Point x="580" y="1212"/>
	<Point x="579" y="1212"/>
	<Point x="579" y="1219"/>
	<Point x="578" y="1219"/>
	<Point x="578" y="1222"/>
	<Point x="577" y="1222"/>
	<Point x="577" y="1224"/>
	<Point x="576" y="1224"/>
	<Point x="576" y="1225"/>
	<Point x="574" y="1225"/>
	<Point x="574" y="1226"/>
	<Point x="537" y="1226"/>
	<Point x="537" y="1227"/>
	<Point x="536" y="1227"/>
	<Point x="536" y="1231"/>
	<Point x="535" y="1231"/>
	<Point x="535" y="1232"/>
	<Point x="534" y="1232"/>
	<Point x="534" y="1234"/>
	<Point x="533" y="1234"/>
	<Point x="533" y="1235"/>
	<Point x="532" y="1235"/>
	<Point x="532" y="1237"/>
	<Point x="525" y="1237"/>
	<Point x="525" y="1228"/>
	<Point x="485" y="1228"/>
	<Point x="485" y="1227"/>
	<Point x="484" y="1227"/>
	<Point x="484" y="1226"/>
	<Point x="483" y="1226"/>
	<Point x="484" y="1226"/>
	<Point x="484" y="1211"/>
	<Point x="485" y="1211"/>
	<Point x="485" y="1208"/>
	<Point x="486" y="1208"/>
	<Point x="486" y="1207"/>
	<Point x="487" y="1207"/>
	<Point x="487" y="1206"/>
	<Point x="510" y="1206"/>
	<Point x="510" y="1205"/>
	<Point x="523" y="1205"/>
	<Point x="523" y="1196"/>
	<Point x="524" y="1196"/>
	<Point x="524" y="1195"/>
	<Point x="525" y="1195"/>
	<Point x="525" y="1194"/>
	<Point x="540" y="1194"/>
	<Point x="540" y="1193"/></Coords>
	<TextEquiv>
	<PlainText></PlainText>
	<Unicode>mijne</Unicode></TextEquiv></Word>
	<Word id="r179">
	<Coords>
	<Point x="793" y="1186"/>
	<Point x="800" y="1186"/>
	<Point x="800" y="1197"/>
	<Point x="836" y="1197"/>
	<Point x="836" y="1198"/>
	<Point x="837" y="1198"/>
	<Point x="837" y="1211"/>
	<Point x="854" y="1211"/>
	<Point x="854" y="1212"/>
	<Point x="855" y="1212"/>
	<Point x="855" y="1213"/>
	<Point x="856" y="1213"/>
	<Point x="856" y="1214"/>
	<Point x="857" y="1214"/>
	<Point x="857" y="1215"/>
	<Point x="858" y="1215"/>
	<Point x="858" y="1223"/>
	<Point x="857" y="1223"/>
	<Point x="857" y="1225"/>
	<Point x="856" y="1225"/>
	<Point x="856" y="1226"/>
	<Point x="855" y="1226"/>
	<Point x="855" y="1227"/>
	<Point x="853" y="1227"/>
	<Point x="853" y="1228"/>
	<Point x="852" y="1228"/>
	<Point x="852" y="1229"/>
	<Point x="850" y="1229"/>
	<Point x="850" y="1230"/>
	<Point x="849" y="1230"/>
	<Point x="849" y="1229"/>
	<Point x="848" y="1229"/>
	<Point x="848" y="1221"/>
	<Point x="734" y="1221"/>
	<Point x="734" y="1231"/>
	<Point x="733" y="1231"/>
	<Point x="733" y="1232"/>
	<Point x="731" y="1232"/>
	<Point x="731" y="1233"/>
	<Point x="729" y="1233"/>
	<Point x="729" y="1234"/>
	<Point x="718" y="1234"/>
	<Point x="718" y="1233"/>
	<Point x="717" y="1233"/>
	<Point x="717" y="1232"/>
	<Point x="715" y="1232"/>
	<Point x="715" y="1230"/>
	<Point x="714" y="1230"/>
	<Point x="714" y="1225"/>
	<Point x="602" y="1225"/>
	<Point x="602" y="1224"/>
	<Point x="601" y="1224"/>
	<Point x="601" y="1221"/>
	<Point x="602" y="1221"/>
	<Point x="602" y="1206"/>
	<Point x="604" y="1206"/>
	<Point x="604" y="1205"/>
	<Point x="605" y="1205"/>
	<Point x="605" y="1204"/>
	<Point x="620" y="1204"/>
	<Point x="620" y="1203"/>
	<Point x="672" y="1203"/>
	<Point x="672" y="1202"/>
	<Point x="674" y="1202"/>
	<Point x="674" y="1201"/>
	<Point x="679" y="1201"/>
	<Point x="679" y="1200"/>
	<Point x="711" y="1200"/>
	<Point x="711" y="1190"/>
	<Point x="713" y="1190"/>
	<Point x="713" y="1189"/>
	<Point x="743" y="1189"/>
	<Point x="743" y="1188"/>
	<Point x="750" y="1188"/>
	<Point x="750" y="1187"/>
	<Point x="793" y="1187"/></Coords>
	<TextEquiv>
	<PlainText></PlainText>
	<Unicode>zwarigheden,</Unicode></TextEquiv></Word>
	<Word id="r181">
	<Coords>
	<Point x="935" y="1196"/>
	<Point x="959" y="1196"/>
	<Point x="959" y="1197"/>
	<Point x="980" y="1197"/>
	<Point x="980" y="1201"/>
	<Point x="975" y="1201"/>
	<Point x="975" y="1202"/>
	<Point x="974" y="1202"/>
	<Point x="974" y="1204"/>
	<Point x="973" y="1204"/>
	<Point x="973" y="1206"/>
	<Point x="972" y="1206"/>
	<Point x="972" y="1208"/>
	<Point x="970" y="1208"/>
	<Point x="970" y="1211"/>
	<Point x="969" y="1211"/>
	<Point x="969" y="1212"/>
	<Point x="968" y="1212"/>
	<Point x="968" y="1217"/>
	<Point x="967" y="1217"/>
	<Point x="967" y="1218"/>
	<Point x="966" y="1218"/>
	<Point x="966" y="1219"/>
	<Point x="943" y="1219"/>
	<Point x="943" y="1218"/>
	<Point x="886" y="1218"/>
	<Point x="886" y="1217"/>
	<Point x="885" y="1217"/>
	<Point x="885" y="1202"/>
	<Point x="886" y="1202"/>
	<Point x="886" y="1200"/>
	<Point x="887" y="1200"/>
	<Point x="887" y="1199"/>
	<Point x="888" y="1199"/>
	<Point x="888" y="1198"/>
	<Point x="889" y="1198"/>
	<Point x="889" y="1197"/>
	<Point x="890" y="1197"/>
	<Point x="890" y="1196"/>
	<Point x="935" y="1196"/>
	<Point x="935" y="1195"/></Coords>
	<TextEquiv>
	<PlainText></PlainText>
	<Unicode>maar</Unicode></TextEquiv></Word>
	<Word id="r182">
	<Coords>
	<Point x="1020" y="1184"/>
	<Point x="1020" y="1185"/>
	<Point x="1021" y="1185"/>
	<Point x="1021" y="1196"/>
	<Point x="1034" y="1196"/>
	<Point x="1034" y="1197"/>
	<Point x="1035" y="1197"/>
	<Point x="1035" y="1198"/>
	<Point x="1036" y="1198"/>
	<Point x="1036" y="1202"/>
	<Point x="1034" y="1202"/>
	<Point x="1034" y="1203"/>
	<Point x="1033" y="1203"/>
	<Point x="1033" y="1211"/>
	<Point x="1032" y="1211"/>
	<Point x="1032" y="1213"/>
	<Point x="1031" y="1213"/>
	<Point x="1031" y="1214"/>
	<Point x="1030" y="1214"/>
	<Point x="1030" y="1215"/>
	<Point x="1029" y="1215"/>
	<Point x="1029" y="1216"/>
	<Point x="1028" y="1216"/>
	<Point x="1028" y="1217"/>
	<Point x="1026" y="1217"/>
	<Point x="1026" y="1218"/>
	<Point x="1026" y="1217"/>
	<Point x="999" y="1217"/>
	<Point x="999" y="1215"/>
	<Point x="998" y="1215"/>
	<Point x="998" y="1210"/>
	<Point x="999" y="1210"/>
	<Point x="999" y="1208"/>
	<Point x="1000" y="1208"/>
	<Point x="1000" y="1205"/>
	<Point x="1001" y="1205"/>
	<Point x="1001" y="1204"/>
	<Point x="1002" y="1204"/>
	<Point x="1002" y="1203"/>
	<Point x="1003" y="1203"/>
	<Point x="1003" y="1201"/>
	<Point x="1005" y="1201"/>
	<Point x="1005" y="1200"/>
	<Point x="1006" y="1200"/>
	<Point x="1006" y="1199"/>
	<Point x="1008" y="1199"/>
	<Point x="1008" y="1198"/>
	<Point x="1013" y="1198"/>
	<Point x="1013" y="1184"/></Coords>
	<TextEquiv>
	<PlainText></PlainText>
	<Unicode>de</Unicode></TextEquiv></Word>
	<Word id="r183">
	<Coords>
	<Point x="1135" y="1193"/>
	<Point x="1135" y="1196"/>
	<Point x="1136" y="1196"/>
	<Point x="1136" y="1200"/>
	<Point x="1153" y="1200"/>
	<Point x="1153" y="1201"/>
	<Point x="1154" y="1201"/>
	<Point x="1154" y="1202"/>
	<Point x="1155" y="1202"/>
	<Point x="1155" y="1207"/>
	<Point x="1154" y="1207"/>
	<Point x="1154" y="1208"/>
	<Point x="1135" y="1208"/>
	<Point x="1135" y="1210"/>
	<Point x="1134" y="1210"/>
	<Point x="1134" y="1213"/>
	<Point x="1132" y="1213"/>
	<Point x="1132" y="1214"/>
	<Point x="1130" y="1214"/>
	<Point x="1130" y="1215"/>
	<Point x="1104" y="1215"/>
	<Point x="1104" y="1216"/>
	<Point x="1073" y="1216"/>
	<Point x="1073" y="1217"/>
	<Point x="1054" y="1217"/>
	<Point x="1054" y="1213"/>
	<Point x="1055" y="1213"/>
	<Point x="1055" y="1199"/>
	<Point x="1056" y="1199"/>
	<Point x="1056" y="1198"/>
	<Point x="1057" y="1198"/>
	<Point x="1057" y="1197"/>
	<Point x="1058" y="1197"/>
	<Point x="1058" y="1196"/>
	<Point x="1073" y="1196"/>
	<Point x="1073" y="1194"/>
	<Point x="1133" y="1194"/>
	<Point x="1133" y="1193"/></Coords>
	<TextEquiv>
	<PlainText></PlainText>
	<Unicode>zwa‑</Unicode></TextEquiv></Word>
	<TextEquiv>
	<PlainText></PlainText>
	<Unicode>elſel niet zijn mijne zwarigheden, maar de zwa‑</Unicode></TextEquiv></TextLine>
	<TextLine id="r40">
	<Coords>
	<Point x="874" y="1249"/>
	<Point x="926" y="1249"/>
	<Point x="926" y="1259"/>
	<Point x="1060" y="1259"/>
	<Point x="1060" y="1258"/>
	<Point x="1066" y="1258"/>
	<Point x="1066" y="1257"/>
	<Point x="1108" y="1257"/>
	<Point x="1108" y="1256"/>
	<Point x="1130" y="1256"/>
	<Point x="1130" y="1255"/>
	<Point x="1151" y="1255"/>
	<Point x="1151" y="1254"/>
	<Point x="1153" y="1254"/>
	<Point x="1153" y="1255"/>
	<Point x="1154" y="1255"/>
	<Point x="1154" y="1257"/>
	<Point x="1155" y="1257"/>
	<Point x="1155" y="1261"/>
	<Point x="1149" y="1261"/>
	<Point x="1149" y="1262"/>
	<Point x="1148" y="1262"/>
	<Point x="1148" y="1263"/>
	<Point x="1147" y="1263"/>
	<Point x="1147" y="1265"/>
	<Point x="1146" y="1265"/>
	<Point x="1146" y="1266"/>
	<Point x="1145" y="1266"/>
	<Point x="1145" y="1269"/>
	<Point x="1144" y="1269"/>
	<Point x="1144" y="1272"/>
	<Point x="1143" y="1272"/>
	<Point x="1143" y="1274"/>
	<Point x="1142" y="1274"/>
	<Point x="1142" y="1275"/>
	<Point x="1141" y="1275"/>
	<Point x="1141" y="1276"/>
	<Point x="1117" y="1276"/>
	<Point x="1117" y="1277"/>
	<Point x="1094" y="1277"/>
	<Point x="1094" y="1278"/>
	<Point x="1078" y="1278"/>
	<Point x="1078" y="1279"/>
	<Point x="1021" y="1279"/>
	<Point x="1021" y="1280"/>
	<Point x="1011" y="1280"/>
	<Point x="1011" y="1281"/>
	<Point x="956" y="1281"/>
	<Point x="956" y="1286"/>
	<Point x="955" y="1286"/>
	<Point x="955" y="1287"/>
	<Point x="954" y="1287"/>
	<Point x="954" y="1289"/>
	<Point x="953" y="1289"/>
	<Point x="953" y="1290"/>
	<Point x="952" y="1290"/>
	<Point x="952" y="1291"/>
	<Point x="949" y="1291"/>
	<Point x="949" y="1292"/>
	<Point x="946" y="1292"/>
	<Point x="946" y="1282"/>
	<Point x="807" y="1282"/>
	<Point x="807" y="1283"/>
	<Point x="805" y="1283"/>
	<Point x="805" y="1284"/>
	<Point x="729" y="1284"/>
	<Point x="729" y="1285"/>
	<Point x="694" y="1285"/>
	<Point x="694" y="1286"/>
	<Point x="644" y="1286"/>
	<Point x="644" y="1287"/>
	<Point x="643" y="1287"/>
	<Point x="643" y="1293"/>
	<Point x="642" y="1293"/>
	<Point x="642" y="1294"/>
	<Point x="641" y="1294"/>
	<Point x="641" y="1296"/>
	<Point x="640" y="1296"/>
	<Point x="640" y="1297"/>
	<Point x="639" y="1297"/>
	<Point x="639" y="1298"/>
	<Point x="638" y="1298"/>
	<Point x="638" y="1299"/>
	<Point x="575" y="1299"/>
	<Point x="575" y="1300"/>
	<Point x="570" y="1300"/>
	<Point x="570" y="1299"/>
	<Point x="566" y="1299"/>
	<Point x="566" y="1298"/>
	<Point x="564" y="1298"/>
	<Point x="564" y="1297"/>
	<Point x="563" y="1297"/>
	<Point x="563" y="1293"/>
	<Point x="564" y="1293"/>
	<Point x="564" y="1291"/>
	<Point x="417" y="1291"/>
	<Point x="417" y="1292"/>
	<Point x="406" y="1292"/>
	<Point x="406" y="1293"/>
	<Point x="313" y="1293"/>
	<Point x="313" y="1294"/>
	<Point x="303" y="1294"/>
	<Point x="303" y="1295"/>
	<Point x="274" y="1295"/>
	<Point x="274" y="1296"/>
	<Point x="233" y="1296"/>
	<Point x="233" y="1297"/>
	<Point x="218" y="1297"/>
	<Point x="218" y="1305"/>
	<Point x="217" y="1305"/>
	<Point x="217" y="1307"/>
	<Point x="216" y="1307"/>
	<Point x="216" y="1308"/>
	<Point x="215" y="1308"/>
	<Point x="215" y="1309"/>
	<Point x="213" y="1309"/>
	<Point x="213" y="1310"/>
	<Point x="204" y="1310"/>
	<Point x="204" y="1309"/>
	<Point x="201" y="1309"/>
	<Point x="201" y="1308"/>
	<Point x="200" y="1308"/>
	<Point x="200" y="1307"/>
	<Point x="199" y="1307"/>
	<Point x="199" y="1300"/>
	<Point x="169" y="1300"/>
	<Point x="169" y="1299"/>
	<Point x="168" y="1299"/>
	<Point x="168" y="1296"/>
	<Point x="169" y="1296"/>
	<Point x="169" y="1283"/>
	<Point x="170" y="1283"/>
	<Point x="170" y="1282"/>
	<Point x="171" y="1282"/>
	<Point x="171" y="1280"/>
	<Point x="172" y="1280"/>
	<Point x="172" y="1279"/>
	<Point x="174" y="1279"/>
	<Point x="174" y="1278"/>
	<Point x="196" y="1278"/>
	<Point x="196" y="1267"/>
	<Point x="198" y="1267"/>
	<Point x="198" y="1266"/>
	<Point x="226" y="1266"/>
	<Point x="226" y="1265"/>
	<Point x="230" y="1265"/>
	<Point x="230" y="1264"/>
	<Point x="277" y="1264"/>
	<Point x="277" y="1262"/>
	<Point x="283" y="1262"/>
	<Point x="283" y="1263"/>
	<Point x="284" y="1263"/>
	<Point x="284" y="1272"/>
	<Point x="398" y="1272"/>
	<Point x="398" y="1271"/>
	<Point x="464" y="1271"/>
	<Point x="464" y="1270"/>
	<Point x="466" y="1270"/>
	<Point x="466" y="1269"/>
	<Point x="491" y="1269"/>
	<Point x="491" y="1268"/>
	<Point x="572" y="1268"/>
	<Point x="572" y="1266"/>
	<Point x="632" y="1266"/>
	<Point x="632" y="1265"/>
	<Point x="646" y="1265"/>
	<Point x="646" y="1264"/>
	<Point x="647" y="1264"/>
	<Point x="647" y="1261"/>
	<Point x="648" y="1261"/>
	<Point x="648" y="1259"/>
	<Point x="649" y="1259"/>
	<Point x="649" y="1256"/>
	<Point x="650" y="1256"/>
	<Point x="650" y="1254"/>
	<Point x="651" y="1254"/>
	<Point x="651" y="1253"/>
	<Point x="652" y="1253"/>
	<Point x="652" y="1252"/>
	<Point x="654" y="1252"/>
	<Point x="654" y="1251"/>
	<Point x="661" y="1251"/>
	<Point x="661" y="1252"/>
	<Point x="662" y="1252"/>
	<Point x="662" y="1262"/>
	<Point x="792" y="1262"/>
	<Point x="792" y="1251"/>
	<Point x="793" y="1251"/>
	<Point x="793" y="1250"/>
	<Point x="874" y="1250"/></Coords>
	<Word id="r184">
	<Coords>
	<Point x="283" y="1262"/>
	<Point x="283" y="1263"/>
	<Point x="284" y="1263"/>
	<Point x="284" y="1273"/>
	<Point x="317" y="1273"/>
	<Point x="317" y="1274"/>
	<Point x="319" y="1274"/>
	<Point x="319" y="1275"/>
	<Point x="320" y="1275"/>
	<Point x="320" y="1288"/>
	<Point x="319" y="1288"/>
	<Point x="319" y="1289"/>
	<Point x="318" y="1289"/>
	<Point x="318" y="1290"/>
	<Point x="317" y="1290"/>
	<Point x="317" y="1291"/>
	<Point x="316" y="1291"/>
	<Point x="316" y="1292"/>
	<Point x="315" y="1292"/>
	<Point x="315" y="1293"/>
	<Point x="313" y="1293"/>
	<Point x="313" y="1294"/>
	<Point x="303" y="1294"/>
	<Point x="303" y="1295"/>
	<Point x="274" y="1295"/>
	<Point x="274" y="1296"/>
	<Point x="233" y="1296"/>
	<Point x="233" y="1297"/>
	<Point x="218" y="1297"/>
	<Point x="218" y="1305"/>
	<Point x="217" y="1305"/>
	<Point x="217" y="1307"/>
	<Point x="216" y="1307"/>
	<Point x="216" y="1308"/>
	<Point x="215" y="1308"/>
	<Point x="215" y="1309"/>
	<Point x="213" y="1309"/>
	<Point x="213" y="1310"/>
	<Point x="204" y="1310"/>
	<Point x="204" y="1309"/>
	<Point x="201" y="1309"/>
	<Point x="201" y="1308"/>
	<Point x="200" y="1308"/>
	<Point x="200" y="1307"/>
	<Point x="199" y="1307"/>
	<Point x="199" y="1300"/>
	<Point x="169" y="1300"/>
	<Point x="169" y="1299"/>
	<Point x="168" y="1299"/>
	<Point x="168" y="1296"/>
	<Point x="169" y="1296"/>
	<Point x="169" y="1283"/>
	<Point x="170" y="1283"/>
	<Point x="170" y="1282"/>
	<Point x="171" y="1282"/>
	<Point x="171" y="1280"/>
	<Point x="172" y="1280"/>
	<Point x="172" y="1279"/>
	<Point x="174" y="1279"/>
	<Point x="174" y="1278"/>
	<Point x="196" y="1278"/>
	<Point x="196" y="1267"/>
	<Point x="198" y="1267"/>
	<Point x="198" y="1266"/>
	<Point x="226" y="1266"/>
	<Point x="226" y="1265"/>
	<Point x="230" y="1265"/>
	<Point x="230" y="1264"/>
	<Point x="277" y="1264"/>
	<Point x="277" y="1262"/></Coords>
	<TextEquiv>
	<PlainText></PlainText>
	<Unicode>righeden</Unicode></TextEquiv></Word>
	<Word id="r185">
	<Coords>
	<Point x="422" y="1271"/>
	<Point x="422" y="1272"/>
	<Point x="423" y="1272"/>
	<Point x="423" y="1283"/>
	<Point x="424" y="1283"/>
	<Point x="424" y="1284"/>
	<Point x="423" y="1284"/>
	<Point x="423" y="1287"/>
	<Point x="421" y="1287"/>
	<Point x="421" y="1288"/>
	<Point x="420" y="1288"/>
	<Point x="420" y="1289"/>
	<Point x="419" y="1289"/>
	<Point x="419" y="1290"/>
	<Point x="418" y="1290"/>
	<Point x="418" y="1291"/>
	<Point x="417" y="1291"/>
	<Point x="417" y="1292"/>
	<Point x="406" y="1292"/>
	<Point x="406" y="1293"/>
	<Point x="365" y="1293"/>
	<Point x="365" y="1292"/>
	<Point x="363" y="1292"/>
	<Point x="363" y="1291"/>
	<Point x="362" y="1291"/>
	<Point x="362" y="1282"/>
	<Point x="355" y="1282"/>
	<Point x="355" y="1281"/>
	<Point x="354" y="1281"/>
	<Point x="354" y="1280"/>
	<Point x="355" y="1280"/>
	<Point x="355" y="1277"/>
	<Point x="356" y="1277"/>
	<Point x="356" y="1275"/>
	<Point x="357" y="1275"/>
	<Point x="357" y="1274"/>
	<Point x="358" y="1274"/>
	<Point x="358" y="1273"/>
	<Point x="362" y="1273"/>
	<Point x="362" y="1272"/>
	<Point x="398" y="1272"/>
	<Point x="398" y="1271"/></Coords>
	<TextEquiv>
	<PlainText></PlainText>
	<Unicode>van</Unicode></TextEquiv></Word>
	<Word id="r186">
	<Coords>
	<Point x="491" y="1268"/>
	<Point x="537" y="1268"/>
	<Point x="537" y="1270"/>
	<Point x="538" y="1270"/>
	<Point x="538" y="1271"/>
	<Point x="537" y="1271"/>
	<Point x="537" y="1274"/>
	<Point x="536" y="1274"/>
	<Point x="536" y="1275"/>
	<Point x="535" y="1275"/>
	<Point x="535" y="1277"/>
	<Point x="534" y="1277"/>
	<Point x="534" y="1285"/>
	<Point x="533" y="1285"/>
	<Point x="533" y="1286"/>
	<Point x="532" y="1286"/>
	<Point x="532" y="1287"/>
	<Point x="531" y="1287"/>
	<Point x="531" y="1288"/>
	<Point x="514" y="1288"/>
	<Point x="514" y="1289"/>
	<Point x="465" y="1289"/>
	<Point x="465" y="1290"/>
	<Point x="464" y="1290"/>
	<Point x="464" y="1291"/>
	<Point x="461" y="1291"/>
	<Point x="461" y="1290"/>
	<Point x="459" y="1290"/>
	<Point x="459" y="1289"/>
	<Point x="458" y="1289"/>
	<Point x="458" y="1286"/>
	<Point x="457" y="1286"/>
	<Point x="457" y="1282"/>
	<Point x="458" y="1282"/>
	<Point x="458" y="1277"/>
	<Point x="459" y="1277"/>
	<Point x="459" y="1276"/>
	<Point x="460" y="1276"/>
	<Point x="460" y="1274"/>
	<Point x="461" y="1274"/>
	<Point x="461" y="1272"/>
	<Point x="462" y="1272"/>
	<Point x="462" y="1271"/>
	<Point x="464" y="1271"/>
	<Point x="464" y="1270"/>
	<Point x="466" y="1270"/>
	<Point x="466" y="1269"/>
	<Point x="491" y="1269"/></Coords>
	<TextEquiv>
	<PlainText></PlainText>
	<Unicode>onze</Unicode></TextEquiv></Word>
	<Word id="r188">
	<Coords>
	<Point x="800" y="1250"/>
	<Point x="800" y="1262"/>
	<Point x="814" y="1262"/>
	<Point x="814" y="1263"/>
	<Point x="815" y="1263"/>
	<Point x="815" y="1264"/>
	<Point x="816" y="1264"/>
	<Point x="816" y="1267"/>
	<Point x="815" y="1267"/>
	<Point x="815" y="1268"/>
	<Point x="814" y="1268"/>
	<Point x="814" y="1270"/>
	<Point x="813" y="1270"/>
	<Point x="813" y="1278"/>
	<Point x="812" y="1278"/>
	<Point x="812" y="1279"/>
	<Point x="811" y="1279"/>
	<Point x="811" y="1280"/>
	<Point x="810" y="1280"/>
	<Point x="810" y="1281"/>
	<Point x="809" y="1281"/>
	<Point x="809" y="1282"/>
	<Point x="807" y="1282"/>
	<Point x="807" y="1283"/>
	<Point x="805" y="1283"/>
	<Point x="805" y="1284"/>
	<Point x="729" y="1284"/>
	<Point x="729" y="1285"/>
	<Point x="694" y="1285"/>
	<Point x="694" y="1286"/>
	<Point x="644" y="1286"/>
	<Point x="644" y="1287"/>
	<Point x="643" y="1287"/>
	<Point x="643" y="1293"/>
	<Point x="642" y="1293"/>
	<Point x="642" y="1294"/>
	<Point x="641" y="1294"/>
	<Point x="641" y="1296"/>
	<Point x="640" y="1296"/>
	<Point x="640" y="1297"/>
	<Point x="639" y="1297"/>
	<Point x="639" y="1298"/>
	<Point x="638" y="1298"/>
	<Point x="638" y="1299"/>
	<Point x="575" y="1299"/>
	<Point x="575" y="1300"/>
	<Point x="570" y="1300"/>
	<Point x="570" y="1299"/>
	<Point x="566" y="1299"/>
	<Point x="566" y="1298"/>
	<Point x="564" y="1298"/>
	<Point x="564" y="1297"/>
	<Point x="563" y="1297"/>
	<Point x="563" y="1293"/>
	<Point x="564" y="1293"/>
	<Point x="564" y="1291"/>
	<Point x="566" y="1291"/>
	<Point x="566" y="1290"/>
	<Point x="567" y="1290"/>
	<Point x="567" y="1277"/>
	<Point x="568" y="1277"/>
	<Point x="568" y="1272"/>
	<Point x="569" y="1272"/>
	<Point x="569" y="1270"/>
	<Point x="570" y="1270"/>
	<Point x="570" y="1268"/>
	<Point x="572" y="1268"/>
	<Point x="572" y="1266"/>
	<Point x="632" y="1266"/>
	<Point x="632" y="1265"/>
	<Point x="646" y="1265"/>
	<Point x="646" y="1264"/>
	<Point x="647" y="1264"/>
	<Point x="647" y="1261"/>
	<Point x="648" y="1261"/>
	<Point x="648" y="1259"/>
	<Point x="649" y="1259"/>
	<Point x="649" y="1256"/>
	<Point x="650" y="1256"/>
	<Point x="650" y="1254"/>
	<Point x="651" y="1254"/>
	<Point x="651" y="1253"/>
	<Point x="652" y="1253"/>
	<Point x="652" y="1252"/>
	<Point x="654" y="1252"/>
	<Point x="654" y="1251"/>
	<Point x="661" y="1251"/>
	<Point x="661" y="1252"/>
	<Point x="662" y="1252"/>
	<Point x="662" y="1262"/>
	<Point x="792" y="1262"/>
	<Point x="792" y="1251"/>
	<Point x="793" y="1251"/>
	<Point x="793" y="1250"/></Coords>
	<TextEquiv>
	<PlainText></PlainText>
	<Unicode>gereformeerde</Unicode></TextEquiv></Word>
	<Word id="r189">
	<Coords>
	<Point x="874" y="1249"/>
	<Point x="926" y="1249"/>
	<Point x="926" y="1262"/>
	<Point x="931" y="1262"/>
	<Point x="931" y="1263"/>
	<Point x="932" y="1263"/>
	<Point x="932" y="1265"/>
	<Point x="931" y="1265"/>
	<Point x="931" y="1274"/>
	<Point x="953" y="1274"/>
	<Point x="953" y="1275"/>
	<Point x="954" y="1275"/>
	<Point x="954" y="1276"/>
	<Point x="955" y="1276"/>
	<Point x="955" y="1277"/>
	<Point x="956" y="1277"/>
	<Point x="956" y="1280"/>
	<Point x="957" y="1280"/>
	<Point x="957" y="1281"/>
	<Point x="956" y="1281"/>
	<Point x="956" y="1286"/>
	<Point x="955" y="1286"/>
	<Point x="955" y="1287"/>
	<Point x="954" y="1287"/>
	<Point x="954" y="1289"/>
	<Point x="953" y="1289"/>
	<Point x="953" y="1290"/>
	<Point x="952" y="1290"/>
	<Point x="952" y="1291"/>
	<Point x="949" y="1291"/>
	<Point x="949" y="1292"/>
	<Point x="946" y="1292"/>
	<Point x="946" y="1282"/>
	<Point x="847" y="1282"/>
	<Point x="847" y="1281"/>
	<Point x="843" y="1281"/>
	<Point x="844" y="1281"/>
	<Point x="844" y="1279"/>
	<Point x="845" y="1279"/>
	<Point x="845" y="1278"/>
	<Point x="846" y="1278"/>
	<Point x="846" y="1277"/>
	<Point x="847" y="1277"/>
	<Point x="847" y="1276"/>
	<Point x="848" y="1276"/>
	<Point x="848" y="1253"/>
	<Point x="849" y="1253"/>
	<Point x="849" y="1252"/>
	<Point x="859" y="1252"/>
	<Point x="859" y="1251"/>
	<Point x="866" y="1251"/>
	<Point x="866" y="1250"/>
	<Point x="874" y="1250"/></Coords>
	<TextEquiv>
	<PlainText></PlainText>
	<Unicode>Kerk,</Unicode></TextEquiv></Word>
	<Word id="r191">
	<Coords>
	<Point x="1027" y="1259"/>
	<Point x="1027" y="1260"/>
	<Point x="1028" y="1260"/>
	<Point x="1028" y="1261"/>
	<Point x="1029" y="1261"/>
	<Point x="1029" y="1273"/>
	<Point x="1028" y="1273"/>
	<Point x="1028" y="1274"/>
	<Point x="1027" y="1274"/>
	<Point x="1027" y="1276"/>
	<Point x="1026" y="1276"/>
	<Point x="1026" y="1277"/>
	<Point x="1025" y="1277"/>
	<Point x="1025" y="1278"/>
	<Point x="1024" y="1278"/>
	<Point x="1024" y="1279"/>
	<Point x="1021" y="1279"/>
	<Point x="1021" y="1280"/>
	<Point x="1011" y="1280"/>
	<Point x="1011" y="1281"/>
	<Point x="1011" y="1280"/>
	<Point x="996" y="1280"/>
	<Point x="996" y="1279"/>
	<Point x="994" y="1279"/>
	<Point x="994" y="1276"/>
	<Point x="993" y="1276"/>
	<Point x="993" y="1275"/>
	<Point x="992" y="1275"/>
	<Point x="992" y="1274"/>
	<Point x="993" y="1274"/>
	<Point x="993" y="1268"/>
	<Point x="994" y="1268"/>
	<Point x="994" y="1267"/>
	<Point x="995" y="1267"/>
	<Point x="995" y="1265"/>
	<Point x="996" y="1265"/>
	<Point x="996" y="1263"/>
	<Point x="997" y="1263"/>
	<Point x="997" y="1262"/>
	<Point x="999" y="1262"/>
	<Point x="999" y="1261"/>
	<Point x="1000" y="1261"/>
	<Point x="1000" y="1260"/>
	<Point x="1001" y="1260"/>
	<Point x="1001" y="1259"/></Coords>
	<TextEquiv>
	<PlainText></PlainText>
	<Unicode>en</Unicode></TextEquiv></Word>
	<Word id="r192">
	<Coords>
	<Point x="1153" y="1254"/>
	<Point x="1153" y="1255"/>
	<Point x="1154" y="1255"/>
	<Point x="1154" y="1257"/>
	<Point x="1155" y="1257"/>
	<Point x="1155" y="1261"/>
	<Point x="1149" y="1261"/>
	<Point x="1149" y="1262"/>
	<Point x="1148" y="1262"/>
	<Point x="1148" y="1263"/>
	<Point x="1147" y="1263"/>
	<Point x="1147" y="1265"/>
	<Point x="1146" y="1265"/>
	<Point x="1146" y="1266"/>
	<Point x="1145" y="1266"/>
	<Point x="1145" y="1269"/>
	<Point x="1144" y="1269"/>
	<Point x="1144" y="1272"/>
	<Point x="1143" y="1272"/>
	<Point x="1143" y="1274"/>
	<Point x="1142" y="1274"/>
	<Point x="1142" y="1275"/>
	<Point x="1141" y="1275"/>
	<Point x="1141" y="1276"/>
	<Point x="1117" y="1276"/>
	<Point x="1117" y="1277"/>
	<Point x="1094" y="1277"/>
	<Point x="1094" y="1278"/>
	<Point x="1078" y="1278"/>
	<Point x="1078" y="1279"/>
	<Point x="1063" y="1279"/>
	<Point x="1063" y="1278"/>
	<Point x="1062" y="1278"/>
	<Point x="1062" y="1277"/>
	<Point x="1061" y="1277"/>
	<Point x="1061" y="1268"/>
	<Point x="1056" y="1268"/>
	<Point x="1056" y="1267"/>
	<Point x="1055" y="1267"/>
	<Point x="1055" y="1262"/>
	<Point x="1056" y="1262"/>
	<Point x="1056" y="1261"/>
	<Point x="1057" y="1261"/>
	<Point x="1057" y="1260"/>
	<Point x="1058" y="1260"/>
	<Point x="1058" y="1259"/>
	<Point x="1060" y="1259"/>
	<Point x="1060" y="1258"/>
	<Point x="1066" y="1258"/>
	<Point x="1066" y="1257"/>
	<Point x="1108" y="1257"/>
	<Point x="1108" y="1256"/>
	<Point x="1130" y="1256"/>
	<Point x="1130" y="1255"/>
	<Point x="1151" y="1255"/>
	<Point x="1151" y="1254"/></Coords>
	<TextEquiv>
	<PlainText></PlainText>
	<Unicode>waar</Unicode></TextEquiv></Word>
	<TextEquiv>
	<PlainText></PlainText>
	<Unicode>righeden van onze gereformeerde Kerk, en waar</Unicode></TextEquiv></TextLine>
	<TextLine id="r41">
	<Coords>
	<Point x="1055" y="1308"/>
	<Point x="1077" y="1308"/>
	<Point x="1077" y="1316"/>
	<Point x="1152" y="1316"/>
	<Point x="1152" y="1317"/>
	<Point x="1154" y="1317"/>
	<Point x="1154" y="1318"/>
	<Point x="1155" y="1318"/>
	<Point x="1155" y="1328"/>
	<Point x="1154" y="1328"/>
	<Point x="1154" y="1329"/>
	<Point x="1153" y="1329"/>
	<Point x="1153" y="1334"/>
	<Point x="1151" y="1334"/>
	<Point x="1151" y="1335"/>
	<Point x="1150" y="1335"/>
	<Point x="1150" y="1336"/>
	<Point x="1149" y="1336"/>
	<Point x="1149" y="1337"/>
	<Point x="1148" y="1337"/>
	<Point x="1148" y="1339"/>
	<Point x="1144" y="1339"/>
	<Point x="1144" y="1340"/>
	<Point x="1143" y="1340"/>
	<Point x="1143" y="1341"/>
	<Point x="1056" y="1341"/>
	<Point x="1056" y="1342"/>
	<Point x="996" y="1342"/>
	<Point x="996" y="1343"/>
	<Point x="946" y="1343"/>
	<Point x="946" y="1344"/>
	<Point x="916" y="1344"/>
	<Point x="916" y="1354"/>
	<Point x="915" y="1354"/>
	<Point x="915" y="1356"/>
	<Point x="913" y="1356"/>
	<Point x="913" y="1357"/>
	<Point x="901" y="1357"/>
	<Point x="901" y="1356"/>
	<Point x="897" y="1356"/>
	<Point x="897" y="1355"/>
	<Point x="896" y="1355"/>
	<Point x="896" y="1351"/>
	<Point x="897" y="1351"/>
	<Point x="897" y="1350"/>
	<Point x="898" y="1350"/>
	<Point x="898" y="1347"/>
	<Point x="795" y="1347"/>
	<Point x="795" y="1348"/>
	<Point x="749" y="1348"/>
	<Point x="749" y="1350"/>
	<Point x="748" y="1350"/>
	<Point x="748" y="1353"/>
	<Point x="747" y="1353"/>
	<Point x="747" y="1354"/>
	<Point x="745" y="1354"/>
	<Point x="745" y="1355"/>
	<Point x="744" y="1355"/>
	<Point x="744" y="1356"/>
	<Point x="743" y="1356"/>
	<Point x="743" y="1357"/>
	<Point x="742" y="1357"/>
	<Point x="742" y="1358"/>
	<Point x="739" y="1358"/>
	<Point x="739" y="1357"/>
	<Point x="738" y="1357"/>
	<Point x="738" y="1352"/>
	<Point x="526" y="1352"/>
	<Point x="526" y="1353"/>
	<Point x="474" y="1353"/>
	<Point x="474" y="1354"/>
	<Point x="421" y="1354"/>
	<Point x="421" y="1355"/>
	<Point x="419" y="1355"/>
	<Point x="419" y="1356"/>
	<Point x="386" y="1356"/>
	<Point x="386" y="1357"/>
	<Point x="349" y="1357"/>
	<Point x="349" y="1358"/>
	<Point x="307" y="1358"/>
	<Point x="307" y="1359"/>
	<Point x="235" y="1359"/>
	<Point x="235" y="1361"/>
	<Point x="222" y="1361"/>
	<Point x="222" y="1362"/>
	<Point x="179" y="1362"/>
	<Point x="179" y="1363"/>
	<Point x="178" y="1363"/>
	<Point x="178" y="1364"/>
	<Point x="174" y="1364"/>
	<Point x="174" y="1363"/>
	<Point x="173" y="1363"/>
	<Point x="173" y="1361"/>
	<Point x="172" y="1361"/>
	<Point x="172" y="1360"/>
	<Point x="171" y="1360"/>
	<Point x="171" y="1353"/>
	<Point x="172" y="1353"/>
	<Point x="172" y="1351"/>
	<Point x="173" y="1351"/>
	<Point x="173" y="1348"/>
	<Point x="174" y="1348"/>
	<Point x="174" y="1347"/>
	<Point x="175" y="1347"/>
	<Point x="175" y="1344"/>
	<Point x="176" y="1344"/>
	<Point x="176" y="1343"/>
	<Point x="179" y="1343"/>
	<Point x="179" y="1342"/>
	<Point x="180" y="1342"/>
	<Point x="180" y="1341"/>
	<Point x="238" y="1341"/>
	<Point x="238" y="1340"/>
	<Point x="288" y="1340"/>
	<Point x="288" y="1339"/>
	<Point x="293" y="1339"/>
	<Point x="293" y="1326"/>
	<Point x="294" y="1326"/>
	<Point x="294" y="1325"/>
	<Point x="356" y="1325"/>
	<Point x="356" y="1330"/>
	<Point x="459" y="1330"/>
	<Point x="459" y="1323"/>
	<Point x="460" y="1323"/>
	<Point x="460" y="1322"/>
	<Point x="463" y="1322"/>
	<Point x="463" y="1321"/>
	<Point x="500" y="1321"/>
	<Point x="500" y="1320"/>
	<Point x="587" y="1320"/>
	<Point x="587" y="1319"/>
	<Point x="588" y="1319"/>
	<Point x="588" y="1318"/>
	<Point x="688" y="1318"/>
	<Point x="688" y="1328"/>
	<Point x="805" y="1328"/>
	<Point x="805" y="1315"/>
	<Point x="809" y="1315"/>
	<Point x="809" y="1314"/>
	<Point x="813" y="1314"/>
	<Point x="813" y="1323"/>
	<Point x="941" y="1323"/>
	<Point x="941" y="1311"/>
	<Point x="943" y="1311"/>
	<Point x="943" y="1310"/>
	<Point x="1004" y="1310"/>
	<Point x="1004" y="1309"/>
	<Point x="1055" y="1309"/></Coords>
	<Word id="r193">
	<Coords>
	<Point x="238" y="1340"/>
	<Point x="248" y="1340"/>
	<Point x="248" y="1341"/>
	<Point x="249" y="1341"/>
	<Point x="249" y="1344"/>
	<Point x="248" y="1344"/>
	<Point x="248" y="1345"/>
	<Point x="242" y="1345"/>
	<Point x="242" y="1347"/>
	<Point x="241" y="1347"/>
	<Point x="241" y="1349"/>
	<Point x="240" y="1349"/>
	<Point x="240" y="1351"/>
	<Point x="239" y="1351"/>
	<Point x="239" y="1353"/>
	<Point x="238" y="1353"/>
	<Point x="238" y="1355"/>
	<Point x="237" y="1355"/>
	<Point x="237" y="1357"/>
	<Point x="236" y="1357"/>
	<Point x="236" y="1358"/>
	<Point x="235" y="1358"/>
	<Point x="235" y="1361"/>
	<Point x="222" y="1361"/>
	<Point x="222" y="1362"/>
	<Point x="179" y="1362"/>
	<Point x="179" y="1363"/>
	<Point x="178" y="1363"/>
	<Point x="178" y="1364"/>
	<Point x="174" y="1364"/>
	<Point x="174" y="1363"/>
	<Point x="173" y="1363"/>
	<Point x="173" y="1361"/>
	<Point x="172" y="1361"/>
	<Point x="172" y="1360"/>
	<Point x="171" y="1360"/>
	<Point x="171" y="1353"/>
	<Point x="172" y="1353"/>
	<Point x="172" y="1351"/>
	<Point x="173" y="1351"/>
	<Point x="173" y="1348"/>
	<Point x="174" y="1348"/>
	<Point x="174" y="1347"/>
	<Point x="175" y="1347"/>
	<Point x="175" y="1344"/>
	<Point x="176" y="1344"/>
	<Point x="176" y="1343"/>
	<Point x="179" y="1343"/>
	<Point x="179" y="1342"/>
	<Point x="180" y="1342"/>
	<Point x="180" y="1341"/>
	<Point x="238" y="1341"/></Coords>
	<TextEquiv>
	<PlainText></PlainText>
	<Unicode>over</Unicode></TextEquiv></Word>
	<Word id="r195">
	<Coords>
	<Point x="296" y="1325"/>
	<Point x="296" y="1326"/>
	<Point x="301" y="1326"/>
	<Point x="301" y="1338"/>
	<Point x="312" y="1338"/>
	<Point x="312" y="1339"/>
	<Point x="314" y="1339"/>
	<Point x="314" y="1340"/>
	<Point x="315" y="1340"/>
	<Point x="315" y="1344"/>
	<Point x="314" y="1344"/>
	<Point x="314" y="1345"/>
	<Point x="313" y="1345"/>
	<Point x="313" y="1346"/>
	<Point x="312" y="1346"/>
	<Point x="312" y="1355"/>
	<Point x="311" y="1355"/>
	<Point x="311" y="1356"/>
	<Point x="310" y="1356"/>
	<Point x="310" y="1357"/>
	<Point x="309" y="1357"/>
	<Point x="309" y="1358"/>
	<Point x="307" y="1358"/>
	<Point x="307" y="1359"/>
	<Point x="280" y="1359"/>
	<Point x="280" y="1357"/>
	<Point x="279" y="1357"/>
	<Point x="279" y="1352"/>
	<Point x="280" y="1352"/>
	<Point x="280" y="1350"/>
	<Point x="281" y="1350"/>
	<Point x="281" y="1348"/>
	<Point x="282" y="1348"/>
	<Point x="282" y="1346"/>
	<Point x="283" y="1346"/>
	<Point x="283" y="1345"/>
	<Point x="284" y="1345"/>
	<Point x="284" y="1343"/>
	<Point x="285" y="1343"/>
	<Point x="285" y="1342"/>
	<Point x="286" y="1342"/>
	<Point x="286" y="1341"/>
	<Point x="287" y="1341"/>
	<Point x="287" y="1340"/>
	<Point x="288" y="1340"/>
	<Point x="288" y="1339"/>
	<Point x="293" y="1339"/>
	<Point x="293" y="1326"/>
	<Point x="294" y="1326"/>
	<Point x="294" y="1325"/></Coords>
	<TextEquiv>
	<PlainText></PlainText>
	<Unicode>de</Unicode></TextEquiv></Word>
	<Word id="r196">
	<Coords>
	<Point x="356" y="1325"/>
	<Point x="356" y="1330"/>
	<Point x="408" y="1330"/>
	<Point x="408" y="1334"/>
	<Point x="426" y="1334"/>
	<Point x="426" y="1335"/>
	<Point x="427" y="1335"/>
	<Point x="427" y="1336"/>
	<Point x="428" y="1336"/>
	<Point x="428" y="1341"/>
	<Point x="427" y="1341"/>
	<Point x="427" y="1342"/>
	<Point x="426" y="1342"/>
	<Point x="426" y="1343"/>
	<Point x="425" y="1343"/>
	<Point x="425" y="1351"/>
	<Point x="424" y="1351"/>
	<Point x="424" y="1352"/>
	<Point x="423" y="1352"/>
	<Point x="423" y="1353"/>
	<Point x="422" y="1353"/>
	<Point x="422" y="1354"/>
	<Point x="421" y="1354"/>
	<Point x="421" y="1355"/>
	<Point x="419" y="1355"/>
	<Point x="419" y="1356"/>
	<Point x="386" y="1356"/>
	<Point x="386" y="1357"/>
	<Point x="349" y="1357"/>
	<Point x="349" y="1358"/>
	<Point x="346" y="1358"/>
	<Point x="346" y="1357"/>
	<Point x="345" y="1357"/>
	<Point x="345" y="1355"/>
	<Point x="344" y="1355"/>
	<Point x="344" y="1351"/>
	<Point x="345" y="1351"/>
	<Point x="345" y="1348"/>
	<Point x="346" y="1348"/>
	<Point x="346" y="1345"/>
	<Point x="347" y="1345"/>
	<Point x="347" y="1343"/>
	<Point x="348" y="1343"/>
	<Point x="348" y="1338"/>
	<Point x="349" y="1338"/>
	<Point x="349" y="1326"/>
	<Point x="350" y="1326"/>
	<Point x="350" y="1325"/></Coords>
	<TextEquiv>
	<PlainText></PlainText>
	<Unicode>beste</Unicode></TextEquiv></Word>
	<Word id="r197">
	<Coords>
	<Point x="506" y="1320"/>
	<Point x="506" y="1331"/>
	<Point x="543" y="1331"/>
	<Point x="543" y="1343"/>
	<Point x="544" y="1343"/>
	<Point x="544" y="1346"/>
	<Point x="542" y="1346"/>
	<Point x="542" y="1347"/>
	<Point x="541" y="1347"/>
	<Point x="541" y="1349"/>
	<Point x="540" y="1349"/>
	<Point x="540" y="1350"/>
	<Point x="539" y="1350"/>
	<Point x="539" y="1351"/>
	<Point x="537" y="1351"/>
	<Point x="537" y="1352"/>
	<Point x="526" y="1352"/>
	<Point x="526" y="1353"/>
	<Point x="474" y="1353"/>
	<Point x="474" y="1354"/>
	<Point x="455" y="1354"/>
	<Point x="455" y="1349"/>
	<Point x="456" y="1349"/>
	<Point x="456" y="1347"/>
	<Point x="457" y="1347"/>
	<Point x="457" y="1344"/>
	<Point x="458" y="1344"/>
	<Point x="458" y="1342"/>
	<Point x="459" y="1342"/>
	<Point x="459" y="1323"/>
	<Point x="460" y="1323"/>
	<Point x="460" y="1322"/>
	<Point x="463" y="1322"/>
	<Point x="463" y="1321"/>
	<Point x="500" y="1321"/>
	<Point x="500" y="1320"/></Coords>
	<TextEquiv>
	<PlainText></PlainText>
	<Unicode>leden</Unicode></TextEquiv></Word>
	<Word id="r198">
	<Coords>
	<Point x="588" y="1318"/>
	<Point x="688" y="1318"/>
	<Point x="688" y="1328"/>
	<Point x="725" y="1328"/>
	<Point x="725" y="1329"/>
	<Point x="726" y="1329"/>
	<Point x="726" y="1330"/>
	<Point x="727" y="1330"/>
	<Point x="727" y="1332"/>
	<Point x="728" y="1332"/>
	<Point x="728" y="1333"/>
	<Point x="727" y="1333"/>
	<Point x="727" y="1335"/>
	<Point x="725" y="1335"/>
	<Point x="725" y="1337"/>
	<Point x="724" y="1337"/>
	<Point x="724" y="1342"/>
	<Point x="746" y="1342"/>
	<Point x="746" y="1343"/>
	<Point x="747" y="1343"/>
	<Point x="747" y="1345"/>
	<Point x="748" y="1345"/>
	<Point x="748" y="1347"/>
	<Point x="749" y="1347"/>
	<Point x="749" y="1350"/>
	<Point x="748" y="1350"/>
	<Point x="748" y="1353"/>
	<Point x="747" y="1353"/>
	<Point x="747" y="1354"/>
	<Point x="745" y="1354"/>
	<Point x="745" y="1355"/>
	<Point x="744" y="1355"/>
	<Point x="744" y="1356"/>
	<Point x="743" y="1356"/>
	<Point x="743" y="1357"/>
	<Point x="742" y="1357"/>
	<Point x="742" y="1358"/>
	<Point x="739" y="1358"/>
	<Point x="739" y="1357"/>
	<Point x="738" y="1357"/>
	<Point x="739" y="1357"/>
	<Point x="739" y="1356"/>
	<Point x="740" y="1356"/>
	<Point x="740" y="1352"/>
	<Point x="574" y="1352"/>
	<Point x="574" y="1351"/>
	<Point x="573" y="1351"/>
	<Point x="573" y="1346"/>
	<Point x="574" y="1346"/>
	<Point x="574" y="1343"/>
	<Point x="575" y="1343"/>
	<Point x="575" y="1341"/>
	<Point x="576" y="1341"/>
	<Point x="576" y="1339"/>
	<Point x="577" y="1339"/>
	<Point x="577" y="1338"/>
	<Point x="578" y="1338"/>
	<Point x="578" y="1336"/>
	<Point x="579" y="1336"/>
	<Point x="579" y="1335"/>
	<Point x="580" y="1335"/>
	<Point x="580" y="1334"/>
	<Point x="581" y="1334"/>
	<Point x="581" y="1333"/>
	<Point x="582" y="1333"/>
	<Point x="582" y="1332"/>
	<Point x="585" y="1332"/>
	<Point x="585" y="1331"/>
	<Point x="586" y="1331"/>
	<Point x="586" y="1330"/>
	<Point x="587" y="1330"/>
	<Point x="587" y="1319"/>
	<Point x="588" y="1319"/></Coords>
	<TextEquiv>
	<PlainText></PlainText>
	<Unicode>derzelve,</Unicode></TextEquiv></Word>
	<Word id="r200">
	<Coords>
	<Point x="813" y="1314"/>
	<Point x="813" y="1325"/>
	<Point x="868" y="1325"/>
	<Point x="868" y="1326"/>
	<Point x="871" y="1326"/>
	<Point x="871" y="1331"/>
	<Point x="870" y="1331"/>
	<Point x="870" y="1333"/>
	<Point x="869" y="1333"/>
	<Point x="869" y="1340"/>
	<Point x="868" y="1340"/>
	<Point x="868" y="1342"/>
	<Point x="867" y="1342"/>
	<Point x="867" y="1344"/>
	<Point x="865" y="1344"/>
	<Point x="865" y="1345"/>
	<Point x="864" y="1345"/>
	<Point x="864" y="1346"/>
	<Point x="848" y="1346"/>
	<Point x="848" y="1347"/>
	<Point x="795" y="1347"/>
	<Point x="795" y="1348"/>
	<Point x="793" y="1348"/>
	<Point x="793" y="1347"/>
	<Point x="792" y="1347"/>
	<Point x="792" y="1346"/>
	<Point x="791" y="1346"/>
	<Point x="791" y="1342"/>
	<Point x="792" y="1342"/>
	<Point x="792" y="1339"/>
	<Point x="793" y="1339"/>
	<Point x="793" y="1337"/>
	<Point x="794" y="1337"/>
	<Point x="794" y="1336"/>
	<Point x="795" y="1336"/>
	<Point x="795" y="1334"/>
	<Point x="796" y="1334"/>
	<Point x="796" y="1332"/>
	<Point x="798" y="1332"/>
	<Point x="798" y="1330"/>
	<Point x="799" y="1330"/>
	<Point x="799" y="1329"/>
	<Point x="800" y="1329"/>
	<Point x="800" y="1328"/>
	<Point x="805" y="1328"/>
	<Point x="805" y="1315"/>
	<Point x="809" y="1315"/>
	<Point x="809" y="1314"/></Coords>
	<TextEquiv>
	<PlainText></PlainText>
	<Unicode>deze</Unicode></TextEquiv></Word>
	<Word id="r201">
	<Coords>
	<Point x="1006" y="1309"/>
	<Point x="1006" y="1310"/>
	<Point x="1007" y="1310"/>
	<Point x="1007" y="1321"/>
	<Point x="1020" y="1321"/>
	<Point x="1020" y="1322"/>
	<Point x="1021" y="1322"/>
	<Point x="1021" y="1323"/>
	<Point x="1022" y="1323"/>
	<Point x="1022" y="1325"/>
	<Point x="1021" y="1325"/>
	<Point x="1021" y="1327"/>
	<Point x="1020" y="1327"/>
	<Point x="1020" y="1328"/>
	<Point x="1019" y="1328"/>
	<Point x="1019" y="1338"/>
	<Point x="1018" y="1338"/>
	<Point x="1018" y="1339"/>
	<Point x="1017" y="1339"/>
	<Point x="1017" y="1340"/>
	<Point x="1016" y="1340"/>
	<Point x="1016" y="1341"/>
	<Point x="1014" y="1341"/>
	<Point x="1014" y="1342"/>
	<Point x="996" y="1342"/>
	<Point x="996" y="1343"/>
	<Point x="946" y="1343"/>
	<Point x="946" y="1344"/>
	<Point x="916" y="1344"/>
	<Point x="916" y="1354"/>
	<Point x="915" y="1354"/>
	<Point x="915" y="1356"/>
	<Point x="913" y="1356"/>
	<Point x="913" y="1357"/>
	<Point x="901" y="1357"/>
	<Point x="901" y="1356"/>
	<Point x="897" y="1356"/>
	<Point x="897" y="1355"/>
	<Point x="896" y="1355"/>
	<Point x="896" y="1351"/>
	<Point x="897" y="1351"/>
	<Point x="897" y="1350"/>
	<Point x="898" y="1350"/>
	<Point x="898" y="1348"/>
	<Point x="901" y="1348"/>
	<Point x="901" y="1331"/>
	<Point x="902" y="1331"/>
	<Point x="902" y="1328"/>
	<Point x="903" y="1328"/>
	<Point x="903" y="1327"/>
	<Point x="904" y="1327"/>
	<Point x="904" y="1326"/>
	<Point x="905" y="1326"/>
	<Point x="905" y="1325"/>
	<Point x="906" y="1325"/>
	<Point x="906" y="1324"/>
	<Point x="909" y="1324"/>
	<Point x="909" y="1323"/>
	<Point x="941" y="1323"/>
	<Point x="941" y="1311"/>
	<Point x="943" y="1311"/>
	<Point x="943" y="1310"/>
	<Point x="1004" y="1310"/>
	<Point x="1004" y="1309"/></Coords>
	<TextEquiv>
	<PlainText></PlainText>
	<Unicode>geheele</Unicode></TextEquiv></Word>
	<Word id="r202">
	<Coords>
	<Point x="1077" y="1308"/>
	<Point x="1077" y="1316"/>
	<Point x="1152" y="1316"/>
	<Point x="1152" y="1317"/>
	<Point x="1154" y="1317"/>
	<Point x="1154" y="1318"/>
	<Point x="1155" y="1318"/>
	<Point x="1155" y="1328"/>
	<Point x="1154" y="1328"/>
	<Point x="1154" y="1329"/>
	<Point x="1153" y="1329"/>
	<Point x="1153" y="1334"/>
	<Point x="1151" y="1334"/>
	<Point x="1151" y="1335"/>
	<Point x="1150" y="1335"/>
	<Point x="1150" y="1336"/>
	<Point x="1149" y="1336"/>
	<Point x="1149" y="1337"/>
	<Point x="1148" y="1337"/>
	<Point x="1148" y="1339"/>
	<Point x="1144" y="1339"/>
	<Point x="1144" y="1340"/>
	<Point x="1143" y="1340"/>
	<Point x="1143" y="1341"/>
	<Point x="1056" y="1341"/>
	<Point x="1056" y="1342"/>
	<Point x="1056" y="1341"/>
	<Point x="1046" y="1341"/>
	<Point x="1046" y="1339"/>
	<Point x="1047" y="1339"/>
	<Point x="1047" y="1338"/>
	<Point x="1049" y="1338"/>
	<Point x="1049" y="1337"/>
	<Point x="1052" y="1337"/>
	<Point x="1052" y="1333"/>
	<Point x="1053" y="1333"/>
	<Point x="1053" y="1332"/>
	<Point x="1054" y="1332"/>
	<Point x="1054" y="1309"/>
	<Point x="1055" y="1309"/>
	<Point x="1055" y="1308"/></Coords>
	<TextEquiv>
	<PlainText></PlainText>
	<Unicode>Eeuw</Unicode></TextEquiv></Word>
	<TextEquiv>
	<PlainText></PlainText>
	<Unicode>over de beste leden derzelve, deze geheele Eeuw</Unicode></TextEquiv></TextLine>
	<TextLine id="r43">
	<Coords>
	<Point x="775" y="1375"/>
	<Point x="775" y="1377"/>
	<Point x="776" y="1377"/>
	<Point x="776" y="1379"/>
	<Point x="863" y="1379"/>
	<Point x="863" y="1380"/>
	<Point x="865" y="1380"/>
	<Point x="865" y="1400"/>
	<Point x="874" y="1400"/>
	<Point x="874" y="1401"/>
	<Point x="875" y="1401"/>
	<Point x="875" y="1403"/>
	<Point x="876" y="1403"/>
	<Point x="876" y="1405"/>
	<Point x="875" y="1405"/>
	<Point x="875" y="1407"/>
	<Point x="874" y="1407"/>
	<Point x="874" y="1408"/>
	<Point x="857" y="1408"/>
	<Point x="857" y="1409"/>
	<Point x="855" y="1409"/>
	<Point x="855" y="1410"/>
	<Point x="711" y="1410"/>
	<Point x="711" y="1411"/>
	<Point x="710" y="1411"/>
	<Point x="710" y="1413"/>
	<Point x="643" y="1413"/>
	<Point x="643" y="1414"/>
	<Point x="589" y="1414"/>
	<Point x="589" y="1415"/>
	<Point x="543" y="1415"/>
	<Point x="543" y="1416"/>
	<Point x="528" y="1416"/>
	<Point x="528" y="1426"/>
	<Point x="527" y="1426"/>
	<Point x="527" y="1427"/>
	<Point x="525" y="1427"/>
	<Point x="525" y="1428"/>
	<Point x="524" y="1428"/>
	<Point x="524" y="1429"/>
	<Point x="411" y="1429"/>
	<Point x="411" y="1430"/>
	<Point x="410" y="1430"/>
	<Point x="410" y="1431"/>
	<Point x="408" y="1431"/>
	<Point x="408" y="1432"/>
	<Point x="405" y="1432"/>
	<Point x="405" y="1433"/>
	<Point x="400" y="1433"/>
	<Point x="400" y="1434"/>
	<Point x="397" y="1434"/>
	<Point x="397" y="1433"/>
	<Point x="396" y="1433"/>
	<Point x="396" y="1432"/>
	<Point x="362" y="1432"/>
	<Point x="362" y="1425"/>
	<Point x="219" y="1425"/>
	<Point x="219" y="1426"/>
	<Point x="186" y="1426"/>
	<Point x="186" y="1436"/>
	<Point x="185" y="1436"/>
	<Point x="185" y="1437"/>
	<Point x="183" y="1437"/>
	<Point x="183" y="1438"/>
	<Point x="182" y="1438"/>
	<Point x="182" y="1439"/>
	<Point x="178" y="1439"/>
	<Point x="178" y="1440"/>
	<Point x="169" y="1440"/>
	<Point x="169" y="1439"/>
	<Point x="167" y="1439"/>
	<Point x="167" y="1437"/>
	<Point x="166" y="1437"/>
	<Point x="166" y="1431"/>
	<Point x="167" y="1431"/>
	<Point x="167" y="1430"/>
	<Point x="169" y="1430"/>
	<Point x="169" y="1429"/>
	<Point x="170" y="1429"/>
	<Point x="170" y="1413"/>
	<Point x="171" y="1413"/>
	<Point x="171" y="1411"/>
	<Point x="172" y="1411"/>
	<Point x="172" y="1408"/>
	<Point x="173" y="1408"/>
	<Point x="173" y="1407"/>
	<Point x="174" y="1407"/>
	<Point x="174" y="1394"/>
	<Point x="175" y="1394"/>
	<Point x="175" y="1393"/>
	<Point x="222" y="1393"/>
	<Point x="222" y="1392"/>
	<Point x="325" y="1392"/>
	<Point x="325" y="1390"/>
	<Point x="328" y="1390"/>
	<Point x="328" y="1389"/>
	<Point x="332" y="1389"/>
	<Point x="332" y="1399"/>
	<Point x="439" y="1399"/>
	<Point x="439" y="1388"/>
	<Point x="440" y="1388"/>
	<Point x="440" y="1387"/>
	<Point x="460" y="1387"/>
	<Point x="460" y="1386"/>
	<Point x="466" y="1386"/>
	<Point x="466" y="1385"/>
	<Point x="546" y="1385"/>
	<Point x="546" y="1383"/>
	<Point x="550" y="1383"/>
	<Point x="550" y="1382"/>
	<Point x="585" y="1382"/>
	<Point x="585" y="1381"/>
	<Point x="626" y="1381"/>
	<Point x="626" y="1380"/>
	<Point x="631" y="1380"/>
	<Point x="631" y="1381"/>
	<Point x="746" y="1381"/>
	<Point x="746" y="1380"/>
	<Point x="747" y="1380"/>
	<Point x="747" y="1379"/>
	<Point x="750" y="1379"/>
	<Point x="750" y="1378"/>
	<Point x="769" y="1378"/>
	<Point x="769" y="1377"/>
	<Point x="774" y="1377"/>
	<Point x="774" y="1376"/>
	<Point x="775" y="1376"/></Coords>
	<Word id="r203">
	<Coords>
	<Point x="328" y="1389"/>
	<Point x="332" y="1389"/>
	<Point x="332" y="1401"/>
	<Point x="345" y="1401"/>
	<Point x="345" y="1402"/>
	<Point x="347" y="1402"/>
	<Point x="347" y="1404"/>
	<Point x="348" y="1404"/>
	<Point x="348" y="1405"/>
	<Point x="347" y="1405"/>
	<Point x="347" y="1408"/>
	<Point x="346" y="1408"/>
	<Point x="346" y="1409"/>
	<Point x="344" y="1409"/>
	<Point x="344" y="1415"/>
	<Point x="366" y="1415"/>
	<Point x="366" y="1416"/>
	<Point x="368" y="1416"/>
	<Point x="368" y="1417"/>
	<Point x="369" y="1417"/>
	<Point x="369" y="1418"/>
	<Point x="370" y="1418"/>
	<Point x="370" y="1425"/>
	<Point x="369" y="1425"/>
	<Point x="369" y="1429"/>
	<Point x="368" y="1429"/>
	<Point x="368" y="1430"/>
	<Point x="367" y="1430"/>
	<Point x="367" y="1431"/>
	<Point x="366" y="1431"/>
	<Point x="366" y="1432"/>
	<Point x="362" y="1432"/>
	<Point x="362" y="1425"/>
	<Point x="219" y="1425"/>
	<Point x="219" y="1426"/>
	<Point x="186" y="1426"/>
	<Point x="186" y="1436"/>
	<Point x="185" y="1436"/>
	<Point x="185" y="1437"/>
	<Point x="183" y="1437"/>
	<Point x="183" y="1438"/>
	<Point x="182" y="1438"/>
	<Point x="182" y="1439"/>
	<Point x="178" y="1439"/>
	<Point x="178" y="1440"/>
	<Point x="169" y="1440"/>
	<Point x="169" y="1439"/>
	<Point x="167" y="1439"/>
	<Point x="167" y="1437"/>
	<Point x="166" y="1437"/>
	<Point x="166" y="1431"/>
	<Point x="167" y="1431"/>
	<Point x="167" y="1430"/>
	<Point x="169" y="1430"/>
	<Point x="169" y="1429"/>
	<Point x="170" y="1429"/>
	<Point x="170" y="1413"/>
	<Point x="171" y="1413"/>
	<Point x="171" y="1411"/>
	<Point x="172" y="1411"/>
	<Point x="172" y="1408"/>
	<Point x="173" y="1408"/>
	<Point x="173" y="1407"/>
	<Point x="174" y="1407"/>
	<Point x="174" y="1394"/>
	<Point x="175" y="1394"/>
	<Point x="175" y="1393"/>
	<Point x="222" y="1393"/>
	<Point x="222" y="1392"/>
	<Point x="325" y="1392"/>
	<Point x="325" y="1390"/>
	<Point x="328" y="1390"/></Coords>
	<TextEquiv>
	<PlainText></PlainText>
	<Unicode>gedurende,</Unicode></TextEquiv></Word>
	<Word id="r205">
	<Coords>
	<Point x="552" y="1382"/>
	<Point x="552" y="1383"/>
	<Point x="553" y="1383"/>
	<Point x="553" y="1385"/>
	<Point x="552" y="1385"/>
	<Point x="552" y="1388"/>
	<Point x="551" y="1388"/>
	<Point x="551" y="1391"/>
	<Point x="550" y="1391"/>
	<Point x="550" y="1410"/>
	<Point x="549" y="1410"/>
	<Point x="549" y="1412"/>
	<Point x="548" y="1412"/>
	<Point x="548" y="1413"/>
	<Point x="546" y="1413"/>
	<Point x="546" y="1414"/>
	<Point x="545" y="1414"/>
	<Point x="545" y="1415"/>
	<Point x="543" y="1415"/>
	<Point x="543" y="1416"/>
	<Point x="528" y="1416"/>
	<Point x="528" y="1426"/>
	<Point x="527" y="1426"/>
	<Point x="527" y="1427"/>
	<Point x="525" y="1427"/>
	<Point x="525" y="1428"/>
	<Point x="524" y="1428"/>
	<Point x="524" y="1429"/>
	<Point x="411" y="1429"/>
	<Point x="411" y="1430"/>
	<Point x="410" y="1430"/>
	<Point x="410" y="1431"/>
	<Point x="408" y="1431"/>
	<Point x="408" y="1432"/>
	<Point x="405" y="1432"/>
	<Point x="405" y="1433"/>
	<Point x="400" y="1433"/>
	<Point x="400" y="1434"/>
	<Point x="397" y="1434"/>
	<Point x="397" y="1433"/>
	<Point x="396" y="1433"/>
	<Point x="396" y="1432"/>
	<Point x="394" y="1432"/>
	<Point x="394" y="1431"/>
	<Point x="393" y="1431"/>
	<Point x="393" y="1429"/>
	<Point x="392" y="1429"/>
	<Point x="392" y="1426"/>
	<Point x="393" y="1426"/>
	<Point x="393" y="1424"/>
	<Point x="395" y="1424"/>
	<Point x="395" y="1423"/>
	<Point x="397" y="1423"/>
	<Point x="397" y="1407"/>
	<Point x="398" y="1407"/>
	<Point x="398" y="1403"/>
	<Point x="399" y="1403"/>
	<Point x="399" y="1402"/>
	<Point x="400" y="1402"/>
	<Point x="400" y="1401"/>
	<Point x="402" y="1401"/>
	<Point x="402" y="1400"/>
	<Point x="404" y="1400"/>
	<Point x="404" y="1399"/>
	<Point x="439" y="1399"/>
	<Point x="439" y="1388"/>
	<Point x="440" y="1388"/>
	<Point x="440" y="1387"/>
	<Point x="460" y="1387"/>
	<Point x="460" y="1386"/>
	<Point x="466" y="1386"/>
	<Point x="466" y="1385"/>
	<Point x="546" y="1385"/>
	<Point x="546" y="1383"/>
	<Point x="550" y="1383"/>
	<Point x="550" y="1382"/></Coords>
	<TextEquiv>
	<PlainText></PlainText>
	<Unicode>geklaagd</Unicode></TextEquiv></Word>
	<Word id="r206">
	<Coords>
	<Point x="631" y="1380"/>
	<Point x="631" y="1381"/>
	<Point x="653" y="1381"/>
	<Point x="653" y="1391"/>
	<Point x="698" y="1391"/>
	<Point x="698" y="1392"/>
	<Point x="699" y="1392"/>
	<Point x="699" y="1406"/>
	<Point x="710" y="1406"/>
	<Point x="710" y="1407"/>
	<Point x="711" y="1407"/>
	<Point x="711" y="1411"/>
	<Point x="710" y="1411"/>
	<Point x="710" y="1413"/>
	<Point x="643" y="1413"/>
	<Point x="643" y="1414"/>
	<Point x="589" y="1414"/>
	<Point x="589" y="1415"/>
	<Point x="580" y="1415"/>
	<Point x="580" y="1414"/>
	<Point x="579" y="1414"/>
	<Point x="579" y="1410"/>
	<Point x="580" y="1410"/>
	<Point x="580" y="1408"/>
	<Point x="581" y="1408"/>
	<Point x="581" y="1406"/>
	<Point x="582" y="1406"/>
	<Point x="582" y="1401"/>
	<Point x="583" y="1401"/>
	<Point x="583" y="1397"/>
	<Point x="584" y="1397"/>
	<Point x="584" y="1382"/>
	<Point x="585" y="1382"/>
	<Point x="585" y="1381"/>
	<Point x="626" y="1381"/>
	<Point x="626" y="1380"/></Coords>
	<TextEquiv>
	<PlainText></PlainText>
	<Unicode>hebben,</Unicode></TextEquiv></Word>
	<Word id="r207">
	<Coords>
	<Point x="775" y="1375"/>
	<Point x="775" y="1377"/>
	<Point x="776" y="1377"/>
	<Point x="776" y="1402"/>
	<Point x="790" y="1402"/>
	<Point x="790" y="1403"/>
	<Point x="792" y="1403"/>
	<Point x="792" y="1406"/>
	<Point x="793" y="1406"/>
	<Point x="792" y="1406"/>
	<Point x="792" y="1409"/>
	<Point x="791" y="1409"/>
	<Point x="791" y="1410"/>
	<Point x="748" y="1410"/>
	<Point x="748" y="1382"/>
	<Point x="747" y="1382"/>
	<Point x="747" y="1381"/>
	<Point x="746" y="1381"/>
	<Point x="746" y="1380"/>
	<Point x="747" y="1380"/>
	<Point x="747" y="1379"/>
	<Point x="750" y="1379"/>
	<Point x="750" y="1378"/>
	<Point x="769" y="1378"/>
	<Point x="769" y="1377"/>
	<Point x="774" y="1377"/>
	<Point x="774" y="1376"/>
	<Point x="775" y="1376"/></Coords>
	<TextEquiv>
	<PlainText></PlainText>
	<Unicode>bl.</Unicode></TextEquiv></Word>
	<Word id="r209">
	<Coords>
	<Point x="860" y="1379"/>
	<Point x="863" y="1379"/>
	<Point x="863" y="1380"/>
	<Point x="865" y="1380"/>
	<Point x="865" y="1400"/>
	<Point x="874" y="1400"/>
	<Point x="874" y="1401"/>
	<Point x="875" y="1401"/>
	<Point x="875" y="1403"/>
	<Point x="876" y="1403"/>
	<Point x="876" y="1405"/>
	<Point x="875" y="1405"/>
	<Point x="875" y="1407"/>
	<Point x="874" y="1407"/>
	<Point x="874" y="1408"/>
	<Point x="857" y="1408"/>
	<Point x="857" y="1409"/>
	<Point x="855" y="1409"/>
	<Point x="855" y="1410"/>
	<Point x="850" y="1410"/>
	<Point x="850" y="1409"/>
	<Point x="825" y="1409"/>
	<Point x="825" y="1408"/>
	<Point x="824" y="1408"/>
	<Point x="824" y="1389"/>
	<Point x="823" y="1389"/>
	<Point x="823" y="1387"/>
	<Point x="826" y="1387"/>
	<Point x="826" y="1386"/>
	<Point x="851" y="1386"/>
	<Point x="851" y="1385"/>
	<Point x="852" y="1385"/>
	<Point x="852" y="1384"/>
	<Point x="853" y="1384"/>
	<Point x="853" y="1383"/>
	<Point x="855" y="1383"/>
	<Point x="855" y="1382"/>
	<Point x="856" y="1382"/>
	<Point x="856" y="1381"/>
	<Point x="858" y="1381"/>
	<Point x="858" y="1380"/>
	<Point x="860" y="1380"/></Coords>
	<TextEquiv>
	<PlainText></PlainText>
	<Unicode>I6.</Unicode></TextEquiv></Word>
	<TextEquiv>
	<PlainText></PlainText>
	<Unicode>gedurende, geklaagd hebben, bl. I6.</Unicode></TextEquiv></TextLine>
	<TextEquiv>
	<PlainText></PlainText>
	<Unicode>DAT ook de zwarigheden van het Labadistisch
elſel niet zijn mijne zwarigheden, maar de zwa‑
righeden van onze gereformeerde Kerk, en waar
over de beste leden derzelve, deze geheele Eeuw
gedurende, geklaagd hebben, bl. I6.</Unicode></TextEquiv></TextRegion>
	<TextRegion id="r34" type="paragraph">
	<Coords>
	<Point x="1175" y="1487"/>
	<Point x="1175" y="1551"/>
	<Point x="869" y="1551"/>
	<Point x="869" y="1552"/>
	<Point x="868" y="1552"/>
	<Point x="868" y="1554"/>
	<Point x="867" y="1554"/>
	<Point x="867" y="1556"/>
	<Point x="866" y="1556"/>
	<Point x="866" y="1557"/>
	<Point x="865" y="1557"/>
	<Point x="865" y="1559"/>
	<Point x="864" y="1559"/>
	<Point x="864" y="1561"/>
	<Point x="863" y="1561"/>
	<Point x="863" y="1562"/>
	<Point x="862" y="1562"/>
	<Point x="862" y="1563"/>
	<Point x="135" y="1563"/>
	<Point x="135" y="1487"/></Coords>
	<TextLine id="r46">
	<Coords>
	<Point x="1000" y="1496"/>
	<Point x="1007" y="1496"/>
	<Point x="1007" y="1509"/>
	<Point x="1010" y="1509"/>
	<Point x="1010" y="1510"/>
	<Point x="1011" y="1510"/>
	<Point x="1011" y="1511"/>
	<Point x="1031" y="1511"/>
	<Point x="1031" y="1512"/>
	<Point x="1032" y="1512"/>
	<Point x="1032" y="1513"/>
	<Point x="1033" y="1513"/>
	<Point x="1033" y="1522"/>
	<Point x="1034" y="1522"/>
	<Point x="1034" y="1523"/>
	<Point x="1035" y="1523"/>
	<Point x="1035" y="1524"/>
	<Point x="1036" y="1524"/>
	<Point x="1036" y="1527"/>
	<Point x="1035" y="1527"/>
	<Point x="1035" y="1531"/>
	<Point x="1034" y="1531"/>
	<Point x="1034" y="1533"/>
	<Point x="1033" y="1533"/>
	<Point x="1033" y="1534"/>
	<Point x="1032" y="1534"/>
	<Point x="1032" y="1535"/>
	<Point x="1029" y="1535"/>
	<Point x="1029" y="1536"/>
	<Point x="1028" y="1536"/>
	<Point x="1028" y="1537"/>
	<Point x="930" y="1537"/>
	<Point x="930" y="1538"/>
	<Point x="929" y="1538"/>
	<Point x="929" y="1540"/>
	<Point x="928" y="1540"/>
	<Point x="928" y="1541"/>
	<Point x="927" y="1541"/>
	<Point x="927" y="1542"/>
	<Point x="926" y="1542"/>
	<Point x="926" y="1543"/>
	<Point x="923" y="1543"/>
	<Point x="923" y="1544"/>
	<Point x="921" y="1544"/>
	<Point x="921" y="1543"/>
	<Point x="919" y="1543"/>
	<Point x="919" y="1535"/>
	<Point x="796" y="1535"/>
	<Point x="796" y="1536"/>
	<Point x="783" y="1536"/>
	<Point x="783" y="1537"/>
	<Point x="723" y="1537"/>
	<Point x="723" y="1538"/>
	<Point x="655" y="1538"/>
	<Point x="655" y="1539"/>
	<Point x="615" y="1539"/>
	<Point x="615" y="1540"/>
	<Point x="580" y="1540"/>
	<Point x="580" y="1541"/>
	<Point x="577" y="1541"/>
	<Point x="577" y="1542"/>
	<Point x="569" y="1542"/>
	<Point x="569" y="1543"/>
	<Point x="483" y="1543"/>
	<Point x="483" y="1544"/>
	<Point x="481" y="1544"/>
	<Point x="481" y="1545"/>
	<Point x="381" y="1545"/>
	<Point x="381" y="1546"/>
	<Point x="329" y="1546"/>
	<Point x="329" y="1547"/>
	<Point x="263" y="1547"/>
	<Point x="263" y="1548"/>
	<Point x="262" y="1548"/>
	<Point x="262" y="1549"/>
	<Point x="232" y="1549"/>
	<Point x="232" y="1550"/>
	<Point x="228" y="1550"/>
	<Point x="228" y="1549"/>
	<Point x="225" y="1549"/>
	<Point x="225" y="1548"/>
	<Point x="224" y="1548"/>
	<Point x="224" y="1547"/>
	<Point x="223" y="1547"/>
	<Point x="223" y="1546"/>
	<Point x="222" y="1546"/>
	<Point x="222" y="1544"/>
	<Point x="221" y="1544"/>
	<Point x="221" y="1543"/>
	<Point x="220" y="1543"/>
	<Point x="220" y="1539"/>
	<Point x="219" y="1539"/>
	<Point x="219" y="1534"/>
	<Point x="220" y="1534"/>
	<Point x="220" y="1533"/>
	<Point x="221" y="1533"/>
	<Point x="221" y="1532"/>
	<Point x="222" y="1532"/>
	<Point x="222" y="1531"/>
	<Point x="223" y="1531"/>
	<Point x="223" y="1530"/>
	<Point x="224" y="1530"/>
	<Point x="224" y="1529"/>
	<Point x="228" y="1529"/>
	<Point x="228" y="1528"/>
	<Point x="253" y="1528"/>
	<Point x="253" y="1527"/>
	<Point x="307" y="1527"/>
	<Point x="307" y="1526"/>
	<Point x="308" y="1526"/>
	<Point x="308" y="1525"/>
	<Point x="341" y="1525"/>
	<Point x="341" y="1524"/>
	<Point x="371" y="1524"/>
	<Point x="371" y="1523"/>
	<Point x="429" y="1523"/>
	<Point x="429" y="1522"/>
	<Point x="444" y="1522"/>
	<Point x="444" y="1521"/>
	<Point x="514" y="1521"/>
	<Point x="514" y="1520"/>
	<Point x="548" y="1520"/>
	<Point x="548" y="1519"/>
	<Point x="598" y="1519"/>
	<Point x="598" y="1518"/>
	<Point x="603" y="1518"/>
	<Point x="603" y="1517"/>
	<Point x="652" y="1517"/>
	<Point x="652" y="1507"/>
	<Point x="655" y="1507"/>
	<Point x="655" y="1506"/>
	<Point x="662" y="1506"/>
	<Point x="662" y="1515"/>
	<Point x="766" y="1515"/>
	<Point x="766" y="1514"/>
	<Point x="808" y="1514"/>
	<Point x="808" y="1513"/>
	<Point x="842" y="1513"/>
	<Point x="842" y="1503"/>
	<Point x="843" y="1503"/>
	<Point x="843" y="1502"/>
	<Point x="849" y="1502"/>
	<Point x="849" y="1501"/>
	<Point x="933" y="1501"/>
	<Point x="933" y="1500"/>
	<Point x="934" y="1500"/>
	<Point x="934" y="1499"/>
	<Point x="936" y="1499"/>
	<Point x="936" y="1498"/>
	<Point x="987" y="1498"/>
	<Point x="987" y="1497"/>
	<Point x="1000" y="1497"/></Coords>
	<Word id="r211">
	<Coords>
	<Point x="253" y="1527"/>
	<Point x="266" y="1527"/>
	<Point x="266" y="1528"/>
	<Point x="268" y="1528"/>
	<Point x="268" y="1529"/>
	<Point x="270" y="1529"/>
	<Point x="270" y="1531"/>
	<Point x="271" y="1531"/>
	<Point x="271" y="1535"/>
	<Point x="270" y="1535"/>
	<Point x="270" y="1537"/>
	<Point x="269" y="1537"/>
	<Point x="269" y="1538"/>
	<Point x="268" y="1538"/>
	<Point x="268" y="1539"/>
	<Point x="263" y="1539"/>
	<Point x="263" y="1548"/>
	<Point x="262" y="1548"/>
	<Point x="262" y="1549"/>
	<Point x="232" y="1549"/>
	<Point x="232" y="1550"/>
	<Point x="228" y="1550"/>
	<Point x="228" y="1549"/>
	<Point x="225" y="1549"/>
	<Point x="225" y="1548"/>
	<Point x="224" y="1548"/>
	<Point x="224" y="1547"/>
	<Point x="223" y="1547"/>
	<Point x="223" y="1546"/>
	<Point x="222" y="1546"/>
	<Point x="222" y="1544"/>
	<Point x="221" y="1544"/>
	<Point x="221" y="1543"/>
	<Point x="220" y="1543"/>
	<Point x="220" y="1539"/>
	<Point x="219" y="1539"/>
	<Point x="219" y="1534"/>
	<Point x="220" y="1534"/>
	<Point x="220" y="1533"/>
	<Point x="221" y="1533"/>
	<Point x="221" y="1532"/>
	<Point x="222" y="1532"/>
	<Point x="222" y="1531"/>
	<Point x="223" y="1531"/>
	<Point x="223" y="1530"/>
	<Point x="224" y="1530"/>
	<Point x="224" y="1529"/>
	<Point x="228" y="1529"/>
	<Point x="228" y="1528"/>
	<Point x="253" y="1528"/></Coords>
	<TextEquiv>
	<PlainText></PlainText>
	<Unicode>OP</Unicode></TextEquiv></Word>
	<Word id="r213">
	<Coords>
	<Point x="371" y="1523"/>
	<Point x="389" y="1523"/>
	<Point x="389" y="1524"/>
	<Point x="390" y="1524"/>
	<Point x="390" y="1525"/>
	<Point x="391" y="1525"/>
	<Point x="391" y="1530"/>
	<Point x="386" y="1530"/>
	<Point x="386" y="1544"/>
	<Point x="385" y="1544"/>
	<Point x="385" y="1545"/>
	<Point x="381" y="1545"/>
	<Point x="381" y="1546"/>
	<Point x="329" y="1546"/>
	<Point x="329" y="1547"/>
	<Point x="308" y="1547"/>
	<Point x="308" y="1527"/>
	<Point x="307" y="1527"/>
	<Point x="307" y="1526"/>
	<Point x="308" y="1526"/>
	<Point x="308" y="1525"/>
	<Point x="341" y="1525"/>
	<Point x="341" y="1524"/>
	<Point x="371" y="1524"/></Coords>
	<TextEquiv>
	<PlainText></PlainText>
	<Unicode>HET</Unicode></TextEquiv></Word>
	<Word id="r216">
	<Coords>
	<Point x="603" y="1517"/>
	<Point x="603" y="1518"/>
	<Point x="614" y="1518"/>
	<Point x="614" y="1520"/>
	<Point x="615" y="1520"/>
	<Point x="615" y="1523"/>
	<Point x="616" y="1523"/>
	<Point x="616" y="1532"/>
	<Point x="617" y="1532"/>
	<Point x="617" y="1536"/>
	<Point x="616" y="1536"/>
	<Point x="616" y="1539"/>
	<Point x="615" y="1539"/>
	<Point x="615" y="1540"/>
	<Point x="580" y="1540"/>
	<Point x="580" y="1541"/>
	<Point x="577" y="1541"/>
	<Point x="577" y="1542"/>
	<Point x="569" y="1542"/>
	<Point x="569" y="1543"/>
	<Point x="483" y="1543"/>
	<Point x="483" y="1544"/>
	<Point x="481" y="1544"/>
	<Point x="481" y="1545"/>
	<Point x="433" y="1545"/>
	<Point x="433" y="1544"/>
	<Point x="432" y="1544"/>
	<Point x="432" y="1530"/>
	<Point x="428" y="1530"/>
	<Point x="428" y="1529"/>
	<Point x="427" y="1529"/>
	<Point x="427" y="1524"/>
	<Point x="428" y="1524"/>
	<Point x="428" y="1523"/>
	<Point x="429" y="1523"/>
	<Point x="429" y="1522"/>
	<Point x="444" y="1522"/>
	<Point x="444" y="1521"/>
	<Point x="514" y="1521"/>
	<Point x="514" y="1520"/>
	<Point x="548" y="1520"/>
	<Point x="548" y="1519"/>
	<Point x="598" y="1519"/>
	<Point x="598" y="1518"/>
	<Point x="603" y="1518"/></Coords>
	<TextEquiv>
	<PlainText></PlainText>
	<Unicode>TWEEDE</Unicode></TextEquiv></Word>
	<Word id="r222">
	<Coords>
	<Point x="662" y="1506"/>
	<Point x="662" y="1515"/>
	<Point x="766" y="1515"/>
	<Point x="766" y="1514"/>
	<Point x="808" y="1514"/>
	<Point x="808" y="1513"/>
	<Point x="810" y="1513"/>
	<Point x="810" y="1515"/>
	<Point x="811" y="1515"/>
	<Point x="811" y="1518"/>
	<Point x="810" y="1518"/>
	<Point x="810" y="1519"/>
	<Point x="806" y="1519"/>
	<Point x="806" y="1520"/>
	<Point x="804" y="1520"/>
	<Point x="804" y="1521"/>
	<Point x="803" y="1521"/>
	<Point x="803" y="1523"/>
	<Point x="802" y="1523"/>
	<Point x="802" y="1525"/>
	<Point x="801" y="1525"/>
	<Point x="801" y="1526"/>
	<Point x="800" y="1526"/>
	<Point x="800" y="1527"/>
	<Point x="799" y="1527"/>
	<Point x="799" y="1529"/>
	<Point x="798" y="1529"/>
	<Point x="798" y="1531"/>
	<Point x="797" y="1531"/>
	<Point x="797" y="1535"/>
	<Point x="796" y="1535"/>
	<Point x="796" y="1536"/>
	<Point x="783" y="1536"/>
	<Point x="783" y="1537"/>
	<Point x="723" y="1537"/>
	<Point x="723" y="1538"/>
	<Point x="655" y="1538"/>
	<Point x="655" y="1539"/>
	<Point x="650" y="1539"/>
	<Point x="650" y="1538"/>
	<Point x="649" y="1538"/>
	<Point x="649" y="1536"/>
	<Point x="648" y="1536"/>
	<Point x="648" y="1530"/>
	<Point x="649" y="1530"/>
	<Point x="649" y="1526"/>
	<Point x="650" y="1526"/>
	<Point x="650" y="1524"/>
	<Point x="651" y="1524"/>
	<Point x="651" y="1522"/>
	<Point x="652" y="1522"/>
	<Point x="652" y="1507"/>
	<Point x="655" y="1507"/>
	<Point x="655" y="1506"/></Coords>
	<TextEquiv>
	<PlainText></PlainText>
	<Unicode>bezwaar</Unicode></TextEquiv></Word>
	<Word id="r223">
	<Coords>
	<Point x="937" y="1498"/>
	<Point x="937" y="1499"/>
	<Point x="939" y="1499"/>
	<Point x="939" y="1510"/>
	<Point x="953" y="1510"/>
	<Point x="953" y="1514"/>
	<Point x="950" y="1514"/>
	<Point x="950" y="1527"/>
	<Point x="949" y="1527"/>
	<Point x="949" y="1529"/>
	<Point x="948" y="1529"/>
	<Point x="948" y="1531"/>
	<Point x="946" y="1531"/>
	<Point x="946" y="1532"/>
	<Point x="930" y="1532"/>
	<Point x="930" y="1538"/>
	<Point x="929" y="1538"/>
	<Point x="929" y="1540"/>
	<Point x="928" y="1540"/>
	<Point x="928" y="1541"/>
	<Point x="927" y="1541"/>
	<Point x="927" y="1542"/>
	<Point x="926" y="1542"/>
	<Point x="926" y="1543"/>
	<Point x="923" y="1543"/>
	<Point x="923" y="1544"/>
	<Point x="921" y="1544"/>
	<Point x="921" y="1543"/>
	<Point x="919" y="1543"/>
	<Point x="919" y="1535"/>
	<Point x="841" y="1535"/>
	<Point x="841" y="1534"/>
	<Point x="839" y="1534"/>
	<Point x="839" y="1532"/>
	<Point x="838" y="1532"/>
	<Point x="838" y="1530"/>
	<Point x="839" y="1530"/>
	<Point x="839" y="1526"/>
	<Point x="840" y="1526"/>
	<Point x="840" y="1523"/>
	<Point x="841" y="1523"/>
	<Point x="841" y="1522"/>
	<Point x="842" y="1522"/>
	<Point x="842" y="1503"/>
	<Point x="843" y="1503"/>
	<Point x="843" y="1502"/>
	<Point x="849" y="1502"/>
	<Point x="849" y="1501"/>
	<Point x="933" y="1501"/>
	<Point x="933" y="1500"/>
	<Point x="934" y="1500"/>
	<Point x="934" y="1499"/>
	<Point x="936" y="1499"/>
	<Point x="936" y="1498"/></Coords>
	<TextEquiv>
	<PlainText></PlainText>
	<Unicode>bewijs</Unicode></TextEquiv></Word>
	<Word id="r224">
	<Coords>
	<Point x="1000" y="1496"/>
	<Point x="1007" y="1496"/>
	<Point x="1007" y="1509"/>
	<Point x="1010" y="1509"/>
	<Point x="1010" y="1510"/>
	<Point x="1011" y="1510"/>
	<Point x="1011" y="1511"/>
	<Point x="1031" y="1511"/>
	<Point x="1031" y="1512"/>
	<Point x="1032" y="1512"/>
	<Point x="1032" y="1513"/>
	<Point x="1033" y="1513"/>
	<Point x="1033" y="1522"/>
	<Point x="1034" y="1522"/>
	<Point x="1034" y="1523"/>
	<Point x="1035" y="1523"/>
	<Point x="1035" y="1524"/>
	<Point x="1036" y="1524"/>
	<Point x="1036" y="1527"/>
	<Point x="1035" y="1527"/>
	<Point x="1035" y="1531"/>
	<Point x="1034" y="1531"/>
	<Point x="1034" y="1533"/>
	<Point x="1033" y="1533"/>
	<Point x="1033" y="1534"/>
	<Point x="1032" y="1534"/>
	<Point x="1032" y="1535"/>
	<Point x="1029" y="1535"/>
	<Point x="1029" y="1536"/>
	<Point x="1028" y="1536"/>
	<Point x="1028" y="1537"/>
	<Point x="1024" y="1537"/>
	<Point x="1024" y="1536"/>
	<Point x="1025" y="1536"/>
	<Point x="1025" y="1530"/>
	<Point x="980" y="1530"/>
	<Point x="980" y="1529"/>
	<Point x="979" y="1529"/>
	<Point x="979" y="1516"/>
	<Point x="978" y="1516"/>
	<Point x="979" y="1516"/>
	<Point x="979" y="1515"/>
	<Point x="980" y="1515"/>
	<Point x="980" y="1513"/>
	<Point x="981" y="1513"/>
	<Point x="981" y="1512"/>
	<Point x="982" y="1512"/>
	<Point x="982" y="1511"/>
	<Point x="983" y="1511"/>
	<Point x="983" y="1510"/>
	<Point x="985" y="1510"/>
	<Point x="985" y="1499"/>
	<Point x="986" y="1499"/>
	<Point x="986" y="1498"/>
	<Point x="987" y="1498"/>
	<Point x="987" y="1497"/>
	<Point x="1000" y="1497"/></Coords>
	<TextEquiv>
	<PlainText></PlainText>
	<Unicode>ik;</Unicode></TextEquiv></Word>
	<TextEquiv>
	<PlainText></PlainText>
	<Unicode>OP HET TWEEDE bezwaar bewijs ik;</Unicode></TextEquiv></TextLine>
	<TextEquiv>
	<PlainText></PlainText>
	<Unicode>OP HET TWEEDE bezwaar bewijs ik;</Unicode></TextEquiv></TextRegion>
	<TextRegion id="r38" type="paragraph">
	<Coords>
	<Point x="1175" y="1553"/>
	<Point x="1175" y="1650"/>
	<Point x="803" y="1650"/>
	<Point x="803" y="1651"/>
	<Point x="802" y="1651"/>
	<Point x="802" y="1652"/>
	<Point x="800" y="1652"/>
	<Point x="800" y="1653"/>
	<Point x="799" y="1653"/>
	<Point x="799" y="1654"/>
	<Point x="797" y="1654"/>
	<Point x="797" y="1655"/>
	<Point x="796" y="1655"/>
	<Point x="796" y="1656"/>
	<Point x="794" y="1656"/>
	<Point x="794" y="1657"/>
	<Point x="793" y="1657"/>
	<Point x="793" y="1658"/>
	<Point x="791" y="1658"/>
	<Point x="791" y="1659"/>
	<Point x="790" y="1659"/>
	<Point x="790" y="1660"/>
	<Point x="788" y="1660"/>
	<Point x="788" y="1661"/>
	<Point x="787" y="1661"/>
	<Point x="787" y="1662"/>
	<Point x="785" y="1662"/>
	<Point x="785" y="1663"/>
	<Point x="784" y="1663"/>
	<Point x="784" y="1664"/>
	<Point x="782" y="1664"/>
	<Point x="782" y="1665"/>
	<Point x="781" y="1665"/>
	<Point x="781" y="1666"/>
	<Point x="779" y="1666"/>
	<Point x="779" y="1667"/>
	<Point x="778" y="1667"/>
	<Point x="778" y="1668"/>
	<Point x="776" y="1668"/>
	<Point x="776" y="1669"/>
	<Point x="775" y="1669"/>
	<Point x="775" y="1670"/>
	<Point x="773" y="1670"/>
	<Point x="773" y="1671"/>
	<Point x="771" y="1671"/>
	<Point x="771" y="1672"/>
	<Point x="770" y="1672"/>
	<Point x="770" y="1673"/>
	<Point x="768" y="1673"/>
	<Point x="768" y="1674"/>
	<Point x="767" y="1674"/>
	<Point x="767" y="1675"/>
	<Point x="765" y="1675"/>
	<Point x="765" y="1676"/>
	<Point x="764" y="1676"/>
	<Point x="764" y="1677"/>
	<Point x="762" y="1677"/>
	<Point x="762" y="1678"/>
	<Point x="761" y="1678"/>
	<Point x="761" y="1679"/>
	<Point x="759" y="1679"/>
	<Point x="759" y="1680"/>
	<Point x="758" y="1680"/>
	<Point x="758" y="1681"/>
	<Point x="756" y="1681"/>
	<Point x="756" y="1682"/>
	<Point x="755" y="1682"/>
	<Point x="755" y="1683"/>
	<Point x="753" y="1683"/>
	<Point x="753" y="1684"/>
	<Point x="752" y="1684"/>
	<Point x="752" y="1685"/>
	<Point x="750" y="1685"/>
	<Point x="750" y="1686"/>
	<Point x="749" y="1686"/>
	<Point x="749" y="1687"/>
	<Point x="747" y="1687"/>
	<Point x="747" y="1688"/>
	<Point x="746" y="1688"/>
	<Point x="746" y="1689"/>
	<Point x="744" y="1689"/>
	<Point x="744" y="1690"/>
	<Point x="743" y="1690"/>
	<Point x="743" y="1691"/>
	<Point x="741" y="1691"/>
	<Point x="741" y="1692"/>
	<Point x="740" y="1692"/>
	<Point x="740" y="1693"/>
	<Point x="688" y="1693"/>
	<Point x="688" y="1694"/>
	<Point x="135" y="1694"/>
	<Point x="135" y="1565"/>
	<Point x="864" y="1565"/>
	<Point x="864" y="1564"/>
	<Point x="865" y="1564"/>
	<Point x="865" y="1563"/>
	<Point x="866" y="1563"/>
	<Point x="866" y="1561"/>
	<Point x="867" y="1561"/>
	<Point x="867" y="1559"/>
	<Point x="868" y="1559"/>
	<Point x="868" y="1558"/>
	<Point x="869" y="1558"/>
	<Point x="869" y="1556"/>
	<Point x="870" y="1556"/>
	<Point x="870" y="1554"/>
	<Point x="871" y="1554"/>
	<Point x="871" y="1553"/></Coords>
	<TextLine id="r48">
	<Coords>
	<Point x="1096" y="1556"/>
	<Point x="1153" y="1556"/>
	<Point x="1153" y="1560"/>
	<Point x="1155" y="1560"/>
	<Point x="1155" y="1563"/>
	<Point x="1154" y="1563"/>
	<Point x="1154" y="1565"/>
	<Point x="1153" y="1565"/>
	<Point x="1153" y="1566"/>
	<Point x="1152" y="1566"/>
	<Point x="1152" y="1583"/>
	<Point x="1151" y="1583"/>
	<Point x="1151" y="1584"/>
	<Point x="1150" y="1584"/>
	<Point x="1150" y="1586"/>
	<Point x="1149" y="1586"/>
	<Point x="1149" y="1587"/>
	<Point x="1148" y="1587"/>
	<Point x="1148" y="1588"/>
	<Point x="1147" y="1588"/>
	<Point x="1147" y="1589"/>
	<Point x="1146" y="1589"/>
	<Point x="1146" y="1590"/>
	<Point x="1113" y="1590"/>
	<Point x="1113" y="1591"/>
	<Point x="1054" y="1591"/>
	<Point x="1054" y="1592"/>
	<Point x="1027" y="1592"/>
	<Point x="1027" y="1593"/>
	<Point x="1012" y="1593"/>
	<Point x="1012" y="1594"/>
	<Point x="989" y="1594"/>
	<Point x="989" y="1595"/>
	<Point x="935" y="1595"/>
	<Point x="935" y="1596"/>
	<Point x="934" y="1596"/>
	<Point x="934" y="1597"/>
	<Point x="918" y="1597"/>
	<Point x="918" y="1599"/>
	<Point x="917" y="1599"/>
	<Point x="917" y="1603"/>
	<Point x="916" y="1603"/>
	<Point x="916" y="1605"/>
	<Point x="915" y="1605"/>
	<Point x="915" y="1608"/>
	<Point x="913" y="1608"/>
	<Point x="913" y="1609"/>
	<Point x="908" y="1609"/>
	<Point x="908" y="1608"/>
	<Point x="907" y="1608"/>
	<Point x="907" y="1600"/>
	<Point x="768" y="1600"/>
	<Point x="768" y="1601"/>
	<Point x="707" y="1601"/>
	<Point x="707" y="1602"/>
	<Point x="661" y="1602"/>
	<Point x="661" y="1603"/>
	<Point x="640" y="1603"/>
	<Point x="640" y="1604"/>
	<Point x="606" y="1604"/>
	<Point x="606" y="1605"/>
	<Point x="596" y="1605"/>
	<Point x="596" y="1606"/>
	<Point x="546" y="1606"/>
	<Point x="546" y="1607"/>
	<Point x="545" y="1607"/>
	<Point x="545" y="1608"/>
	<Point x="483" y="1608"/>
	<Point x="483" y="1609"/>
	<Point x="456" y="1609"/>
	<Point x="456" y="1610"/>
	<Point x="374" y="1610"/>
	<Point x="374" y="1611"/>
	<Point x="271" y="1611"/>
	<Point x="271" y="1612"/>
	<Point x="270" y="1612"/>
	<Point x="270" y="1613"/>
	<Point x="227" y="1613"/>
	<Point x="227" y="1614"/>
	<Point x="218" y="1614"/>
	<Point x="218" y="1613"/>
	<Point x="216" y="1613"/>
	<Point x="216" y="1593"/>
	<Point x="217" y="1593"/>
	<Point x="217" y="1592"/>
	<Point x="261" y="1592"/>
	<Point x="261" y="1591"/>
	<Point x="286" y="1591"/>
	<Point x="286" y="1590"/>
	<Point x="288" y="1590"/>
	<Point x="288" y="1589"/>
	<Point x="360" y="1589"/>
	<Point x="360" y="1577"/>
	<Point x="435" y="1577"/>
	<Point x="435" y="1576"/>
	<Point x="459" y="1576"/>
	<Point x="459" y="1575"/>
	<Point x="607" y="1575"/>
	<Point x="607" y="1572"/>
	<Point x="612" y="1572"/>
	<Point x="612" y="1571"/>
	<Point x="710" y="1571"/>
	<Point x="710" y="1570"/>
	<Point x="712" y="1570"/>
	<Point x="712" y="1569"/>
	<Point x="713" y="1569"/>
	<Point x="713" y="1570"/>
	<Point x="715" y="1570"/>
	<Point x="715" y="1571"/>
	<Point x="716" y="1571"/>
	<Point x="716" y="1578"/>
	<Point x="836" y="1578"/>
	<Point x="836" y="1577"/>
	<Point x="881" y="1577"/>
	<Point x="881" y="1565"/>
	<Point x="883" y="1565"/>
	<Point x="883" y="1564"/>
	<Point x="929" y="1564"/>
	<Point x="929" y="1563"/>
	<Point x="930" y="1563"/>
	<Point x="930" y="1562"/>
	<Point x="957" y="1562"/>
	<Point x="957" y="1561"/>
	<Point x="1019" y="1561"/>
	<Point x="1019" y="1560"/>
	<Point x="1091" y="1560"/>
	<Point x="1091" y="1557"/>
	<Point x="1096" y="1557"/></Coords>
	<Word id="r226">
	<Coords>
	<Point x="288" y="1589"/>
	<Point x="304" y="1589"/>
	<Point x="304" y="1590"/>
	<Point x="305" y="1590"/>
	<Point x="305" y="1595"/>
	<Point x="304" y="1595"/>
	<Point x="304" y="1596"/>
	<Point x="301" y="1596"/>
	<Point x="301" y="1609"/>
	<Point x="300" y="1609"/>
	<Point x="300" y="1610"/>
	<Point x="296" y="1610"/>
	<Point x="296" y="1611"/>
	<Point x="271" y="1611"/>
	<Point x="271" y="1612"/>
	<Point x="270" y="1612"/>
	<Point x="270" y="1613"/>
	<Point x="227" y="1613"/>
	<Point x="227" y="1614"/>
	<Point x="218" y="1614"/>
	<Point x="218" y="1613"/>
	<Point x="216" y="1613"/>
	<Point x="216" y="1593"/>
	<Point x="217" y="1593"/>
	<Point x="217" y="1592"/>
	<Point x="261" y="1592"/>
	<Point x="261" y="1591"/>
	<Point x="286" y="1591"/>
	<Point x="286" y="1590"/>
	<Point x="288" y="1590"/></Coords>
	<TextEquiv>
	<PlainText></PlainText>
	<Unicode>DAT</Unicode></TextEquiv></Word>
	<Word id="r229">
	<Coords>
	<Point x="368" y="1577"/>
	<Point x="368" y="1589"/>
	<Point x="379" y="1589"/>
	<Point x="379" y="1590"/>
	<Point x="382" y="1590"/>
	<Point x="382" y="1593"/>
	<Point x="383" y="1593"/>
	<Point x="383" y="1594"/>
	<Point x="382" y="1594"/>
	<Point x="382" y="1596"/>
	<Point x="380" y="1596"/>
	<Point x="380" y="1597"/>
	<Point x="379" y="1597"/>
	<Point x="379" y="1607"/>
	<Point x="377" y="1607"/>
	<Point x="377" y="1608"/>
	<Point x="374" y="1608"/>
	<Point x="374" y="1611"/>
	<Point x="347" y="1611"/>
	<Point x="347" y="1610"/>
	<Point x="346" y="1610"/>
	<Point x="346" y="1609"/>
	<Point x="345" y="1609"/>
	<Point x="345" y="1604"/>
	<Point x="346" y="1604"/>
	<Point x="346" y="1602"/>
	<Point x="347" y="1602"/>
	<Point x="347" y="1599"/>
	<Point x="348" y="1599"/>
	<Point x="348" y="1598"/>
	<Point x="349" y="1598"/>
	<Point x="349" y="1597"/>
	<Point x="350" y="1597"/>
	<Point x="350" y="1595"/>
	<Point x="351" y="1595"/>
	<Point x="351" y="1594"/>
	<Point x="352" y="1594"/>
	<Point x="352" y="1593"/>
	<Point x="353" y="1593"/>
	<Point x="353" y="1592"/>
	<Point x="354" y="1592"/>
	<Point x="354" y="1591"/>
	<Point x="359" y="1591"/>
	<Point x="359" y="1590"/>
	<Point x="360" y="1590"/>
	<Point x="360" y="1577"/></Coords>
	<TextEquiv>
	<PlainText></PlainText>
	<Unicode>de</Unicode></TextEquiv></Word>
	<Word id="r230">
	<Coords>
	<Point x="459" y="1576"/>
	<Point x="460" y="1576"/>
	<Point x="460" y="1577"/>
	<Point x="461" y="1577"/>
	<Point x="461" y="1588"/>
	<Point x="472" y="1588"/>
	<Point x="472" y="1589"/>
	<Point x="473" y="1589"/>
	<Point x="473" y="1602"/>
	<Point x="483" y="1602"/>
	<Point x="483" y="1603"/>
	<Point x="484" y="1603"/>
	<Point x="484" y="1604"/>
	<Point x="485" y="1604"/>
	<Point x="485" y="1606"/>
	<Point x="484" y="1606"/>
	<Point x="484" y="1608"/>
	<Point x="483" y="1608"/>
	<Point x="483" y="1609"/>
	<Point x="456" y="1609"/>
	<Point x="456" y="1610"/>
	<Point x="456" y="1609"/>
	<Point x="417" y="1609"/>
	<Point x="417" y="1608"/>
	<Point x="420" y="1608"/>
	<Point x="420" y="1607"/>
	<Point x="421" y="1607"/>
	<Point x="421" y="1606"/>
	<Point x="422" y="1606"/>
	<Point x="422" y="1601"/>
	<Point x="423" y="1601"/>
	<Point x="423" y="1594"/>
	<Point x="425" y="1594"/>
	<Point x="425" y="1577"/>
	<Point x="435" y="1577"/>
	<Point x="435" y="1576"/>
	<Point x="459" y="1576"/>
	<Point x="459" y="1575"/></Coords>
	<TextEquiv>
	<PlainText></PlainText>
	<Unicode>Hr.</Unicode></TextEquiv></Word>
	<Word id="r231">
	<Coords>
	<Point x="551" y="1575"/>
	<Point x="551" y="1576"/>
	<Point x="552" y="1576"/>
	<Point x="552" y="1577"/>
	<Point x="553" y="1577"/>
	<Point x="553" y="1601"/>
	<Point x="561" y="1601"/>
	<Point x="561" y="1602"/>
	<Point x="562" y="1602"/>
	<Point x="562" y="1605"/>
	<Point x="561" y="1605"/>
	<Point x="561" y="1606"/>
	<Point x="546" y="1606"/>
	<Point x="546" y="1607"/>
	<Point x="545" y="1607"/>
	<Point x="545" y="1608"/>
	<Point x="516" y="1608"/>
	<Point x="516" y="1606"/>
	<Point x="521" y="1606"/>
	<Point x="521" y="1605"/>
	<Point x="522" y="1605"/>
	<Point x="522" y="1604"/>
	<Point x="523" y="1604"/>
	<Point x="523" y="1603"/>
	<Point x="524" y="1603"/>
	<Point x="524" y="1602"/>
	<Point x="525" y="1602"/>
	<Point x="525" y="1600"/>
	<Point x="527" y="1600"/>
	<Point x="527" y="1599"/>
	<Point x="528" y="1599"/>
	<Point x="528" y="1598"/>
	<Point x="529" y="1598"/>
	<Point x="529" y="1597"/>
	<Point x="530" y="1597"/>
	<Point x="530" y="1595"/>
	<Point x="531" y="1595"/>
	<Point x="531" y="1594"/>
	<Point x="532" y="1594"/>
	<Point x="532" y="1592"/>
	<Point x="533" y="1592"/>
	<Point x="533" y="1591"/>
	<Point x="534" y="1591"/>
	<Point x="534" y="1590"/>
	<Point x="535" y="1590"/>
	<Point x="535" y="1589"/>
	<Point x="536" y="1589"/>
	<Point x="536" y="1588"/>
	<Point x="537" y="1588"/>
	<Point x="537" y="1587"/>
	<Point x="538" y="1587"/>
	<Point x="538" y="1586"/>
	<Point x="539" y="1586"/>
	<Point x="539" y="1584"/>
	<Point x="540" y="1584"/>
	<Point x="540" y="1583"/>
	<Point x="541" y="1583"/>
	<Point x="541" y="1582"/>
	<Point x="542" y="1582"/>
	<Point x="542" y="1581"/>
	<Point x="543" y="1581"/>
	<Point x="543" y="1580"/>
	<Point x="544" y="1580"/>
	<Point x="544" y="1579"/>
	<Point x="545" y="1579"/>
	<Point x="545" y="1578"/>
	<Point x="546" y="1578"/>
	<Point x="546" y="1577"/>
	<Point x="548" y="1577"/>
	<Point x="548" y="1576"/>
	<Point x="550" y="1576"/>
	<Point x="550" y="1575"/></Coords>
	<TextEquiv>
	<PlainText></PlainText>
	<Unicode>A.</Unicode></TextEquiv></Word>
	<Word id="r232">
	<Coords>
	<Point x="614" y="1571"/>
	<Point x="614" y="1572"/>
	<Point x="615" y="1572"/>
	<Point x="615" y="1573"/>
	<Point x="616" y="1573"/>
	<Point x="616" y="1580"/>
	<Point x="677" y="1580"/>
	<Point x="677" y="1585"/>
	<Point x="676" y="1585"/>
	<Point x="676" y="1586"/>
	<Point x="670" y="1586"/>
	<Point x="670" y="1588"/>
	<Point x="669" y="1588"/>
	<Point x="669" y="1589"/>
	<Point x="668" y="1589"/>
	<Point x="668" y="1591"/>
	<Point x="667" y="1591"/>
	<Point x="667" y="1594"/>
	<Point x="666" y="1594"/>
	<Point x="666" y="1595"/>
	<Point x="665" y="1595"/>
	<Point x="665" y="1597"/>
	<Point x="664" y="1597"/>
	<Point x="664" y="1600"/>
	<Point x="663" y="1600"/>
	<Point x="663" y="1601"/>
	<Point x="662" y="1601"/>
	<Point x="662" y="1602"/>
	<Point x="661" y="1602"/>
	<Point x="661" y="1603"/>
	<Point x="640" y="1603"/>
	<Point x="640" y="1604"/>
	<Point x="606" y="1604"/>
	<Point x="606" y="1605"/>
	<Point x="596" y="1605"/>
	<Point x="596" y="1606"/>
	<Point x="594" y="1606"/>
	<Point x="594" y="1605"/>
	<Point x="593" y="1605"/>
	<Point x="593" y="1596"/>
	<Point x="594" y="1596"/>
	<Point x="594" y="1595"/>
	<Point x="595" y="1595"/>
	<Point x="595" y="1594"/>
	<Point x="596" y="1594"/>
	<Point x="596" y="1592"/>
	<Point x="597" y="1592"/>
	<Point x="597" y="1590"/>
	<Point x="599" y="1590"/>
	<Point x="599" y="1589"/>
	<Point x="600" y="1589"/>
	<Point x="600" y="1588"/>
	<Point x="601" y="1588"/>
	<Point x="601" y="1586"/>
	<Point x="604" y="1586"/>
	<Point x="604" y="1585"/>
	<Point x="607" y="1585"/>
	<Point x="607" y="1572"/>
	<Point x="612" y="1572"/>
	<Point x="612" y="1571"/></Coords>
	<TextEquiv>
	<PlainText></PlainText>
	<Unicode>daar</Unicode></TextEquiv></Word>
	<Word id="r233">
	<Coords>
	<Point x="713" y="1569"/>
	<Point x="713" y="1570"/>
	<Point x="715" y="1570"/>
	<Point x="715" y="1571"/>
	<Point x="716" y="1571"/>
	<Point x="716" y="1580"/>
	<Point x="737" y="1580"/>
	<Point x="737" y="1582"/>
	<Point x="738" y="1582"/>
	<Point x="738" y="1595"/>
	<Point x="736" y="1595"/>
	<Point x="736" y="1596"/>
	<Point x="735" y="1596"/>
	<Point x="735" y="1597"/>
	<Point x="734" y="1597"/>
	<Point x="734" y="1598"/>
	<Point x="733" y="1598"/>
	<Point x="733" y="1599"/>
	<Point x="732" y="1599"/>
	<Point x="732" y="1600"/>
	<Point x="720" y="1600"/>
	<Point x="720" y="1601"/>
	<Point x="707" y="1601"/>
	<Point x="707" y="1602"/>
	<Point x="705" y="1602"/>
	<Point x="705" y="1601"/>
	<Point x="704" y="1601"/>
	<Point x="704" y="1598"/>
	<Point x="705" y="1598"/>
	<Point x="705" y="1586"/>
	<Point x="706" y="1586"/>
	<Point x="706" y="1585"/>
	<Point x="707" y="1585"/>
	<Point x="707" y="1584"/>
	<Point x="708" y="1584"/>
	<Point x="708" y="1583"/>
	<Point x="709" y="1583"/>
	<Point x="709" y="1572"/>
	<Point x="710" y="1572"/>
	<Point x="710" y="1570"/>
	<Point x="712" y="1570"/>
	<Point x="712" y="1569"/></Coords>
	<TextEquiv>
	<PlainText></PlainText>
	<Unicode>in</Unicode></TextEquiv></Word>
	<Word id="r234">
	<Coords>
	<Point x="848" y="1577"/>
	<Point x="848" y="1578"/>
	<Point x="849" y="1578"/>
	<Point x="849" y="1580"/>
	<Point x="848" y="1580"/>
	<Point x="848" y="1581"/>
	<Point x="843" y="1581"/>
	<Point x="843" y="1582"/>
	<Point x="842" y="1582"/>
	<Point x="842" y="1584"/>
	<Point x="841" y="1584"/>
	<Point x="841" y="1588"/>
	<Point x="840" y="1588"/>
	<Point x="840" y="1589"/>
	<Point x="839" y="1589"/>
	<Point x="839" y="1590"/>
	<Point x="838" y="1590"/>
	<Point x="838" y="1591"/>
	<Point x="837" y="1591"/>
	<Point x="837" y="1594"/>
	<Point x="836" y="1594"/>
	<Point x="836" y="1596"/>
	<Point x="835" y="1596"/>
	<Point x="835" y="1598"/>
	<Point x="834" y="1598"/>
	<Point x="834" y="1599"/>
	<Point x="816" y="1599"/>
	<Point x="816" y="1600"/>
	<Point x="768" y="1600"/>
	<Point x="768" y="1601"/>
	<Point x="767" y="1601"/>
	<Point x="767" y="1600"/>
	<Point x="766" y="1600"/>
	<Point x="766" y="1598"/>
	<Point x="765" y="1598"/>
	<Point x="765" y="1587"/>
	<Point x="764" y="1587"/>
	<Point x="764" y="1585"/>
	<Point x="766" y="1585"/>
	<Point x="766" y="1583"/>
	<Point x="767" y="1583"/>
	<Point x="767" y="1581"/>
	<Point x="769" y="1581"/>
	<Point x="769" y="1580"/>
	<Point x="770" y="1580"/>
	<Point x="770" y="1579"/>
	<Point x="782" y="1579"/>
	<Point x="782" y="1578"/>
	<Point x="836" y="1578"/>
	<Point x="836" y="1577"/></Coords>
	<TextEquiv>
	<PlainText></PlainText>
	<Unicode>meer</Unicode></TextEquiv></Word>
	<Word id="r235">
	<Coords>
	<Point x="1022" y="1560"/>
	<Point x="1022" y="1561"/>
	<Point x="1023" y="1561"/>
	<Point x="1023" y="1570"/>
	<Point x="1048" y="1570"/>
	<Point x="1048" y="1571"/>
	<Point x="1059" y="1571"/>
	<Point x="1059" y="1583"/>
	<Point x="1060" y="1583"/>
	<Point x="1060" y="1585"/>
	<Point x="1059" y="1585"/>
	<Point x="1059" y="1586"/>
	<Point x="1057" y="1586"/>
	<Point x="1057" y="1588"/>
	<Point x="1056" y="1588"/>
	<Point x="1056" y="1589"/>
	<Point x="1055" y="1589"/>
	<Point x="1055" y="1591"/>
	<Point x="1054" y="1591"/>
	<Point x="1054" y="1592"/>
	<Point x="1027" y="1592"/>
	<Point x="1027" y="1593"/>
	<Point x="1012" y="1593"/>
	<Point x="1012" y="1594"/>
	<Point x="989" y="1594"/>
	<Point x="989" y="1595"/>
	<Point x="935" y="1595"/>
	<Point x="935" y="1596"/>
	<Point x="934" y="1596"/>
	<Point x="934" y="1597"/>
	<Point x="918" y="1597"/>
	<Point x="918" y="1599"/>
	<Point x="917" y="1599"/>
	<Point x="917" y="1603"/>
	<Point x="916" y="1603"/>
	<Point x="916" y="1605"/>
	<Point x="915" y="1605"/>
	<Point x="915" y="1608"/>
	<Point x="913" y="1608"/>
	<Point x="913" y="1609"/>
	<Point x="908" y="1609"/>
	<Point x="908" y="1608"/>
	<Point x="907" y="1608"/>
	<Point x="907" y="1597"/>
	<Point x="879" y="1597"/>
	<Point x="879" y="1596"/>
	<Point x="878" y="1596"/>
	<Point x="878" y="1595"/>
	<Point x="877" y="1595"/>
	<Point x="877" y="1591"/>
	<Point x="878" y="1591"/>
	<Point x="878" y="1588"/>
	<Point x="879" y="1588"/>
	<Point x="879" y="1584"/>
	<Point x="880" y="1584"/>
	<Point x="880" y="1583"/>
	<Point x="881" y="1583"/>
	<Point x="881" y="1565"/>
	<Point x="883" y="1565"/>
	<Point x="883" y="1564"/>
	<Point x="929" y="1564"/>
	<Point x="929" y="1563"/>
	<Point x="930" y="1563"/>
	<Point x="930" y="1562"/>
	<Point x="957" y="1562"/>
	<Point x="957" y="1561"/>
	<Point x="1019" y="1561"/>
	<Point x="1019" y="1560"/></Coords>
	<TextEquiv>
	<PlainText></PlainText>
	<Unicode>beſcheiden</Unicode></TextEquiv></Word>
	<Word id="r236">
	<Coords>
	<Point x="1153" y="1556"/>
	<Point x="1153" y="1560"/>
	<Point x="1155" y="1560"/>
	<Point x="1155" y="1563"/>
	<Point x="1154" y="1563"/>
	<Point x="1154" y="1565"/>
	<Point x="1153" y="1565"/>
	<Point x="1153" y="1566"/>
	<Point x="1152" y="1566"/>
	<Point x="1152" y="1583"/>
	<Point x="1151" y="1583"/>
	<Point x="1151" y="1584"/>
	<Point x="1150" y="1584"/>
	<Point x="1150" y="1586"/>
	<Point x="1149" y="1586"/>
	<Point x="1149" y="1587"/>
	<Point x="1148" y="1587"/>
	<Point x="1148" y="1588"/>
	<Point x="1147" y="1588"/>
	<Point x="1147" y="1589"/>
	<Point x="1146" y="1589"/>
	<Point x="1146" y="1590"/>
	<Point x="1113" y="1590"/>
	<Point x="1113" y="1591"/>
	<Point x="1087" y="1591"/>
	<Point x="1087" y="1590"/>
	<Point x="1086" y="1590"/>
	<Point x="1086" y="1587"/>
	<Point x="1087" y="1587"/>
	<Point x="1087" y="1582"/>
	<Point x="1088" y="1582"/>
	<Point x="1088" y="1579"/>
	<Point x="1089" y="1579"/>
	<Point x="1089" y="1577"/>
	<Point x="1090" y="1577"/>
	<Point x="1090" y="1573"/>
	<Point x="1091" y="1573"/>
	<Point x="1091" y="1557"/>
	<Point x="1096" y="1557"/>
	<Point x="1096" y="1556"/></Coords>
	<TextEquiv>
	<PlainText></PlainText>
	<Unicode>had</Unicode></TextEquiv></Word>
	<TextEquiv>
	<PlainText></PlainText>
	<Unicode>DAT de Hr. A. daar in meer beſcheiden had</Unicode></TextEquiv></TextLine>
	<TextLine id="r49">
	<Coords>
	<Point x="719" y="1631"/>
	<Point x="731" y="1631"/>
	<Point x="731" y="1632"/>
	<Point x="734" y="1632"/>
	<Point x="734" y="1633"/>
	<Point x="735" y="1633"/>
	<Point x="735" y="1635"/>
	<Point x="736" y="1635"/>
	<Point x="736" y="1637"/>
	<Point x="737" y="1637"/>
	<Point x="737" y="1659"/>
	<Point x="749" y="1659"/>
	<Point x="749" y="1660"/>
	<Point x="751" y="1660"/>
	<Point x="751" y="1663"/>
	<Point x="752" y="1663"/>
	<Point x="751" y="1663"/>
	<Point x="751" y="1664"/>
	<Point x="750" y="1664"/>
	<Point x="750" y="1665"/>
	<Point x="748" y="1665"/>
	<Point x="748" y="1666"/>
	<Point x="708" y="1666"/>
	<Point x="708" y="1677"/>
	<Point x="707" y="1677"/>
	<Point x="707" y="1678"/>
	<Point x="704" y="1678"/>
	<Point x="704" y="1668"/>
	<Point x="578" y="1668"/>
	<Point x="578" y="1670"/>
	<Point x="520" y="1670"/>
	<Point x="520" y="1671"/>
	<Point x="507" y="1671"/>
	<Point x="507" y="1672"/>
	<Point x="445" y="1672"/>
	<Point x="445" y="1673"/>
	<Point x="374" y="1673"/>
	<Point x="374" y="1674"/>
	<Point x="353" y="1674"/>
	<Point x="353" y="1675"/>
	<Point x="316" y="1675"/>
	<Point x="316" y="1676"/>
	<Point x="306" y="1676"/>
	<Point x="306" y="1677"/>
	<Point x="271" y="1677"/>
	<Point x="271" y="1678"/>
	<Point x="220" y="1678"/>
	<Point x="220" y="1679"/>
	<Point x="198" y="1679"/>
	<Point x="198" y="1680"/>
	<Point x="173" y="1680"/>
	<Point x="173" y="1681"/>
	<Point x="171" y="1681"/>
	<Point x="171" y="1671"/>
	<Point x="172" y="1671"/>
	<Point x="172" y="1670"/>
	<Point x="173" y="1670"/>
	<Point x="173" y="1663"/>
	<Point x="174" y="1663"/>
	<Point x="174" y="1662"/>
	<Point x="175" y="1662"/>
	<Point x="175" y="1649"/>
	<Point x="176" y="1649"/>
	<Point x="176" y="1648"/>
	<Point x="177" y="1648"/>
	<Point x="177" y="1647"/>
	<Point x="214" y="1647"/>
	<Point x="214" y="1646"/>
	<Point x="216" y="1646"/>
	<Point x="216" y="1645"/>
	<Point x="222" y="1645"/>
	<Point x="222" y="1647"/>
	<Point x="223" y="1647"/>
	<Point x="223" y="1654"/>
	<Point x="358" y="1654"/>
	<Point x="358" y="1653"/>
	<Point x="359" y="1653"/>
	<Point x="359" y="1649"/>
	<Point x="361" y="1649"/>
	<Point x="361" y="1648"/>
	<Point x="415" y="1648"/>
	<Point x="415" y="1639"/>
	<Point x="491" y="1639"/>
	<Point x="491" y="1638"/>
	<Point x="492" y="1638"/>
	<Point x="492" y="1637"/>
	<Point x="494" y="1637"/>
	<Point x="494" y="1638"/>
	<Point x="614" y="1638"/>
	<Point x="614" y="1637"/>
	<Point x="616" y="1637"/>
	<Point x="616" y="1636"/>
	<Point x="638" y="1636"/>
	<Point x="638" y="1634"/>
	<Point x="718" y="1634"/>
	<Point x="718" y="1633"/>
	<Point x="719" y="1633"/></Coords>
	<Word id="r237">
	<Coords>
	<Point x="222" y="1645"/>
	<Point x="222" y="1647"/>
	<Point x="223" y="1647"/>
	<Point x="223" y="1654"/>
	<Point x="322" y="1654"/>
	<Point x="322" y="1655"/>
	<Point x="323" y="1655"/>
	<Point x="323" y="1666"/>
	<Point x="324" y="1666"/>
	<Point x="324" y="1670"/>
	<Point x="323" y="1670"/>
	<Point x="323" y="1671"/>
	<Point x="322" y="1671"/>
	<Point x="322" y="1672"/>
	<Point x="321" y="1672"/>
	<Point x="321" y="1673"/>
	<Point x="320" y="1673"/>
	<Point x="320" y="1674"/>
	<Point x="319" y="1674"/>
	<Point x="319" y="1675"/>
	<Point x="316" y="1675"/>
	<Point x="316" y="1676"/>
	<Point x="306" y="1676"/>
	<Point x="306" y="1677"/>
	<Point x="271" y="1677"/>
	<Point x="271" y="1678"/>
	<Point x="220" y="1678"/>
	<Point x="220" y="1679"/>
	<Point x="198" y="1679"/>
	<Point x="198" y="1680"/>
	<Point x="173" y="1680"/>
	<Point x="173" y="1681"/>
	<Point x="171" y="1681"/>
	<Point x="171" y="1671"/>
	<Point x="172" y="1671"/>
	<Point x="172" y="1670"/>
	<Point x="173" y="1670"/>
	<Point x="173" y="1663"/>
	<Point x="174" y="1663"/>
	<Point x="174" y="1662"/>
	<Point x="175" y="1662"/>
	<Point x="175" y="1649"/>
	<Point x="176" y="1649"/>
	<Point x="176" y="1648"/>
	<Point x="177" y="1648"/>
	<Point x="177" y="1647"/>
	<Point x="214" y="1647"/>
	<Point x="214" y="1646"/>
	<Point x="216" y="1646"/>
	<Point x="216" y="1645"/></Coords>
	<TextEquiv>
	<PlainText></PlainText>
	<Unicode>behooren</Unicode></TextEquiv></Word>
	<Word id="r238">
	<Coords>
	<Point x="364" y="1648"/>
	<Point x="364" y="1653"/>
	<Point x="380" y="1653"/>
	<Point x="380" y="1654"/>
	<Point x="381" y="1654"/>
	<Point x="381" y="1655"/>
	<Point x="382" y="1655"/>
	<Point x="382" y="1659"/>
	<Point x="381" y="1659"/>
	<Point x="381" y="1660"/>
	<Point x="380" y="1660"/>
	<Point x="380" y="1661"/>
	<Point x="379" y="1661"/>
	<Point x="379" y="1669"/>
	<Point x="378" y="1669"/>
	<Point x="378" y="1671"/>
	<Point x="377" y="1671"/>
	<Point x="377" y="1672"/>
	<Point x="376" y="1672"/>
	<Point x="376" y="1673"/>
	<Point x="374" y="1673"/>
	<Point x="374" y="1674"/>
	<Point x="353" y="1674"/>
	<Point x="353" y="1675"/>
	<Point x="353" y="1672"/>
	<Point x="352" y="1672"/>
	<Point x="352" y="1670"/>
	<Point x="353" y="1670"/>
	<Point x="353" y="1668"/>
	<Point x="354" y="1668"/>
	<Point x="354" y="1654"/>
	<Point x="358" y="1654"/>
	<Point x="358" y="1653"/>
	<Point x="359" y="1653"/>
	<Point x="359" y="1649"/>
	<Point x="361" y="1649"/>
	<Point x="361" y="1648"/></Coords>
	<TextEquiv>
	<PlainText></PlainText>
	<Unicode>te</Unicode></TextEquiv></Word>
	<Word id="r239">
	<Coords>
	<Point x="494" y="1637"/>
	<Point x="494" y="1638"/>
	<Point x="529" y="1638"/>
	<Point x="529" y="1649"/>
	<Point x="566" y="1649"/>
	<Point x="566" y="1650"/>
	<Point x="567" y="1650"/>
	<Point x="567" y="1662"/>
	<Point x="568" y="1662"/>
	<Point x="568" y="1664"/>
	<Point x="578" y="1664"/>
	<Point x="578" y="1665"/>
	<Point x="579" y="1665"/>
	<Point x="579" y="1668"/>
	<Point x="578" y="1668"/>
	<Point x="578" y="1670"/>
	<Point x="520" y="1670"/>
	<Point x="520" y="1671"/>
	<Point x="507" y="1671"/>
	<Point x="507" y="1672"/>
	<Point x="445" y="1672"/>
	<Point x="445" y="1673"/>
	<Point x="435" y="1673"/>
	<Point x="435" y="1672"/>
	<Point x="409" y="1672"/>
	<Point x="409" y="1671"/>
	<Point x="410" y="1671"/>
	<Point x="410" y="1667"/>
	<Point x="411" y="1667"/>
	<Point x="411" y="1664"/>
	<Point x="412" y="1664"/>
	<Point x="412" y="1661"/>
	<Point x="413" y="1661"/>
	<Point x="413" y="1660"/>
	<Point x="414" y="1660"/>
	<Point x="414" y="1658"/>
	<Point x="415" y="1658"/>
	<Point x="415" y="1639"/>
	<Point x="491" y="1639"/>
	<Point x="491" y="1638"/>
	<Point x="492" y="1638"/>
	<Point x="492" y="1637"/></Coords>
	<TextEquiv>
	<PlainText></PlainText>
	<Unicode>handelen.</Unicode></TextEquiv></Word>
	<Word id="r240">
	<Coords>
	<Point x="638" y="1634"/>
	<Point x="643" y="1634"/>
	<Point x="643" y="1635"/>
	<Point x="644" y="1635"/>
	<Point x="644" y="1662"/>
	<Point x="655" y="1662"/>
	<Point x="655" y="1664"/>
	<Point x="656" y="1664"/>
	<Point x="656" y="1665"/>
	<Point x="655" y="1665"/>
	<Point x="655" y="1666"/>
	<Point x="646" y="1666"/>
	<Point x="646" y="1667"/>
	<Point x="629" y="1667"/>
	<Point x="629" y="1668"/>
	<Point x="618" y="1668"/>
	<Point x="618" y="1666"/>
	<Point x="616" y="1666"/>
	<Point x="616" y="1639"/>
	<Point x="613" y="1639"/>
	<Point x="614" y="1639"/>
	<Point x="614" y="1637"/>
	<Point x="616" y="1637"/>
	<Point x="616" y="1636"/>
	<Point x="638" y="1636"/></Coords>
	<TextEquiv>
	<PlainText></PlainText>
	<Unicode>bl.</Unicode></TextEquiv></Word>
	<Word id="r242">
	<Coords>
	<Point x="719" y="1631"/>
	<Point x="731" y="1631"/>
	<Point x="731" y="1632"/>
	<Point x="734" y="1632"/>
	<Point x="734" y="1633"/>
	<Point x="735" y="1633"/>
	<Point x="735" y="1635"/>
	<Point x="736" y="1635"/>
	<Point x="736" y="1637"/>
	<Point x="737" y="1637"/>
	<Point x="737" y="1659"/>
	<Point x="749" y="1659"/>
	<Point x="749" y="1660"/>
	<Point x="751" y="1660"/>
	<Point x="751" y="1663"/>
	<Point x="752" y="1663"/>
	<Point x="751" y="1663"/>
	<Point x="751" y="1664"/>
	<Point x="750" y="1664"/>
	<Point x="750" y="1665"/>
	<Point x="748" y="1665"/>
	<Point x="748" y="1666"/>
	<Point x="708" y="1666"/>
	<Point x="708" y="1677"/>
	<Point x="707" y="1677"/>
	<Point x="707" y="1678"/>
	<Point x="704" y="1678"/>
	<Point x="704" y="1666"/>
	<Point x="690" y="1666"/>
	<Point x="690" y="1663"/>
	<Point x="691" y="1663"/>
	<Point x="691" y="1662"/>
	<Point x="692" y="1662"/>
	<Point x="692" y="1661"/>
	<Point x="694" y="1661"/>
	<Point x="694" y="1659"/>
	<Point x="695" y="1659"/>
	<Point x="695" y="1658"/>
	<Point x="696" y="1658"/>
	<Point x="696" y="1657"/>
	<Point x="697" y="1657"/>
	<Point x="697" y="1655"/>
	<Point x="698" y="1655"/>
	<Point x="698" y="1654"/>
	<Point x="699" y="1654"/>
	<Point x="699" y="1652"/>
	<Point x="700" y="1652"/>
	<Point x="700" y="1651"/>
	<Point x="701" y="1651"/>
	<Point x="701" y="1650"/>
	<Point x="702" y="1650"/>
	<Point x="702" y="1649"/>
	<Point x="703" y="1649"/>
	<Point x="703" y="1646"/>
	<Point x="704" y="1646"/>
	<Point x="704" y="1645"/>
	<Point x="705" y="1645"/>
	<Point x="705" y="1644"/>
	<Point x="706" y="1644"/>
	<Point x="706" y="1643"/>
	<Point x="717" y="1643"/>
	<Point x="717" y="1634"/>
	<Point x="718" y="1634"/>
	<Point x="718" y="1633"/>
	<Point x="719" y="1633"/></Coords>
	<TextEquiv>
	<PlainText></PlainText>
	<Unicode>48.</Unicode></TextEquiv></Word>
	<TextEquiv>
	<PlainText></PlainText>
	<Unicode>behooren te handelen. bl. 48.</Unicode></TextEquiv></TextLine>
	<TextEquiv>
	<PlainText></PlainText>
	<Unicode>DAT de Hr. A. daar in meer beſcheiden had
behooren te handelen. bl. 48.</Unicode></TextEquiv></TextRegion>
	<TextRegion id="r42" type="paragraph">
	<Coords>
	<Point x="1175" y="1652"/>
	<Point x="1175" y="1776"/>
	<Point x="956" y="1776"/>
	<Point x="956" y="1777"/>
	<Point x="955" y="1777"/>
	<Point x="955" y="1778"/>
	<Point x="954" y="1778"/>
	<Point x="954" y="1779"/>
	<Point x="953" y="1779"/>
	<Point x="953" y="1780"/>
	<Point x="952" y="1780"/>
	<Point x="952" y="1781"/>
	<Point x="951" y="1781"/>
	<Point x="951" y="1782"/>
	<Point x="950" y="1782"/>
	<Point x="950" y="1783"/>
	<Point x="949" y="1783"/>
	<Point x="949" y="1784"/>
	<Point x="948" y="1784"/>
	<Point x="948" y="1785"/>
	<Point x="947" y="1785"/>
	<Point x="947" y="1786"/>
	<Point x="946" y="1786"/>
	<Point x="946" y="1787"/>
	<Point x="945" y="1787"/>
	<Point x="945" y="1788"/>
	<Point x="944" y="1788"/>
	<Point x="944" y="1789"/>
	<Point x="943" y="1789"/>
	<Point x="943" y="1790"/>
	<Point x="942" y="1790"/>
	<Point x="942" y="1791"/>
	<Point x="941" y="1791"/>
	<Point x="941" y="1792"/>
	<Point x="940" y="1792"/>
	<Point x="940" y="1793"/>
	<Point x="939" y="1793"/>
	<Point x="939" y="1794"/>
	<Point x="938" y="1794"/>
	<Point x="938" y="1795"/>
	<Point x="937" y="1795"/>
	<Point x="937" y="1796"/>
	<Point x="936" y="1796"/>
	<Point x="936" y="1797"/>
	<Point x="935" y="1797"/>
	<Point x="935" y="1798"/>
	<Point x="934" y="1798"/>
	<Point x="934" y="1799"/>
	<Point x="933" y="1799"/>
	<Point x="933" y="1800"/>
	<Point x="932" y="1800"/>
	<Point x="932" y="1801"/>
	<Point x="931" y="1801"/>
	<Point x="931" y="1802"/>
	<Point x="930" y="1802"/>
	<Point x="930" y="1803"/>
	<Point x="929" y="1803"/>
	<Point x="929" y="1804"/>
	<Point x="928" y="1804"/>
	<Point x="928" y="1805"/>
	<Point x="927" y="1805"/>
	<Point x="927" y="1806"/>
	<Point x="926" y="1806"/>
	<Point x="926" y="1807"/>
	<Point x="925" y="1807"/>
	<Point x="925" y="1808"/>
	<Point x="924" y="1808"/>
	<Point x="924" y="1809"/>
	<Point x="923" y="1809"/>
	<Point x="923" y="1810"/>
	<Point x="922" y="1810"/>
	<Point x="922" y="1811"/>
	<Point x="921" y="1811"/>
	<Point x="921" y="1812"/>
	<Point x="920" y="1812"/>
	<Point x="920" y="1813"/>
	<Point x="919" y="1813"/>
	<Point x="919" y="1814"/>
	<Point x="441" y="1814"/>
	<Point x="441" y="1815"/>
	<Point x="439" y="1815"/>
	<Point x="439" y="1816"/>
	<Point x="437" y="1816"/>
	<Point x="437" y="1817"/>
	<Point x="434" y="1817"/>
	<Point x="434" y="1818"/>
	<Point x="432" y="1818"/>
	<Point x="432" y="1819"/>
	<Point x="429" y="1819"/>
	<Point x="429" y="1820"/>
	<Point x="427" y="1820"/>
	<Point x="427" y="1821"/>
	<Point x="424" y="1821"/>
	<Point x="424" y="1822"/>
	<Point x="422" y="1822"/>
	<Point x="422" y="1823"/>
	<Point x="419" y="1823"/>
	<Point x="419" y="1824"/>
	<Point x="417" y="1824"/>
	<Point x="417" y="1825"/>
	<Point x="414" y="1825"/>
	<Point x="414" y="1826"/>
	<Point x="412" y="1826"/>
	<Point x="412" y="1827"/>
	<Point x="409" y="1827"/>
	<Point x="409" y="1828"/>
	<Point x="407" y="1828"/>
	<Point x="407" y="1829"/>
	<Point x="135" y="1829"/>
	<Point x="135" y="1696"/>
	<Point x="690" y="1696"/>
	<Point x="690" y="1695"/>
	<Point x="742" y="1695"/>
	<Point x="742" y="1694"/>
	<Point x="743" y="1694"/>
	<Point x="743" y="1693"/>
	<Point x="745" y="1693"/>
	<Point x="745" y="1692"/>
	<Point x="746" y="1692"/>
	<Point x="746" y="1691"/>
	<Point x="748" y="1691"/>
	<Point x="748" y="1690"/>
	<Point x="749" y="1690"/>
	<Point x="749" y="1689"/>
	<Point x="751" y="1689"/>
	<Point x="751" y="1688"/>
	<Point x="752" y="1688"/>
	<Point x="752" y="1687"/>
	<Point x="754" y="1687"/>
	<Point x="754" y="1686"/>
	<Point x="755" y="1686"/>
	<Point x="755" y="1685"/>
	<Point x="757" y="1685"/>
	<Point x="757" y="1684"/>
	<Point x="758" y="1684"/>
	<Point x="758" y="1683"/>
	<Point x="760" y="1683"/>
	<Point x="760" y="1682"/>
	<Point x="761" y="1682"/>
	<Point x="761" y="1681"/>
	<Point x="763" y="1681"/>
	<Point x="763" y="1680"/>
	<Point x="764" y="1680"/>
	<Point x="764" y="1679"/>
	<Point x="766" y="1679"/>
	<Point x="766" y="1678"/>
	<Point x="767" y="1678"/>
	<Point x="767" y="1677"/>
	<Point x="769" y="1677"/>
	<Point x="769" y="1676"/>
	<Point x="770" y="1676"/>
	<Point x="770" y="1675"/>
	<Point x="772" y="1675"/>
	<Point x="772" y="1674"/>
	<Point x="773" y="1674"/>
	<Point x="773" y="1673"/>
	<Point x="775" y="1673"/>
	<Point x="775" y="1672"/>
	<Point x="777" y="1672"/>
	<Point x="777" y="1671"/>
	<Point x="778" y="1671"/>
	<Point x="778" y="1670"/>
	<Point x="780" y="1670"/>
	<Point x="780" y="1669"/>
	<Point x="781" y="1669"/>
	<Point x="781" y="1668"/>
	<Point x="783" y="1668"/>
	<Point x="783" y="1667"/>
	<Point x="784" y="1667"/>
	<Point x="784" y="1666"/>
	<Point x="786" y="1666"/>
	<Point x="786" y="1665"/>
	<Point x="787" y="1665"/>
	<Point x="787" y="1664"/>
	<Point x="789" y="1664"/>
	<Point x="789" y="1663"/>
	<Point x="790" y="1663"/>
	<Point x="790" y="1662"/>
	<Point x="792" y="1662"/>
	<Point x="792" y="1661"/>
	<Point x="793" y="1661"/>
	<Point x="793" y="1660"/>
	<Point x="795" y="1660"/>
	<Point x="795" y="1659"/>
	<Point x="796" y="1659"/>
	<Point x="796" y="1658"/>
	<Point x="798" y="1658"/>
	<Point x="798" y="1657"/>
	<Point x="799" y="1657"/>
	<Point x="799" y="1656"/>
	<Point x="801" y="1656"/>
	<Point x="801" y="1655"/>
	<Point x="802" y="1655"/>
	<Point x="802" y="1654"/>
	<Point x="804" y="1654"/>
	<Point x="804" y="1653"/>
	<Point x="805" y="1653"/>
	<Point x="805" y="1652"/></Coords>
	<TextLine id="r50">
	<Coords>
	<Point x="1139" y="1684"/>
	<Point x="1144" y="1684"/>
	<Point x="1144" y="1685"/>
	<Point x="1145" y="1685"/>
	<Point x="1145" y="1686"/>
	<Point x="1147" y="1686"/>
	<Point x="1147" y="1691"/>
	<Point x="1151" y="1691"/>
	<Point x="1151" y="1698"/>
	<Point x="1153" y="1698"/>
	<Point x="1153" y="1702"/>
	<Point x="1151" y="1702"/>
	<Point x="1151" y="1712"/>
	<Point x="1150" y="1712"/>
	<Point x="1150" y="1713"/>
	<Point x="1149" y="1713"/>
	<Point x="1149" y="1714"/>
	<Point x="1147" y="1714"/>
	<Point x="1147" y="1716"/>
	<Point x="1144" y="1716"/>
	<Point x="1144" y="1717"/>
	<Point x="1141" y="1717"/>
	<Point x="1141" y="1718"/>
	<Point x="1129" y="1718"/>
	<Point x="1129" y="1719"/>
	<Point x="1128" y="1719"/>
	<Point x="1128" y="1722"/>
	<Point x="1127" y="1722"/>
	<Point x="1127" y="1724"/>
	<Point x="1126" y="1724"/>
	<Point x="1126" y="1729"/>
	<Point x="1125" y="1729"/>
	<Point x="1125" y="1730"/>
	<Point x="1124" y="1730"/>
	<Point x="1124" y="1731"/>
	<Point x="1122" y="1731"/>
	<Point x="1122" y="1730"/>
	<Point x="1118" y="1730"/>
	<Point x="1118" y="1723"/>
	<Point x="909" y="1723"/>
	<Point x="909" y="1724"/>
	<Point x="848" y="1724"/>
	<Point x="848" y="1725"/>
	<Point x="844" y="1725"/>
	<Point x="844" y="1737"/>
	<Point x="838" y="1737"/>
	<Point x="838" y="1738"/>
	<Point x="836" y="1738"/>
	<Point x="836" y="1737"/>
	<Point x="835" y="1737"/>
	<Point x="835" y="1731"/>
	<Point x="694" y="1731"/>
	<Point x="694" y="1741"/>
	<Point x="693" y="1741"/>
	<Point x="693" y="1742"/>
	<Point x="692" y="1742"/>
	<Point x="692" y="1743"/>
	<Point x="690" y="1743"/>
	<Point x="690" y="1744"/>
	<Point x="678" y="1744"/>
	<Point x="678" y="1743"/>
	<Point x="676" y="1743"/>
	<Point x="676" y="1742"/>
	<Point x="675" y="1742"/>
	<Point x="675" y="1741"/>
	<Point x="674" y="1741"/>
	<Point x="674" y="1734"/>
	<Point x="547" y="1734"/>
	<Point x="547" y="1735"/>
	<Point x="524" y="1735"/>
	<Point x="524" y="1736"/>
	<Point x="452" y="1736"/>
	<Point x="452" y="1737"/>
	<Point x="437" y="1737"/>
	<Point x="437" y="1740"/>
	<Point x="436" y="1740"/>
	<Point x="436" y="1745"/>
	<Point x="435" y="1745"/>
	<Point x="435" y="1746"/>
	<Point x="434" y="1746"/>
	<Point x="434" y="1747"/>
	<Point x="433" y="1747"/>
	<Point x="433" y="1748"/>
	<Point x="429" y="1748"/>
	<Point x="429" y="1747"/>
	<Point x="428" y="1747"/>
	<Point x="428" y="1738"/>
	<Point x="299" y="1738"/>
	<Point x="299" y="1739"/>
	<Point x="270" y="1739"/>
	<Point x="270" y="1740"/>
	<Point x="257" y="1740"/>
	<Point x="257" y="1741"/>
	<Point x="231" y="1741"/>
	<Point x="231" y="1742"/>
	<Point x="216" y="1742"/>
	<Point x="216" y="1722"/>
	<Point x="215" y="1722"/>
	<Point x="216" y="1722"/>
	<Point x="216" y="1721"/>
	<Point x="217" y="1721"/>
	<Point x="217" y="1720"/>
	<Point x="259" y="1720"/>
	<Point x="259" y="1719"/>
	<Point x="260" y="1719"/>
	<Point x="260" y="1718"/>
	<Point x="287" y="1718"/>
	<Point x="287" y="1717"/>
	<Point x="354" y="1717"/>
	<Point x="354" y="1705"/>
	<Point x="355" y="1705"/>
	<Point x="355" y="1704"/>
	<Point x="427" y="1704"/>
	<Point x="427" y="1703"/>
	<Point x="446" y="1703"/>
	<Point x="446" y="1701"/>
	<Point x="448" y="1701"/>
	<Point x="448" y="1700"/>
	<Point x="454" y="1700"/>
	<Point x="454" y="1701"/>
	<Point x="456" y="1701"/>
	<Point x="456" y="1702"/>
	<Point x="572" y="1702"/>
	<Point x="572" y="1701"/>
	<Point x="630" y="1701"/>
	<Point x="630" y="1700"/>
	<Point x="633" y="1700"/>
	<Point x="633" y="1701"/>
	<Point x="653" y="1701"/>
	<Point x="653" y="1709"/>
	<Point x="756" y="1709"/>
	<Point x="756" y="1708"/>
	<Point x="758" y="1708"/>
	<Point x="758" y="1707"/>
	<Point x="774" y="1707"/>
	<Point x="774" y="1695"/>
	<Point x="775" y="1695"/>
	<Point x="775" y="1694"/>
	<Point x="781" y="1694"/>
	<Point x="781" y="1702"/>
	<Point x="895" y="1702"/>
	<Point x="895" y="1690"/>
	<Point x="903" y="1690"/>
	<Point x="903" y="1689"/>
	<Point x="1074" y="1689"/>
	<Point x="1074" y="1688"/>
	<Point x="1076" y="1688"/>
	<Point x="1076" y="1687"/>
	<Point x="1080" y="1687"/>
	<Point x="1080" y="1686"/>
	<Point x="1137" y="1686"/>
	<Point x="1137" y="1685"/>
	<Point x="1139" y="1685"/></Coords>
	<Word id="r244">
	<Coords>
	<Point x="287" y="1717"/>
	<Point x="303" y="1717"/>
	<Point x="303" y="1719"/>
	<Point x="304" y="1719"/>
	<Point x="304" y="1724"/>
	<Point x="305" y="1724"/>
	<Point x="300" y="1724"/>
	<Point x="300" y="1738"/>
	<Point x="299" y="1738"/>
	<Point x="299" y="1739"/>
	<Point x="270" y="1739"/>
	<Point x="270" y="1740"/>
	<Point x="257" y="1740"/>
	<Point x="257" y="1741"/>
	<Point x="231" y="1741"/>
	<Point x="231" y="1742"/>
	<Point x="216" y="1742"/>
	<Point x="216" y="1722"/>
	<Point x="215" y="1722"/>
	<Point x="216" y="1722"/>
	<Point x="216" y="1721"/>
	<Point x="217" y="1721"/>
	<Point x="217" y="1720"/>
	<Point x="259" y="1720"/>
	<Point x="259" y="1719"/>
	<Point x="260" y="1719"/>
	<Point x="260" y="1718"/>
	<Point x="287" y="1718"/></Coords>
	<TextEquiv>
	<PlainText></PlainText>
	<Unicode>DAT</Unicode></TextEquiv></Word>
	<Word id="r247">
	<Coords>
	<Point x="454" y="1700"/>
	<Point x="454" y="1701"/>
	<Point x="456" y="1701"/>
	<Point x="456" y="1703"/>
	<Point x="470" y="1703"/>
	<Point x="470" y="1704"/>
	<Point x="471" y="1704"/>
	<Point x="471" y="1706"/>
	<Point x="472" y="1706"/>
	<Point x="472" y="1715"/>
	<Point x="483" y="1715"/>
	<Point x="483" y="1716"/>
	<Point x="484" y="1716"/>
	<Point x="484" y="1717"/>
	<Point x="485" y="1717"/>
	<Point x="485" y="1718"/>
	<Point x="486" y="1718"/>
	<Point x="486" y="1721"/>
	<Point x="485" y="1721"/>
	<Point x="485" y="1723"/>
	<Point x="484" y="1723"/>
	<Point x="484" y="1724"/>
	<Point x="483" y="1724"/>
	<Point x="483" y="1732"/>
	<Point x="482" y="1732"/>
	<Point x="482" y="1733"/>
	<Point x="481" y="1733"/>
	<Point x="481" y="1734"/>
	<Point x="479" y="1734"/>
	<Point x="479" y="1735"/>
	<Point x="478" y="1735"/>
	<Point x="478" y="1736"/>
	<Point x="452" y="1736"/>
	<Point x="452" y="1737"/>
	<Point x="437" y="1737"/>
	<Point x="437" y="1740"/>
	<Point x="436" y="1740"/>
	<Point x="436" y="1745"/>
	<Point x="435" y="1745"/>
	<Point x="435" y="1746"/>
	<Point x="434" y="1746"/>
	<Point x="434" y="1747"/>
	<Point x="433" y="1747"/>
	<Point x="433" y="1748"/>
	<Point x="429" y="1748"/>
	<Point x="429" y="1747"/>
	<Point x="428" y="1747"/>
	<Point x="428" y="1738"/>
	<Point x="341" y="1738"/>
	<Point x="341" y="1737"/>
	<Point x="340" y="1737"/>
	<Point x="340" y="1735"/>
	<Point x="339" y="1735"/>
	<Point x="339" y="1730"/>
	<Point x="340" y="1730"/>
	<Point x="340" y="1727"/>
	<Point x="341" y="1727"/>
	<Point x="341" y="1725"/>
	<Point x="342" y="1725"/>
	<Point x="342" y="1724"/>
	<Point x="344" y="1724"/>
	<Point x="344" y="1722"/>
	<Point x="345" y="1722"/>
	<Point x="345" y="1721"/>
	<Point x="346" y="1721"/>
	<Point x="346" y="1719"/>
	<Point x="349" y="1719"/>
	<Point x="349" y="1718"/>
	<Point x="350" y="1718"/>
	<Point x="350" y="1717"/>
	<Point x="354" y="1717"/>
	<Point x="354" y="1705"/>
	<Point x="355" y="1705"/>
	<Point x="355" y="1704"/>
	<Point x="427" y="1704"/>
	<Point x="427" y="1703"/>
	<Point x="446" y="1703"/>
	<Point x="446" y="1701"/>
	<Point x="448" y="1701"/>
	<Point x="448" y="1700"/></Coords>
	<TextEquiv>
	<PlainText></PlainText>
	<Unicode>dezelfde</Unicode></TextEquiv></Word>
	<Word id="r248">
	<Coords>
	<Point x="633" y="1700"/>
	<Point x="633" y="1701"/>
	<Point x="653" y="1701"/>
	<Point x="653" y="1710"/>
	<Point x="694" y="1710"/>
	<Point x="694" y="1711"/>
	<Point x="695" y="1711"/>
	<Point x="695" y="1713"/>
	<Point x="696" y="1713"/>
	<Point x="695" y="1713"/>
	<Point x="695" y="1714"/>
	<Point x="694" y="1714"/>
	<Point x="694" y="1741"/>
	<Point x="693" y="1741"/>
	<Point x="693" y="1742"/>
	<Point x="692" y="1742"/>
	<Point x="692" y="1743"/>
	<Point x="690" y="1743"/>
	<Point x="690" y="1744"/>
	<Point x="678" y="1744"/>
	<Point x="678" y="1743"/>
	<Point x="676" y="1743"/>
	<Point x="676" y="1742"/>
	<Point x="675" y="1742"/>
	<Point x="675" y="1741"/>
	<Point x="674" y="1741"/>
	<Point x="674" y="1734"/>
	<Point x="547" y="1734"/>
	<Point x="547" y="1735"/>
	<Point x="524" y="1735"/>
	<Point x="524" y="1736"/>
	<Point x="523" y="1736"/>
	<Point x="523" y="1735"/>
	<Point x="522" y="1735"/>
	<Point x="522" y="1734"/>
	<Point x="521" y="1734"/>
	<Point x="521" y="1733"/>
	<Point x="520" y="1733"/>
	<Point x="520" y="1729"/>
	<Point x="521" y="1729"/>
	<Point x="521" y="1726"/>
	<Point x="522" y="1726"/>
	<Point x="522" y="1724"/>
	<Point x="523" y="1724"/>
	<Point x="523" y="1722"/>
	<Point x="524" y="1722"/>
	<Point x="524" y="1719"/>
	<Point x="525" y="1719"/>
	<Point x="525" y="1704"/>
	<Point x="526" y="1704"/>
	<Point x="526" y="1703"/>
	<Point x="531" y="1703"/>
	<Point x="531" y="1702"/>
	<Point x="572" y="1702"/>
	<Point x="572" y="1701"/>
	<Point x="630" y="1701"/>
	<Point x="630" y="1700"/></Coords>
	<TextEquiv>
	<PlainText></PlainText>
	<Unicode>bedenking</Unicode></TextEquiv></Word>
	<Word id="r249">
	<Coords>
	<Point x="781" y="1694"/>
	<Point x="781" y="1707"/>
	<Point x="783" y="1707"/>
	<Point x="783" y="1708"/>
	<Point x="786" y="1708"/>
	<Point x="786" y="1727"/>
	<Point x="783" y="1727"/>
	<Point x="783" y="1728"/>
	<Point x="756" y="1728"/>
	<Point x="756" y="1729"/>
	<Point x="739" y="1729"/>
	<Point x="739" y="1730"/>
	<Point x="737" y="1730"/>
	<Point x="737" y="1731"/>
	<Point x="736" y="1731"/>
	<Point x="736" y="1730"/>
	<Point x="735" y="1730"/>
	<Point x="735" y="1729"/>
	<Point x="734" y="1729"/>
	<Point x="734" y="1728"/>
	<Point x="733" y="1728"/>
	<Point x="733" y="1717"/>
	<Point x="734" y="1717"/>
	<Point x="734" y="1714"/>
	<Point x="735" y="1714"/>
	<Point x="735" y="1712"/>
	<Point x="736" y="1712"/>
	<Point x="736" y="1711"/>
	<Point x="738" y="1711"/>
	<Point x="738" y="1710"/>
	<Point x="739" y="1710"/>
	<Point x="739" y="1709"/>
	<Point x="756" y="1709"/>
	<Point x="756" y="1708"/>
	<Point x="758" y="1708"/>
	<Point x="758" y="1707"/>
	<Point x="774" y="1707"/>
	<Point x="774" y="1695"/>
	<Point x="775" y="1695"/>
	<Point x="775" y="1694"/></Coords>
	<TextEquiv>
	<PlainText></PlainText>
	<Unicode>ook</Unicode></TextEquiv></Word>
	<Word id="r250">
	<Coords>
	<Point x="848" y="1702"/>
	<Point x="848" y="1703"/>
	<Point x="849" y="1703"/>
	<Point x="849" y="1705"/>
	<Point x="852" y="1705"/>
	<Point x="852" y="1706"/>
	<Point x="853" y="1706"/>
	<Point x="853" y="1707"/>
	<Point x="854" y="1707"/>
	<Point x="854" y="1708"/>
	<Point x="855" y="1708"/>
	<Point x="855" y="1712"/>
	<Point x="856" y="1712"/>
	<Point x="856" y="1715"/>
	<Point x="855" y="1715"/>
	<Point x="855" y="1716"/>
	<Point x="854" y="1716"/>
	<Point x="854" y="1718"/>
	<Point x="853" y="1718"/>
	<Point x="853" y="1720"/>
	<Point x="852" y="1720"/>
	<Point x="852" y="1721"/>
	<Point x="851" y="1721"/>
	<Point x="851" y="1722"/>
	<Point x="850" y="1722"/>
	<Point x="850" y="1724"/>
	<Point x="848" y="1724"/>
	<Point x="848" y="1725"/>
	<Point x="844" y="1725"/>
	<Point x="844" y="1737"/>
	<Point x="838" y="1737"/>
	<Point x="838" y="1738"/>
	<Point x="836" y="1738"/>
	<Point x="836" y="1737"/>
	<Point x="835" y="1737"/>
	<Point x="835" y="1726"/>
	<Point x="823" y="1726"/>
	<Point x="823" y="1725"/>
	<Point x="821" y="1725"/>
	<Point x="821" y="1722"/>
	<Point x="820" y="1722"/>
	<Point x="820" y="1717"/>
	<Point x="821" y="1717"/>
	<Point x="821" y="1712"/>
	<Point x="822" y="1712"/>
	<Point x="822" y="1710"/>
	<Point x="823" y="1710"/>
	<Point x="823" y="1708"/>
	<Point x="824" y="1708"/>
	<Point x="824" y="1707"/>
	<Point x="825" y="1707"/>
	<Point x="825" y="1706"/>
	<Point x="826" y="1706"/>
	<Point x="826" y="1705"/>
	<Point x="828" y="1705"/>
	<Point x="828" y="1704"/>
	<Point x="845" y="1704"/>
	<Point x="845" y="1703"/>
	<Point x="846" y="1703"/>
	<Point x="846" y="1702"/></Coords>
	<TextEquiv>
	<PlainText></PlainText>
	<Unicode>op</Unicode></TextEquiv></Word>
	<Word id="r251">
	<Coords>
	<Point x="903" y="1690"/>
	<Point x="904" y="1690"/>
	<Point x="904" y="1703"/>
	<Point x="918" y="1703"/>
	<Point x="918" y="1704"/>
	<Point x="919" y="1704"/>
	<Point x="919" y="1707"/>
	<Point x="918" y="1707"/>
	<Point x="918" y="1709"/>
	<Point x="917" y="1709"/>
	<Point x="917" y="1710"/>
	<Point x="915" y="1710"/>
	<Point x="915" y="1718"/>
	<Point x="914" y="1718"/>
	<Point x="914" y="1719"/>
	<Point x="913" y="1719"/>
	<Point x="913" y="1722"/>
	<Point x="912" y="1722"/>
	<Point x="912" y="1723"/>
	<Point x="909" y="1723"/>
	<Point x="909" y="1724"/>
	<Point x="883" y="1724"/>
	<Point x="883" y="1722"/>
	<Point x="882" y="1722"/>
	<Point x="882" y="1719"/>
	<Point x="881" y="1719"/>
	<Point x="882" y="1719"/>
	<Point x="882" y="1716"/>
	<Point x="883" y="1716"/>
	<Point x="883" y="1714"/>
	<Point x="884" y="1714"/>
	<Point x="884" y="1711"/>
	<Point x="885" y="1711"/>
	<Point x="885" y="1710"/>
	<Point x="886" y="1710"/>
	<Point x="886" y="1708"/>
	<Point x="887" y="1708"/>
	<Point x="887" y="1707"/>
	<Point x="888" y="1707"/>
	<Point x="888" y="1706"/>
	<Point x="889" y="1706"/>
	<Point x="889" y="1705"/>
	<Point x="891" y="1705"/>
	<Point x="891" y="1704"/>
	<Point x="895" y="1704"/>
	<Point x="895" y="1690"/>
	<Point x="903" y="1690"/>
	<Point x="903" y="1689"/></Coords>
	<TextEquiv>
	<PlainText></PlainText>
	<Unicode>de</Unicode></TextEquiv></Word>
	<Word id="r252">
	<Coords>
	<Point x="990" y="1689"/>
	<Point x="990" y="1690"/>
	<Point x="991" y="1690"/>
	<Point x="991" y="1716"/>
	<Point x="992" y="1716"/>
	<Point x="992" y="1717"/>
	<Point x="993" y="1717"/>
	<Point x="993" y="1718"/>
	<Point x="994" y="1718"/>
	<Point x="994" y="1722"/>
	<Point x="992" y="1722"/>
	<Point x="992" y="1723"/>
	<Point x="946" y="1723"/>
	<Point x="946" y="1721"/>
	<Point x="949" y="1721"/>
	<Point x="949" y="1720"/>
	<Point x="950" y="1720"/>
	<Point x="950" y="1717"/>
	<Point x="951" y="1717"/>
	<Point x="951" y="1712"/>
	<Point x="952" y="1712"/>
	<Point x="952" y="1711"/>
	<Point x="953" y="1711"/>
	<Point x="953" y="1704"/>
	<Point x="954" y="1704"/>
	<Point x="954" y="1691"/>
	<Point x="955" y="1691"/>
	<Point x="955" y="1690"/>
	<Point x="986" y="1690"/>
	<Point x="986" y="1689"/></Coords>
	<TextEquiv>
	<PlainText></PlainText>
	<Unicode>H.</Unicode></TextEquiv></Word>
	<Word id="r253">
	<Coords>
	<Point x="1139" y="1684"/>
	<Point x="1144" y="1684"/>
	<Point x="1144" y="1685"/>
	<Point x="1145" y="1685"/>
	<Point x="1145" y="1686"/>
	<Point x="1147" y="1686"/>
	<Point x="1147" y="1691"/>
	<Point x="1151" y="1691"/>
	<Point x="1151" y="1698"/>
	<Point x="1153" y="1698"/>
	<Point x="1153" y="1702"/>
	<Point x="1151" y="1702"/>
	<Point x="1151" y="1712"/>
	<Point x="1150" y="1712"/>
	<Point x="1150" y="1713"/>
	<Point x="1149" y="1713"/>
	<Point x="1149" y="1714"/>
	<Point x="1147" y="1714"/>
	<Point x="1147" y="1716"/>
	<Point x="1144" y="1716"/>
	<Point x="1144" y="1717"/>
	<Point x="1141" y="1717"/>
	<Point x="1141" y="1718"/>
	<Point x="1129" y="1718"/>
	<Point x="1129" y="1719"/>
	<Point x="1128" y="1719"/>
	<Point x="1128" y="1722"/>
	<Point x="1127" y="1722"/>
	<Point x="1127" y="1724"/>
	<Point x="1126" y="1724"/>
	<Point x="1126" y="1729"/>
	<Point x="1125" y="1729"/>
	<Point x="1125" y="1730"/>
	<Point x="1124" y="1730"/>
	<Point x="1124" y="1731"/>
	<Point x="1122" y="1731"/>
	<Point x="1122" y="1730"/>
	<Point x="1118" y="1730"/>
	<Point x="1118" y="1723"/>
	<Point x="1031" y="1723"/>
	<Point x="1031" y="1722"/>
	<Point x="1029" y="1722"/>
	<Point x="1029" y="1721"/>
	<Point x="1025" y="1721"/>
	<Point x="1025" y="1715"/>
	<Point x="1026" y="1715"/>
	<Point x="1026" y="1712"/>
	<Point x="1027" y="1712"/>
	<Point x="1027" y="1710"/>
	<Point x="1031" y="1710"/>
	<Point x="1031" y="1695"/>
	<Point x="1032" y="1695"/>
	<Point x="1032" y="1693"/>
	<Point x="1033" y="1693"/>
	<Point x="1033" y="1692"/>
	<Point x="1034" y="1692"/>
	<Point x="1034" y="1690"/>
	<Point x="1038" y="1690"/>
	<Point x="1038" y="1689"/>
	<Point x="1074" y="1689"/>
	<Point x="1074" y="1688"/>
	<Point x="1076" y="1688"/>
	<Point x="1076" y="1687"/>
	<Point x="1080" y="1687"/>
	<Point x="1080" y="1686"/>
	<Point x="1137" y="1686"/>
	<Point x="1137" y="1685"/>
	<Point x="1139" y="1685"/></Coords>
	<TextEquiv>
	<PlainText></PlainText>
	<Unicode>Schrift</Unicode></TextEquiv></Word>
	<TextEquiv>
	<PlainText></PlainText>
	<Unicode>DAT dezelfde bedenking ook op de H. Schrift</Unicode></TextEquiv></TextLine>
	<TextLine id="r52">
	<Coords>
	<Point x="792" y="1756"/>
	<Point x="795" y="1756"/>
	<Point x="795" y="1757"/>
	<Point x="796" y="1757"/>
	<Point x="796" y="1765"/>
	<Point x="876" y="1765"/>
	<Point x="876" y="1766"/>
	<Point x="881" y="1766"/>
	<Point x="881" y="1767"/>
	<Point x="882" y="1767"/>
	<Point x="882" y="1782"/>
	<Point x="896" y="1782"/>
	<Point x="896" y="1783"/>
	<Point x="898" y="1783"/>
	<Point x="898" y="1784"/>
	<Point x="899" y="1784"/>
	<Point x="899" y="1788"/>
	<Point x="898" y="1788"/>
	<Point x="898" y="1789"/>
	<Point x="859" y="1789"/>
	<Point x="859" y="1790"/>
	<Point x="858" y="1790"/>
	<Point x="858" y="1792"/>
	<Point x="857" y="1792"/>
	<Point x="857" y="1794"/>
	<Point x="856" y="1794"/>
	<Point x="856" y="1797"/>
	<Point x="855" y="1797"/>
	<Point x="855" y="1798"/>
	<Point x="854" y="1798"/>
	<Point x="854" y="1799"/>
	<Point x="853" y="1799"/>
	<Point x="853" y="1800"/>
	<Point x="850" y="1800"/>
	<Point x="850" y="1801"/>
	<Point x="843" y="1801"/>
	<Point x="843" y="1800"/>
	<Point x="842" y="1800"/>
	<Point x="842" y="1799"/>
	<Point x="841" y="1799"/>
	<Point x="841" y="1797"/>
	<Point x="840" y="1797"/>
	<Point x="840" y="1794"/>
	<Point x="841" y="1794"/>
	<Point x="841" y="1791"/>
	<Point x="722" y="1791"/>
	<Point x="722" y="1792"/>
	<Point x="709" y="1792"/>
	<Point x="709" y="1793"/>
	<Point x="671" y="1793"/>
	<Point x="671" y="1795"/>
	<Point x="636" y="1795"/>
	<Point x="636" y="1796"/>
	<Point x="603" y="1796"/>
	<Point x="603" y="1797"/>
	<Point x="556" y="1797"/>
	<Point x="556" y="1798"/>
	<Point x="555" y="1798"/>
	<Point x="555" y="1799"/>
	<Point x="544" y="1799"/>
	<Point x="544" y="1800"/>
	<Point x="531" y="1800"/>
	<Point x="531" y="1801"/>
	<Point x="474" y="1801"/>
	<Point x="474" y="1802"/>
	<Point x="429" y="1802"/>
	<Point x="429" y="1810"/>
	<Point x="428" y="1810"/>
	<Point x="428" y="1812"/>
	<Point x="426" y="1812"/>
	<Point x="426" y="1813"/>
	<Point x="424" y="1813"/>
	<Point x="424" y="1814"/>
	<Point x="413" y="1814"/>
	<Point x="413" y="1813"/>
	<Point x="411" y="1813"/>
	<Point x="411" y="1811"/>
	<Point x="410" y="1811"/>
	<Point x="410" y="1807"/>
	<Point x="409" y="1807"/>
	<Point x="410" y="1807"/>
	<Point x="410" y="1805"/>
	<Point x="412" y="1805"/>
	<Point x="412" y="1804"/>
	<Point x="415" y="1804"/>
	<Point x="415" y="1802"/>
	<Point x="298" y="1802"/>
	<Point x="298" y="1803"/>
	<Point x="278" y="1803"/>
	<Point x="278" y="1804"/>
	<Point x="229" y="1804"/>
	<Point x="229" y="1805"/>
	<Point x="220" y="1805"/>
	<Point x="220" y="1806"/>
	<Point x="193" y="1806"/>
	<Point x="193" y="1807"/>
	<Point x="188" y="1807"/>
	<Point x="188" y="1808"/>
	<Point x="175" y="1808"/>
	<Point x="175" y="1809"/>
	<Point x="175" y="1808"/>
	<Point x="174" y="1808"/>
	<Point x="174" y="1807"/>
	<Point x="173" y="1807"/>
	<Point x="173" y="1803"/>
	<Point x="174" y="1803"/>
	<Point x="174" y="1789"/>
	<Point x="175" y="1789"/>
	<Point x="175" y="1786"/>
	<Point x="177" y="1786"/>
	<Point x="177" y="1785"/>
	<Point x="181" y="1785"/>
	<Point x="181" y="1784"/>
	<Point x="225" y="1784"/>
	<Point x="225" y="1783"/>
	<Point x="268" y="1783"/>
	<Point x="268" y="1779"/>
	<Point x="269" y="1779"/>
	<Point x="269" y="1771"/>
	<Point x="272" y="1771"/>
	<Point x="272" y="1770"/>
	<Point x="275" y="1770"/>
	<Point x="275" y="1780"/>
	<Point x="386" y="1780"/>
	<Point x="386" y="1779"/>
	<Point x="386" y="1780"/>
	<Point x="496" y="1780"/>
	<Point x="496" y="1779"/>
	<Point x="501" y="1779"/>
	<Point x="501" y="1778"/>
	<Point x="535" y="1778"/>
	<Point x="535" y="1769"/>
	<Point x="536" y="1769"/>
	<Point x="536" y="1768"/>
	<Point x="540" y="1768"/>
	<Point x="540" y="1767"/>
	<Point x="541" y="1767"/>
	<Point x="541" y="1768"/>
	<Point x="543" y="1768"/>
	<Point x="543" y="1773"/>
	<Point x="663" y="1773"/>
	<Point x="663" y="1772"/>
	<Point x="683" y="1772"/>
	<Point x="683" y="1760"/>
	<Point x="767" y="1760"/>
	<Point x="767" y="1759"/>
	<Point x="770" y="1759"/>
	<Point x="770" y="1758"/>
	<Point x="791" y="1758"/>
	<Point x="791" y="1757"/>
	<Point x="792" y="1757"/></Coords>
	<Word id="r255">
	<Coords>
	<Point x="225" y="1784"/>
	<Point x="236" y="1784"/>
	<Point x="236" y="1797"/>
	<Point x="237" y="1797"/>
	<Point x="236" y="1797"/>
	<Point x="236" y="1800"/>
	<Point x="235" y="1800"/>
	<Point x="235" y="1802"/>
	<Point x="232" y="1802"/>
	<Point x="232" y="1803"/>
	<Point x="230" y="1803"/>
	<Point x="230" y="1804"/>
	<Point x="229" y="1804"/>
	<Point x="229" y="1805"/>
	<Point x="220" y="1805"/>
	<Point x="220" y="1806"/>
	<Point x="193" y="1806"/>
	<Point x="193" y="1807"/>
	<Point x="188" y="1807"/>
	<Point x="188" y="1808"/>
	<Point x="175" y="1808"/>
	<Point x="175" y="1809"/>
	<Point x="175" y="1808"/>
	<Point x="174" y="1808"/>
	<Point x="174" y="1807"/>
	<Point x="173" y="1807"/>
	<Point x="173" y="1803"/>
	<Point x="174" y="1803"/>
	<Point x="174" y="1789"/>
	<Point x="175" y="1789"/>
	<Point x="175" y="1786"/>
	<Point x="177" y="1786"/>
	<Point x="177" y="1785"/>
	<Point x="181" y="1785"/>
	<Point x="181" y="1784"/>
	<Point x="225" y="1784"/>
	<Point x="225" y="1783"/></Coords>
	<TextEquiv>
	<PlainText></PlainText>
	<Unicode>zou</Unicode></TextEquiv></Word>
	<Word id="r256">
	<Coords>
	<Point x="275" y="1770"/>
	<Point x="275" y="1780"/>
	<Point x="386" y="1780"/>
	<Point x="386" y="1779"/>
	<Point x="386" y="1780"/>
	<Point x="387" y="1780"/>
	<Point x="387" y="1781"/>
	<Point x="388" y="1781"/>
	<Point x="388" y="1795"/>
	<Point x="387" y="1795"/>
	<Point x="387" y="1796"/>
	<Point x="386" y="1796"/>
	<Point x="386" y="1798"/>
	<Point x="385" y="1798"/>
	<Point x="385" y="1800"/>
	<Point x="382" y="1800"/>
	<Point x="382" y="1801"/>
	<Point x="380" y="1801"/>
	<Point x="380" y="1802"/>
	<Point x="298" y="1802"/>
	<Point x="298" y="1803"/>
	<Point x="278" y="1803"/>
	<Point x="278" y="1804"/>
	<Point x="262" y="1804"/>
	<Point x="262" y="1800"/>
	<Point x="263" y="1800"/>
	<Point x="263" y="1798"/>
	<Point x="264" y="1798"/>
	<Point x="264" y="1794"/>
	<Point x="265" y="1794"/>
	<Point x="265" y="1791"/>
	<Point x="266" y="1791"/>
	<Point x="266" y="1787"/>
	<Point x="267" y="1787"/>
	<Point x="267" y="1784"/>
	<Point x="268" y="1784"/>
	<Point x="268" y="1779"/>
	<Point x="269" y="1779"/>
	<Point x="269" y="1771"/>
	<Point x="272" y="1771"/>
	<Point x="272" y="1770"/></Coords>
	<TextEquiv>
	<PlainText></PlainText>
	<Unicode>kunnen</Unicode></TextEquiv></Word>
	<Word id="r257">
	<Coords>
	<Point x="541" y="1767"/>
	<Point x="541" y="1768"/>
	<Point x="543" y="1768"/>
	<Point x="543" y="1773"/>
	<Point x="561" y="1773"/>
	<Point x="561" y="1774"/>
	<Point x="563" y="1774"/>
	<Point x="563" y="1775"/>
	<Point x="564" y="1775"/>
	<Point x="564" y="1779"/>
	<Point x="565" y="1779"/>
	<Point x="565" y="1782"/>
	<Point x="563" y="1782"/>
	<Point x="563" y="1783"/>
	<Point x="560" y="1783"/>
	<Point x="560" y="1794"/>
	<Point x="559" y="1794"/>
	<Point x="559" y="1796"/>
	<Point x="557" y="1796"/>
	<Point x="557" y="1797"/>
	<Point x="556" y="1797"/>
	<Point x="556" y="1798"/>
	<Point x="555" y="1798"/>
	<Point x="555" y="1799"/>
	<Point x="544" y="1799"/>
	<Point x="544" y="1800"/>
	<Point x="531" y="1800"/>
	<Point x="531" y="1801"/>
	<Point x="474" y="1801"/>
	<Point x="474" y="1802"/>
	<Point x="429" y="1802"/>
	<Point x="429" y="1810"/>
	<Point x="428" y="1810"/>
	<Point x="428" y="1812"/>
	<Point x="426" y="1812"/>
	<Point x="426" y="1813"/>
	<Point x="424" y="1813"/>
	<Point x="424" y="1814"/>
	<Point x="413" y="1814"/>
	<Point x="413" y="1813"/>
	<Point x="411" y="1813"/>
	<Point x="411" y="1811"/>
	<Point x="410" y="1811"/>
	<Point x="410" y="1807"/>
	<Point x="409" y="1807"/>
	<Point x="410" y="1807"/>
	<Point x="410" y="1805"/>
	<Point x="412" y="1805"/>
	<Point x="412" y="1804"/>
	<Point x="415" y="1804"/>
	<Point x="415" y="1790"/>
	<Point x="416" y="1790"/>
	<Point x="416" y="1786"/>
	<Point x="417" y="1786"/>
	<Point x="417" y="1784"/>
	<Point x="418" y="1784"/>
	<Point x="418" y="1783"/>
	<Point x="419" y="1783"/>
	<Point x="419" y="1782"/>
	<Point x="421" y="1782"/>
	<Point x="421" y="1781"/>
	<Point x="443" y="1781"/>
	<Point x="443" y="1780"/>
	<Point x="496" y="1780"/>
	<Point x="496" y="1779"/>
	<Point x="501" y="1779"/>
	<Point x="501" y="1778"/>
	<Point x="535" y="1778"/>
	<Point x="535" y="1769"/>
	<Point x="536" y="1769"/>
	<Point x="536" y="1768"/>
	<Point x="540" y="1768"/>
	<Point x="540" y="1767"/></Coords>
	<TextEquiv>
	<PlainText></PlainText>
	<Unicode>gemaakt</Unicode></TextEquiv></Word>
	<Word id="r258">
	<Coords>
	<Point x="690" y="1760"/>
	<Point x="690" y="1761"/>
	<Point x="691" y="1761"/>
	<Point x="691" y="1771"/>
	<Point x="726" y="1771"/>
	<Point x="726" y="1772"/>
	<Point x="728" y="1772"/>
	<Point x="728" y="1784"/>
	<Point x="738" y="1784"/>
	<Point x="738" y="1785"/>
	<Point x="739" y="1785"/>
	<Point x="739" y="1788"/>
	<Point x="740" y="1788"/>
	<Point x="740" y="1790"/>
	<Point x="737" y="1790"/>
	<Point x="737" y="1791"/>
	<Point x="722" y="1791"/>
	<Point x="722" y="1792"/>
	<Point x="709" y="1792"/>
	<Point x="709" y="1793"/>
	<Point x="671" y="1793"/>
	<Point x="671" y="1795"/>
	<Point x="636" y="1795"/>
	<Point x="636" y="1796"/>
	<Point x="603" y="1796"/>
	<Point x="603" y="1797"/>
	<Point x="600" y="1797"/>
	<Point x="600" y="1796"/>
	<Point x="599" y="1796"/>
	<Point x="599" y="1795"/>
	<Point x="598" y="1795"/>
	<Point x="598" y="1786"/>
	<Point x="593" y="1786"/>
	<Point x="593" y="1785"/>
	<Point x="592" y="1785"/>
	<Point x="592" y="1783"/>
	<Point x="591" y="1783"/>
	<Point x="591" y="1781"/>
	<Point x="592" y="1781"/>
	<Point x="592" y="1780"/>
	<Point x="593" y="1780"/>
	<Point x="593" y="1779"/>
	<Point x="594" y="1779"/>
	<Point x="594" y="1778"/>
	<Point x="595" y="1778"/>
	<Point x="595" y="1777"/>
	<Point x="597" y="1777"/>
	<Point x="597" y="1776"/>
	<Point x="604" y="1776"/>
	<Point x="604" y="1775"/>
	<Point x="638" y="1775"/>
	<Point x="638" y="1774"/>
	<Point x="654" y="1774"/>
	<Point x="654" y="1773"/>
	<Point x="663" y="1773"/>
	<Point x="663" y="1772"/>
	<Point x="683" y="1772"/>
	<Point x="683" y="1760"/></Coords>
	<TextEquiv>
	<PlainText></PlainText>
	<Unicode>worden.</Unicode></TextEquiv></Word>
	<Word id="r259">
	<Coords>
	<Point x="792" y="1756"/>
	<Point x="795" y="1756"/>
	<Point x="795" y="1757"/>
	<Point x="796" y="1757"/>
	<Point x="796" y="1784"/>
	<Point x="809" y="1784"/>
	<Point x="809" y="1785"/>
	<Point x="810" y="1785"/>
	<Point x="810" y="1786"/>
	<Point x="811" y="1786"/>
	<Point x="811" y="1789"/>
	<Point x="810" y="1789"/>
	<Point x="810" y="1790"/>
	<Point x="808" y="1790"/>
	<Point x="808" y="1791"/>
	<Point x="774" y="1791"/>
	<Point x="774" y="1790"/>
	<Point x="769" y="1790"/>
	<Point x="769" y="1787"/>
	<Point x="768" y="1787"/>
	<Point x="768" y="1762"/>
	<Point x="766" y="1762"/>
	<Point x="766" y="1761"/>
	<Point x="765" y="1761"/>
	<Point x="766" y="1761"/>
	<Point x="766" y="1760"/>
	<Point x="767" y="1760"/>
	<Point x="767" y="1759"/>
	<Point x="770" y="1759"/>
	<Point x="770" y="1758"/>
	<Point x="791" y="1758"/>
	<Point x="791" y="1757"/>
	<Point x="792" y="1757"/></Coords>
	<TextEquiv>
	<PlainText></PlainText>
	<Unicode>bl.</Unicode></TextEquiv></Word>
	<Word id="r261">
	<Coords>
	<Point x="875" y="1765"/>
	<Point x="876" y="1765"/>
	<Point x="876" y="1766"/>
	<Point x="881" y="1766"/>
	<Point x="881" y="1767"/>
	<Point x="882" y="1767"/>
	<Point x="881" y="1767"/>
	<Point x="881" y="1768"/>
	<Point x="880" y="1768"/>
	<Point x="880" y="1782"/>
	<Point x="896" y="1782"/>
	<Point x="896" y="1783"/>
	<Point x="898" y="1783"/>
	<Point x="898" y="1784"/>
	<Point x="899" y="1784"/>
	<Point x="899" y="1788"/>
	<Point x="898" y="1788"/>
	<Point x="898" y="1789"/>
	<Point x="859" y="1789"/>
	<Point x="859" y="1790"/>
	<Point x="858" y="1790"/>
	<Point x="858" y="1792"/>
	<Point x="857" y="1792"/>
	<Point x="857" y="1794"/>
	<Point x="856" y="1794"/>
	<Point x="856" y="1797"/>
	<Point x="855" y="1797"/>
	<Point x="855" y="1798"/>
	<Point x="854" y="1798"/>
	<Point x="854" y="1799"/>
	<Point x="853" y="1799"/>
	<Point x="853" y="1800"/>
	<Point x="850" y="1800"/>
	<Point x="850" y="1801"/>
	<Point x="843" y="1801"/>
	<Point x="843" y="1800"/>
	<Point x="842" y="1800"/>
	<Point x="842" y="1799"/>
	<Point x="841" y="1799"/>
	<Point x="841" y="1797"/>
	<Point x="840" y="1797"/>
	<Point x="840" y="1794"/>
	<Point x="841" y="1794"/>
	<Point x="841" y="1781"/>
	<Point x="842" y="1781"/>
	<Point x="842" y="1778"/>
	<Point x="843" y="1778"/>
	<Point x="843" y="1774"/>
	<Point x="844" y="1774"/>
	<Point x="844" y="1771"/>
	<Point x="845" y="1771"/>
	<Point x="845" y="1768"/>
	<Point x="846" y="1768"/>
	<Point x="846" y="1767"/>
	<Point x="857" y="1767"/>
	<Point x="857" y="1766"/>
	<Point x="875" y="1766"/></Coords>
	<TextEquiv>
	<PlainText></PlainText>
	<Unicode>5I.</Unicode></TextEquiv></Word>
	<TextEquiv>
	<PlainText></PlainText>
	<Unicode>zou kunnen gemaakt worden. bl. 5I.</Unicode></TextEquiv></TextLine>
	<TextEquiv>
	<PlainText></PlainText>
	<Unicode>DAT dezelfde bedenking ook op de H. Schrift
zou kunnen gemaakt worden. bl. 5I.</Unicode></TextEquiv></TextRegion>
	<TextRegion id="r44" type="paragraph">
	<Coords>
	<Point x="1175" y="1778"/>
	<Point x="1175" y="1957"/>
	<Point x="135" y="1957"/>
	<Point x="135" y="1831"/>
	<Point x="409" y="1831"/>
	<Point x="409" y="1830"/>
	<Point x="411" y="1830"/>
	<Point x="411" y="1829"/>
	<Point x="414" y="1829"/>
	<Point x="414" y="1828"/>
	<Point x="416" y="1828"/>
	<Point x="416" y="1827"/>
	<Point x="419" y="1827"/>
	<Point x="419" y="1826"/>
	<Point x="421" y="1826"/>
	<Point x="421" y="1825"/>
	<Point x="424" y="1825"/>
	<Point x="424" y="1824"/>
	<Point x="426" y="1824"/>
	<Point x="426" y="1823"/>
	<Point x="429" y="1823"/>
	<Point x="429" y="1822"/>
	<Point x="431" y="1822"/>
	<Point x="431" y="1821"/>
	<Point x="434" y="1821"/>
	<Point x="434" y="1820"/>
	<Point x="436" y="1820"/>
	<Point x="436" y="1819"/>
	<Point x="439" y="1819"/>
	<Point x="439" y="1818"/>
	<Point x="441" y="1818"/>
	<Point x="441" y="1817"/>
	<Point x="443" y="1817"/>
	<Point x="443" y="1816"/>
	<Point x="921" y="1816"/>
	<Point x="921" y="1815"/>
	<Point x="922" y="1815"/>
	<Point x="922" y="1814"/>
	<Point x="923" y="1814"/>
	<Point x="923" y="1813"/>
	<Point x="924" y="1813"/>
	<Point x="924" y="1812"/>
	<Point x="925" y="1812"/>
	<Point x="925" y="1811"/>
	<Point x="926" y="1811"/>
	<Point x="926" y="1810"/>
	<Point x="927" y="1810"/>
	<Point x="927" y="1809"/>
	<Point x="928" y="1809"/>
	<Point x="928" y="1808"/>
	<Point x="929" y="1808"/>
	<Point x="929" y="1807"/>
	<Point x="930" y="1807"/>
	<Point x="930" y="1806"/>
	<Point x="931" y="1806"/>
	<Point x="931" y="1805"/>
	<Point x="932" y="1805"/>
	<Point x="932" y="1804"/>
	<Point x="933" y="1804"/>
	<Point x="933" y="1803"/>
	<Point x="934" y="1803"/>
	<Point x="934" y="1802"/>
	<Point x="935" y="1802"/>
	<Point x="935" y="1801"/>
	<Point x="936" y="1801"/>
	<Point x="936" y="1800"/>
	<Point x="937" y="1800"/>
	<Point x="937" y="1799"/>
	<Point x="938" y="1799"/>
	<Point x="938" y="1798"/>
	<Point x="939" y="1798"/>
	<Point x="939" y="1797"/>
	<Point x="940" y="1797"/>
	<Point x="940" y="1796"/>
	<Point x="941" y="1796"/>
	<Point x="941" y="1795"/>
	<Point x="942" y="1795"/>
	<Point x="942" y="1794"/>
	<Point x="943" y="1794"/>
	<Point x="943" y="1793"/>
	<Point x="944" y="1793"/>
	<Point x="944" y="1792"/>
	<Point x="945" y="1792"/>
	<Point x="945" y="1791"/>
	<Point x="946" y="1791"/>
	<Point x="946" y="1790"/>
	<Point x="947" y="1790"/>
	<Point x="947" y="1789"/>
	<Point x="948" y="1789"/>
	<Point x="948" y="1788"/>
	<Point x="949" y="1788"/>
	<Point x="949" y="1787"/>
	<Point x="950" y="1787"/>
	<Point x="950" y="1786"/>
	<Point x="951" y="1786"/>
	<Point x="951" y="1785"/>
	<Point x="952" y="1785"/>
	<Point x="952" y="1784"/>
	<Point x="953" y="1784"/>
	<Point x="953" y="1783"/>
	<Point x="954" y="1783"/>
	<Point x="954" y="1782"/>
	<Point x="955" y="1782"/>
	<Point x="955" y="1781"/>
	<Point x="956" y="1781"/>
	<Point x="956" y="1780"/>
	<Point x="957" y="1780"/>
	<Point x="957" y="1779"/>
	<Point x="958" y="1779"/>
	<Point x="958" y="1778"/></Coords>
	<TextLine id="r53">
	<Coords>
	<Point x="968" y="1817"/>
	<Point x="1042" y="1817"/>
	<Point x="1042" y="1818"/>
	<Point x="1043" y="1818"/>
	<Point x="1043" y="1823"/>
	<Point x="1140" y="1823"/>
	<Point x="1140" y="1824"/>
	<Point x="1141" y="1824"/>
	<Point x="1141" y="1826"/>
	<Point x="1145" y="1826"/>
	<Point x="1145" y="1827"/>
	<Point x="1147" y="1827"/>
	<Point x="1147" y="1829"/>
	<Point x="1148" y="1829"/>
	<Point x="1148" y="1832"/>
	<Point x="1149" y="1832"/>
	<Point x="1149" y="1834"/>
	<Point x="1148" y="1834"/>
	<Point x="1148" y="1836"/>
	<Point x="1147" y="1836"/>
	<Point x="1147" y="1838"/>
	<Point x="1146" y="1838"/>
	<Point x="1146" y="1839"/>
	<Point x="1145" y="1839"/>
	<Point x="1145" y="1841"/>
	<Point x="1144" y="1841"/>
	<Point x="1144" y="1842"/>
	<Point x="1143" y="1842"/>
	<Point x="1143" y="1843"/>
	<Point x="1141" y="1843"/>
	<Point x="1141" y="1845"/>
	<Point x="1135" y="1845"/>
	<Point x="1135" y="1858"/>
	<Point x="1082" y="1858"/>
	<Point x="1082" y="1859"/>
	<Point x="1077" y="1859"/>
	<Point x="1077" y="1860"/>
	<Point x="1008" y="1860"/>
	<Point x="1008" y="1861"/>
	<Point x="1006" y="1861"/>
	<Point x="1006" y="1862"/>
	<Point x="994" y="1862"/>
	<Point x="994" y="1861"/>
	<Point x="992" y="1861"/>
	<Point x="992" y="1860"/>
	<Point x="991" y="1860"/>
	<Point x="991" y="1859"/>
	<Point x="990" y="1859"/>
	<Point x="990" y="1852"/>
	<Point x="864" y="1852"/>
	<Point x="864" y="1853"/>
	<Point x="841" y="1853"/>
	<Point x="841" y="1854"/>
	<Point x="778" y="1854"/>
	<Point x="778" y="1855"/>
	<Point x="706" y="1855"/>
	<Point x="706" y="1856"/>
	<Point x="642" y="1856"/>
	<Point x="642" y="1857"/>
	<Point x="641" y="1857"/>
	<Point x="641" y="1858"/>
	<Point x="640" y="1858"/>
	<Point x="640" y="1859"/>
	<Point x="629" y="1859"/>
	<Point x="629" y="1860"/>
	<Point x="607" y="1860"/>
	<Point x="607" y="1861"/>
	<Point x="581" y="1861"/>
	<Point x="581" y="1863"/>
	<Point x="580" y="1863"/>
	<Point x="580" y="1866"/>
	<Point x="579" y="1866"/>
	<Point x="579" y="1869"/>
	<Point x="578" y="1869"/>
	<Point x="578" y="1870"/>
	<Point x="577" y="1870"/>
	<Point x="577" y="1871"/>
	<Point x="576" y="1871"/>
	<Point x="576" y="1872"/>
	<Point x="574" y="1872"/>
	<Point x="574" y="1873"/>
	<Point x="572" y="1873"/>
	<Point x="572" y="1865"/>
	<Point x="423" y="1865"/>
	<Point x="423" y="1866"/>
	<Point x="372" y="1866"/>
	<Point x="372" y="1868"/>
	<Point x="371" y="1868"/>
	<Point x="371" y="1870"/>
	<Point x="370" y="1870"/>
	<Point x="370" y="1873"/>
	<Point x="369" y="1873"/>
	<Point x="369" y="1875"/>
	<Point x="368" y="1875"/>
	<Point x="368" y="1876"/>
	<Point x="367" y="1876"/>
	<Point x="367" y="1877"/>
	<Point x="366" y="1877"/>
	<Point x="366" y="1878"/>
	<Point x="361" y="1878"/>
	<Point x="361" y="1877"/>
	<Point x="360" y="1877"/>
	<Point x="360" y="1868"/>
	<Point x="231" y="1868"/>
	<Point x="231" y="1869"/>
	<Point x="217" y="1869"/>
	<Point x="217" y="1868"/>
	<Point x="216" y="1868"/>
	<Point x="216" y="1848"/>
	<Point x="225" y="1848"/>
	<Point x="225" y="1847"/>
	<Point x="261" y="1847"/>
	<Point x="261" y="1846"/>
	<Point x="290" y="1846"/>
	<Point x="290" y="1845"/>
	<Point x="358" y="1845"/>
	<Point x="358" y="1836"/>
	<Point x="359" y="1836"/>
	<Point x="359" y="1835"/>
	<Point x="374" y="1835"/>
	<Point x="374" y="1834"/>
	<Point x="426" y="1834"/>
	<Point x="426" y="1833"/>
	<Point x="428" y="1833"/>
	<Point x="428" y="1832"/>
	<Point x="446" y="1832"/>
	<Point x="446" y="1831"/>
	<Point x="447" y="1831"/>
	<Point x="447" y="1842"/>
	<Point x="554" y="1842"/>
	<Point x="554" y="1841"/>
	<Point x="567" y="1841"/>
	<Point x="567" y="1838"/>
	<Point x="568" y="1838"/>
	<Point x="568" y="1837"/>
	<Point x="569" y="1837"/>
	<Point x="569" y="1836"/>
	<Point x="584" y="1836"/>
	<Point x="584" y="1835"/>
	<Point x="585" y="1835"/>
	<Point x="585" y="1834"/>
	<Point x="586" y="1834"/>
	<Point x="586" y="1832"/>
	<Point x="587" y="1832"/>
	<Point x="587" y="1830"/>
	<Point x="588" y="1830"/>
	<Point x="588" y="1829"/>
	<Point x="590" y="1829"/>
	<Point x="590" y="1828"/>
	<Point x="592" y="1828"/>
	<Point x="592" y="1827"/>
	<Point x="692" y="1827"/>
	<Point x="692" y="1826"/>
	<Point x="693" y="1826"/>
	<Point x="693" y="1824"/>
	<Point x="770" y="1824"/>
	<Point x="770" y="1823"/>
	<Point x="772" y="1823"/>
	<Point x="772" y="1824"/>
	<Point x="773" y="1824"/>
	<Point x="773" y="1828"/>
	<Point x="787" y="1828"/>
	<Point x="787" y="1829"/>
	<Point x="788" y="1829"/>
	<Point x="788" y="1831"/>
	<Point x="913" y="1831"/>
	<Point x="913" y="1830"/>
	<Point x="935" y="1830"/>
	<Point x="935" y="1820"/>
	<Point x="936" y="1820"/>
	<Point x="936" y="1819"/>
	<Point x="965" y="1819"/>
	<Point x="965" y="1818"/>
	<Point x="968" y="1818"/></Coords>
	<Word id="r264">
	<Coords>
	<Point x="290" y="1845"/>
	<Point x="303" y="1845"/>
	<Point x="303" y="1850"/>
	<Point x="304" y="1850"/>
	<Point x="304" y="1851"/>
	<Point x="303" y="1851"/>
	<Point x="303" y="1852"/>
	<Point x="299" y="1852"/>
	<Point x="299" y="1867"/>
	<Point x="295" y="1867"/>
	<Point x="295" y="1868"/>
	<Point x="231" y="1868"/>
	<Point x="231" y="1869"/>
	<Point x="217" y="1869"/>
	<Point x="217" y="1868"/>
	<Point x="216" y="1868"/>
	<Point x="216" y="1848"/>
	<Point x="225" y="1848"/>
	<Point x="225" y="1847"/>
	<Point x="261" y="1847"/>
	<Point x="261" y="1846"/>
	<Point x="290" y="1846"/></Coords>
	<TextEquiv>
	<PlainText></PlainText>
	<Unicode>DAT</Unicode></TextEquiv></Word>
	<Word id="r267">
	<Coords>
	<Point x="378" y="1834"/>
	<Point x="378" y="1835"/>
	<Point x="379" y="1835"/>
	<Point x="379" y="1838"/>
	<Point x="378" y="1838"/>
	<Point x="378" y="1839"/>
	<Point x="376" y="1839"/>
	<Point x="376" y="1851"/>
	<Point x="375" y="1851"/>
	<Point x="375" y="1853"/>
	<Point x="374" y="1853"/>
	<Point x="374" y="1863"/>
	<Point x="373" y="1863"/>
	<Point x="373" y="1865"/>
	<Point x="372" y="1865"/>
	<Point x="372" y="1868"/>
	<Point x="371" y="1868"/>
	<Point x="371" y="1870"/>
	<Point x="370" y="1870"/>
	<Point x="370" y="1873"/>
	<Point x="369" y="1873"/>
	<Point x="369" y="1875"/>
	<Point x="368" y="1875"/>
	<Point x="368" y="1876"/>
	<Point x="367" y="1876"/>
	<Point x="367" y="1877"/>
	<Point x="366" y="1877"/>
	<Point x="366" y="1878"/>
	<Point x="361" y="1878"/>
	<Point x="361" y="1877"/>
	<Point x="360" y="1877"/>
	<Point x="360" y="1868"/>
	<Point x="326" y="1868"/>
	<Point x="326" y="1866"/>
	<Point x="327" y="1866"/>
	<Point x="327" y="1850"/>
	<Point x="328" y="1850"/>
	<Point x="328" y="1849"/>
	<Point x="329" y="1849"/>
	<Point x="329" y="1848"/>
	<Point x="330" y="1848"/>
	<Point x="330" y="1847"/>
	<Point x="345" y="1847"/>
	<Point x="345" y="1846"/>
	<Point x="358" y="1846"/>
	<Point x="358" y="1836"/>
	<Point x="359" y="1836"/>
	<Point x="359" y="1835"/>
	<Point x="374" y="1835"/>
	<Point x="374" y="1834"/></Coords>
	<TextEquiv>
	<PlainText></PlainText>
	<Unicode>zij</Unicode></TextEquiv></Word>
	<Word id="r268">
	<Coords>
	<Point x="447" y="1831"/>
	<Point x="447" y="1842"/>
	<Point x="500" y="1842"/>
	<Point x="500" y="1843"/>
	<Point x="501" y="1843"/>
	<Point x="501" y="1844"/>
	<Point x="502" y="1844"/>
	<Point x="502" y="1854"/>
	<Point x="503" y="1854"/>
	<Point x="503" y="1856"/>
	<Point x="502" y="1856"/>
	<Point x="502" y="1857"/>
	<Point x="501" y="1857"/>
	<Point x="501" y="1859"/>
	<Point x="500" y="1859"/>
	<Point x="500" y="1860"/>
	<Point x="499" y="1860"/>
	<Point x="499" y="1861"/>
	<Point x="498" y="1861"/>
	<Point x="498" y="1862"/>
	<Point x="497" y="1862"/>
	<Point x="497" y="1863"/>
	<Point x="495" y="1863"/>
	<Point x="495" y="1864"/>
	<Point x="484" y="1864"/>
	<Point x="484" y="1865"/>
	<Point x="423" y="1865"/>
	<Point x="423" y="1866"/>
	<Point x="423" y="1865"/>
	<Point x="400" y="1865"/>
	<Point x="400" y="1864"/>
	<Point x="399" y="1864"/>
	<Point x="399" y="1858"/>
	<Point x="400" y="1858"/>
	<Point x="400" y="1855"/>
	<Point x="401" y="1855"/>
	<Point x="401" y="1854"/>
	<Point x="402" y="1854"/>
	<Point x="402" y="1852"/>
	<Point x="403" y="1852"/>
	<Point x="403" y="1851"/>
	<Point x="404" y="1851"/>
	<Point x="404" y="1849"/>
	<Point x="405" y="1849"/>
	<Point x="405" y="1848"/>
	<Point x="406" y="1848"/>
	<Point x="406" y="1847"/>
	<Point x="407" y="1847"/>
	<Point x="407" y="1846"/>
	<Point x="408" y="1846"/>
	<Point x="408" y="1845"/>
	<Point x="410" y="1845"/>
	<Point x="410" y="1844"/>
	<Point x="426" y="1844"/>
	<Point x="426" y="1833"/>
	<Point x="428" y="1833"/>
	<Point x="428" y="1832"/>
	<Point x="446" y="1832"/>
	<Point x="446" y="1831"/></Coords>
	<TextEquiv>
	<PlainText></PlainText>
	<Unicode>alleen</Unicode></TextEquiv></Word>
	<Word id="r269">
	<Coords>
	<Point x="599" y="1827"/>
	<Point x="599" y="1835"/>
	<Point x="666" y="1835"/>
	<Point x="666" y="1836"/>
	<Point x="668" y="1836"/>
	<Point x="668" y="1847"/>
	<Point x="669" y="1847"/>
	<Point x="669" y="1850"/>
	<Point x="667" y="1850"/>
	<Point x="667" y="1852"/>
	<Point x="666" y="1852"/>
	<Point x="666" y="1853"/>
	<Point x="665" y="1853"/>
	<Point x="665" y="1854"/>
	<Point x="664" y="1854"/>
	<Point x="664" y="1855"/>
	<Point x="662" y="1855"/>
	<Point x="662" y="1856"/>
	<Point x="642" y="1856"/>
	<Point x="642" y="1857"/>
	<Point x="641" y="1857"/>
	<Point x="641" y="1858"/>
	<Point x="640" y="1858"/>
	<Point x="640" y="1859"/>
	<Point x="629" y="1859"/>
	<Point x="629" y="1860"/>
	<Point x="607" y="1860"/>
	<Point x="607" y="1861"/>
	<Point x="581" y="1861"/>
	<Point x="581" y="1863"/>
	<Point x="580" y="1863"/>
	<Point x="580" y="1866"/>
	<Point x="579" y="1866"/>
	<Point x="579" y="1869"/>
	<Point x="578" y="1869"/>
	<Point x="578" y="1870"/>
	<Point x="577" y="1870"/>
	<Point x="577" y="1871"/>
	<Point x="576" y="1871"/>
	<Point x="576" y="1872"/>
	<Point x="574" y="1872"/>
	<Point x="574" y="1873"/>
	<Point x="572" y="1873"/>
	<Point x="572" y="1865"/>
	<Point x="523" y="1865"/>
	<Point x="523" y="1864"/>
	<Point x="521" y="1864"/>
	<Point x="521" y="1862"/>
	<Point x="520" y="1862"/>
	<Point x="520" y="1852"/>
	<Point x="521" y="1852"/>
	<Point x="521" y="1850"/>
	<Point x="522" y="1850"/>
	<Point x="522" y="1847"/>
	<Point x="523" y="1847"/>
	<Point x="523" y="1846"/>
	<Point x="524" y="1846"/>
	<Point x="524" y="1845"/>
	<Point x="525" y="1845"/>
	<Point x="525" y="1844"/>
	<Point x="528" y="1844"/>
	<Point x="528" y="1843"/>
	<Point x="529" y="1843"/>
	<Point x="529" y="1842"/>
	<Point x="554" y="1842"/>
	<Point x="554" y="1841"/>
	<Point x="567" y="1841"/>
	<Point x="567" y="1838"/>
	<Point x="568" y="1838"/>
	<Point x="568" y="1837"/>
	<Point x="569" y="1837"/>
	<Point x="569" y="1836"/>
	<Point x="584" y="1836"/>
	<Point x="584" y="1835"/>
	<Point x="585" y="1835"/>
	<Point x="585" y="1834"/>
	<Point x="586" y="1834"/>
	<Point x="586" y="1832"/>
	<Point x="587" y="1832"/>
	<Point x="587" y="1830"/>
	<Point x="588" y="1830"/>
	<Point x="588" y="1829"/>
	<Point x="590" y="1829"/>
	<Point x="590" y="1828"/>
	<Point x="592" y="1828"/>
	<Point x="592" y="1827"/></Coords>
	<TextEquiv>
	<PlainText></PlainText>
	<Unicode>ontaan</Unicode></TextEquiv></Word>
	<Word id="r270">
	<Coords>
	<Point x="697" y="1824"/>
	<Point x="697" y="1825"/>
	<Point x="698" y="1825"/>
	<Point x="698" y="1834"/>
	<Point x="713" y="1834"/>
	<Point x="713" y="1835"/>
	<Point x="714" y="1835"/>
	<Point x="714" y="1837"/>
	<Point x="713" y="1837"/>
	<Point x="713" y="1838"/>
	<Point x="712" y="1838"/>
	<Point x="712" y="1848"/>
	<Point x="711" y="1848"/>
	<Point x="711" y="1850"/>
	<Point x="710" y="1850"/>
	<Point x="710" y="1853"/>
	<Point x="709" y="1853"/>
	<Point x="709" y="1854"/>
	<Point x="708" y="1854"/>
	<Point x="708" y="1855"/>
	<Point x="706" y="1855"/>
	<Point x="706" y="1856"/>
	<Point x="687" y="1856"/>
	<Point x="687" y="1855"/>
	<Point x="686" y="1855"/>
	<Point x="686" y="1853"/>
	<Point x="687" y="1853"/>
	<Point x="687" y="1841"/>
	<Point x="688" y="1841"/>
	<Point x="688" y="1839"/>
	<Point x="689" y="1839"/>
	<Point x="689" y="1837"/>
	<Point x="690" y="1837"/>
	<Point x="690" y="1836"/>
	<Point x="692" y="1836"/>
	<Point x="692" y="1826"/>
	<Point x="693" y="1826"/>
	<Point x="693" y="1824"/></Coords>
	<TextEquiv>
	<PlainText></PlainText>
	<Unicode>is</Unicode></TextEquiv></Word>
	<Word id="r271">
	<Coords>
	<Point x="772" y="1823"/>
	<Point x="772" y="1824"/>
	<Point x="773" y="1824"/>
	<Point x="773" y="1828"/>
	<Point x="787" y="1828"/>
	<Point x="787" y="1829"/>
	<Point x="788" y="1829"/>
	<Point x="788" y="1834"/>
	<Point x="789" y="1834"/>
	<Point x="789" y="1835"/>
	<Point x="790" y="1835"/>
	<Point x="790" y="1836"/>
	<Point x="789" y="1836"/>
	<Point x="789" y="1837"/>
	<Point x="786" y="1837"/>
	<Point x="786" y="1848"/>
	<Point x="785" y="1848"/>
	<Point x="785" y="1849"/>
	<Point x="784" y="1849"/>
	<Point x="784" y="1851"/>
	<Point x="782" y="1851"/>
	<Point x="782" y="1853"/>
	<Point x="781" y="1853"/>
	<Point x="781" y="1854"/>
	<Point x="778" y="1854"/>
	<Point x="778" y="1855"/>
	<Point x="741" y="1855"/>
	<Point x="741" y="1853"/>
	<Point x="740" y="1853"/>
	<Point x="740" y="1840"/>
	<Point x="741" y="1840"/>
	<Point x="741" y="1839"/>
	<Point x="742" y="1839"/>
	<Point x="742" y="1838"/>
	<Point x="743" y="1838"/>
	<Point x="743" y="1837"/>
	<Point x="744" y="1837"/>
	<Point x="744" y="1835"/>
	<Point x="746" y="1835"/>
	<Point x="746" y="1834"/>
	<Point x="769" y="1834"/>
	<Point x="769" y="1824"/>
	<Point x="770" y="1824"/>
	<Point x="770" y="1823"/></Coords>
	<TextEquiv>
	<PlainText></PlainText>
	<Unicode>uit</Unicode></TextEquiv></Word>
	<Word id="r272">
	<Coords>
	<Point x="868" y="1831"/>
	<Point x="868" y="1832"/>
	<Point x="870" y="1832"/>
	<Point x="870" y="1834"/>
	<Point x="871" y="1834"/>
	<Point x="871" y="1845"/>
	<Point x="870" y="1845"/>
	<Point x="870" y="1847"/>
	<Point x="869" y="1847"/>
	<Point x="869" y="1848"/>
	<Point x="868" y="1848"/>
	<Point x="868" y="1849"/>
	<Point x="867" y="1849"/>
	<Point x="867" y="1851"/>
	<Point x="866" y="1851"/>
	<Point x="866" y="1852"/>
	<Point x="864" y="1852"/>
	<Point x="864" y="1853"/>
	<Point x="841" y="1853"/>
	<Point x="841" y="1854"/>
	<Point x="820" y="1854"/>
	<Point x="820" y="1853"/>
	<Point x="818" y="1853"/>
	<Point x="818" y="1851"/>
	<Point x="817" y="1851"/>
	<Point x="817" y="1848"/>
	<Point x="816" y="1848"/>
	<Point x="816" y="1846"/>
	<Point x="817" y="1846"/>
	<Point x="817" y="1844"/>
	<Point x="818" y="1844"/>
	<Point x="818" y="1842"/>
	<Point x="819" y="1842"/>
	<Point x="819" y="1840"/>
	<Point x="820" y="1840"/>
	<Point x="820" y="1838"/>
	<Point x="821" y="1838"/>
	<Point x="821" y="1836"/>
	<Point x="822" y="1836"/>
	<Point x="822" y="1835"/>
	<Point x="823" y="1835"/>
	<Point x="823" y="1834"/>
	<Point x="824" y="1834"/>
	<Point x="824" y="1833"/>
	<Point x="844" y="1833"/>
	<Point x="844" y="1832"/>
	<Point x="867" y="1832"/>
	<Point x="867" y="1831"/></Coords>
	<TextEquiv>
	<PlainText></PlainText>
	<Unicode>een</Unicode></TextEquiv></Word>
	<Word id="r273">
	<Coords>
	<Point x="968" y="1817"/>
	<Point x="1042" y="1817"/>
	<Point x="1042" y="1818"/>
	<Point x="1043" y="1818"/>
	<Point x="1043" y="1825"/>
	<Point x="1056" y="1825"/>
	<Point x="1056" y="1826"/>
	<Point x="1057" y="1826"/>
	<Point x="1057" y="1829"/>
	<Point x="1061" y="1829"/>
	<Point x="1061" y="1830"/>
	<Point x="1062" y="1830"/>
	<Point x="1062" y="1831"/>
	<Point x="1063" y="1831"/>
	<Point x="1063" y="1839"/>
	<Point x="1062" y="1839"/>
	<Point x="1062" y="1841"/>
	<Point x="1080" y="1841"/>
	<Point x="1080" y="1842"/>
	<Point x="1083" y="1842"/>
	<Point x="1083" y="1843"/>
	<Point x="1084" y="1843"/>
	<Point x="1084" y="1845"/>
	<Point x="1085" y="1845"/>
	<Point x="1085" y="1849"/>
	<Point x="1086" y="1849"/>
	<Point x="1086" y="1850"/>
	<Point x="1085" y="1850"/>
	<Point x="1085" y="1854"/>
	<Point x="1084" y="1854"/>
	<Point x="1084" y="1855"/>
	<Point x="1083" y="1855"/>
	<Point x="1083" y="1857"/>
	<Point x="1082" y="1857"/>
	<Point x="1082" y="1859"/>
	<Point x="1077" y="1859"/>
	<Point x="1077" y="1860"/>
	<Point x="1008" y="1860"/>
	<Point x="1008" y="1861"/>
	<Point x="1006" y="1861"/>
	<Point x="1006" y="1862"/>
	<Point x="994" y="1862"/>
	<Point x="994" y="1861"/>
	<Point x="992" y="1861"/>
	<Point x="992" y="1860"/>
	<Point x="991" y="1860"/>
	<Point x="991" y="1859"/>
	<Point x="990" y="1859"/>
	<Point x="990" y="1852"/>
	<Point x="896" y="1852"/>
	<Point x="896" y="1851"/>
	<Point x="895" y="1851"/>
	<Point x="896" y="1851"/>
	<Point x="896" y="1836"/>
	<Point x="897" y="1836"/>
	<Point x="897" y="1835"/>
	<Point x="898" y="1835"/>
	<Point x="898" y="1833"/>
	<Point x="900" y="1833"/>
	<Point x="900" y="1832"/>
	<Point x="901" y="1832"/>
	<Point x="901" y="1831"/>
	<Point x="913" y="1831"/>
	<Point x="913" y="1830"/>
	<Point x="935" y="1830"/>
	<Point x="935" y="1820"/>
	<Point x="936" y="1820"/>
	<Point x="936" y="1819"/>
	<Point x="965" y="1819"/>
	<Point x="965" y="1818"/>
	<Point x="968" y="1818"/></Coords>
	<TextEquiv>
	<PlainText></PlainText>
	<Unicode>misbegrip,</Unicode></TextEquiv></Word>
	<Word id="r275">
	<Coords>
	<Point x="1140" y="1823"/>
	<Point x="1140" y="1824"/>
	<Point x="1141" y="1824"/>
	<Point x="1141" y="1826"/>
	<Point x="1145" y="1826"/>
	<Point x="1145" y="1827"/>
	<Point x="1147" y="1827"/>
	<Point x="1147" y="1829"/>
	<Point x="1148" y="1829"/>
	<Point x="1148" y="1832"/>
	<Point x="1149" y="1832"/>
	<Point x="1149" y="1834"/>
	<Point x="1148" y="1834"/>
	<Point x="1148" y="1836"/>
	<Point x="1147" y="1836"/>
	<Point x="1147" y="1838"/>
	<Point x="1146" y="1838"/>
	<Point x="1146" y="1839"/>
	<Point x="1145" y="1839"/>
	<Point x="1145" y="1841"/>
	<Point x="1144" y="1841"/>
	<Point x="1144" y="1842"/>
	<Point x="1143" y="1842"/>
	<Point x="1143" y="1843"/>
	<Point x="1141" y="1843"/>
	<Point x="1141" y="1845"/>
	<Point x="1135" y="1845"/>
	<Point x="1135" y="1858"/>
	<Point x="1127" y="1858"/>
	<Point x="1127" y="1857"/>
	<Point x="1124" y="1857"/>
	<Point x="1124" y="1848"/>
	<Point x="1117" y="1848"/>
	<Point x="1117" y="1847"/>
	<Point x="1114" y="1847"/>
	<Point x="1114" y="1846"/>
	<Point x="1112" y="1846"/>
	<Point x="1112" y="1844"/>
	<Point x="1111" y="1844"/>
	<Point x="1111" y="1841"/>
	<Point x="1112" y="1841"/>
	<Point x="1112" y="1839"/>
	<Point x="1113" y="1839"/>
	<Point x="1113" y="1835"/>
	<Point x="1114" y="1835"/>
	<Point x="1114" y="1832"/>
	<Point x="1115" y="1832"/>
	<Point x="1115" y="1830"/>
	<Point x="1116" y="1830"/>
	<Point x="1116" y="1828"/>
	<Point x="1118" y="1828"/>
	<Point x="1118" y="1827"/>
	<Point x="1121" y="1827"/>
	<Point x="1121" y="1826"/>
	<Point x="1137" y="1826"/>
	<Point x="1137" y="1824"/>
	<Point x="1138" y="1824"/>
	<Point x="1138" y="1823"/></Coords>
	<TextEquiv>
	<PlainText></PlainText>
	<Unicode>op</Unicode></TextEquiv></Word>
	<TextEquiv>
	<PlainText></PlainText>
	<Unicode>DAT zij alleen ontaan is uit een misbegrip, op</Unicode></TextEquiv></TextLine>
	<TextLine id="r54">
	<Coords>
	<Point x="1058" y="1877"/>
	<Point x="1061" y="1877"/>
	<Point x="1061" y="1879"/>
	<Point x="1062" y="1879"/>
	<Point x="1062" y="1886"/>
	<Point x="1137" y="1886"/>
	<Point x="1137" y="1887"/>
	<Point x="1138" y="1887"/>
	<Point x="1138" y="1888"/>
	<Point x="1139" y="1888"/>
	<Point x="1139" y="1891"/>
	<Point x="1140" y="1891"/>
	<Point x="1140" y="1893"/>
	<Point x="1141" y="1893"/>
	<Point x="1141" y="1901"/>
	<Point x="1151" y="1901"/>
	<Point x="1151" y="1902"/>
	<Point x="1153" y="1902"/>
	<Point x="1153" y="1903"/>
	<Point x="1154" y="1903"/>
	<Point x="1154" y="1905"/>
	<Point x="1155" y="1905"/>
	<Point x="1155" y="1908"/>
	<Point x="1156" y="1908"/>
	<Point x="1153" y="1908"/>
	<Point x="1153" y="1909"/>
	<Point x="1141" y="1909"/>
	<Point x="1141" y="1913"/>
	<Point x="1140" y="1913"/>
	<Point x="1140" y="1916"/>
	<Point x="1139" y="1916"/>
	<Point x="1139" y="1918"/>
	<Point x="1138" y="1918"/>
	<Point x="1138" y="1919"/>
	<Point x="1137" y="1919"/>
	<Point x="1137" y="1920"/>
	<Point x="1135" y="1920"/>
	<Point x="1135" y="1921"/>
	<Point x="1103" y="1921"/>
	<Point x="1103" y="1922"/>
	<Point x="1100" y="1922"/>
	<Point x="1100" y="1921"/>
	<Point x="1098" y="1921"/>
	<Point x="1098" y="1920"/>
	<Point x="1097" y="1920"/>
	<Point x="1097" y="1916"/>
	<Point x="1098" y="1916"/>
	<Point x="1098" y="1913"/>
	<Point x="975" y="1913"/>
	<Point x="975" y="1914"/>
	<Point x="974" y="1914"/>
	<Point x="974" y="1915"/>
	<Point x="922" y="1915"/>
	<Point x="922" y="1916"/>
	<Point x="910" y="1916"/>
	<Point x="910" y="1917"/>
	<Point x="909" y="1917"/>
	<Point x="909" y="1918"/>
	<Point x="879" y="1918"/>
	<Point x="879" y="1925"/>
	<Point x="878" y="1925"/>
	<Point x="878" y="1926"/>
	<Point x="877" y="1926"/>
	<Point x="877" y="1927"/>
	<Point x="874" y="1927"/>
	<Point x="874" y="1928"/>
	<Point x="872" y="1928"/>
	<Point x="872" y="1929"/>
	<Point x="816" y="1929"/>
	<Point x="816" y="1930"/>
	<Point x="814" y="1930"/>
	<Point x="814" y="1929"/>
	<Point x="811" y="1929"/>
	<Point x="811" y="1928"/>
	<Point x="809" y="1928"/>
	<Point x="809" y="1927"/>
	<Point x="808" y="1927"/>
	<Point x="808" y="1925"/>
	<Point x="807" y="1925"/>
	<Point x="807" y="1919"/>
	<Point x="673" y="1919"/>
	<Point x="673" y="1920"/>
	<Point x="657" y="1920"/>
	<Point x="657" y="1921"/>
	<Point x="625" y="1921"/>
	<Point x="625" y="1922"/>
	<Point x="594" y="1922"/>
	<Point x="594" y="1923"/>
	<Point x="593" y="1923"/>
	<Point x="593" y="1924"/>
	<Point x="569" y="1924"/>
	<Point x="569" y="1925"/>
	<Point x="544" y="1925"/>
	<Point x="544" y="1926"/>
	<Point x="526" y="1926"/>
	<Point x="526" y="1927"/>
	<Point x="450" y="1927"/>
	<Point x="450" y="1928"/>
	<Point x="442" y="1928"/>
	<Point x="442" y="1929"/>
	<Point x="411" y="1929"/>
	<Point x="411" y="1930"/>
	<Point x="312" y="1930"/>
	<Point x="312" y="1931"/>
	<Point x="284" y="1931"/>
	<Point x="284" y="1932"/>
	<Point x="275" y="1932"/>
	<Point x="275" y="1933"/>
	<Point x="193" y="1933"/>
	<Point x="193" y="1934"/>
	<Point x="192" y="1934"/>
	<Point x="192" y="1935"/>
	<Point x="191" y="1935"/>
	<Point x="191" y="1932"/>
	<Point x="189" y="1932"/>
	<Point x="189" y="1931"/>
	<Point x="188" y="1931"/>
	<Point x="188" y="1913"/>
	<Point x="177" y="1913"/>
	<Point x="177" y="1906"/>
	<Point x="176" y="1906"/>
	<Point x="176" y="1905"/>
	<Point x="175" y="1905"/>
	<Point x="175" y="1900"/>
	<Point x="177" y="1900"/>
	<Point x="177" y="1899"/>
	<Point x="181" y="1899"/>
	<Point x="181" y="1900"/>
	<Point x="182" y="1900"/>
	<Point x="182" y="1901"/>
	<Point x="184" y="1901"/>
	<Point x="184" y="1903"/>
	<Point x="185" y="1903"/>
	<Point x="185" y="1906"/>
	<Point x="287" y="1906"/>
	<Point x="287" y="1898"/>
	<Point x="294" y="1898"/>
	<Point x="294" y="1897"/>
	<Point x="358" y="1897"/>
	<Point x="358" y="1896"/>
	<Point x="427" y="1896"/>
	<Point x="427" y="1895"/>
	<Point x="429" y="1895"/>
	<Point x="429" y="1894"/>
	<Point x="430" y="1894"/>
	<Point x="430" y="1893"/>
	<Point x="430" y="1894"/>
	<Point x="534" y="1894"/>
	<Point x="534" y="1893"/>
	<Point x="597" y="1893"/>
	<Point x="597" y="1888"/>
	<Point x="601" y="1888"/>
	<Point x="601" y="1889"/>
	<Point x="664" y="1889"/>
	<Point x="664" y="1890"/>
	<Point x="665" y="1890"/>
	<Point x="665" y="1896"/>
	<Point x="780" y="1896"/>
	<Point x="780" y="1884"/>
	<Point x="781" y="1884"/>
	<Point x="781" y="1883"/>
	<Point x="786" y="1883"/>
	<Point x="786" y="1884"/>
	<Point x="787" y="1884"/>
	<Point x="787" y="1885"/>
	<Point x="788" y="1885"/>
	<Point x="788" y="1886"/>
	<Point x="789" y="1886"/>
	<Point x="789" y="1891"/>
	<Point x="842" y="1891"/>
	<Point x="842" y="1893"/>
	<Point x="977" y="1893"/>
	<Point x="977" y="1892"/>
	<Point x="992" y="1892"/>
	<Point x="992" y="1889"/>
	<Point x="993" y="1889"/>
	<Point x="993" y="1888"/>
	<Point x="994" y="1888"/>
	<Point x="994" y="1887"/>
	<Point x="1033" y="1887"/>
	<Point x="1033" y="1882"/>
	<Point x="1032" y="1882"/>
	<Point x="1032" y="1880"/>
	<Point x="1034" y="1880"/>
	<Point x="1034" y="1879"/>
	<Point x="1037" y="1879"/>
	<Point x="1037" y="1878"/>
	<Point x="1058" y="1878"/></Coords>
	<Word id="r276">
	<Coords>
	<Point x="181" y="1899"/>
	<Point x="181" y="1900"/>
	<Point x="182" y="1900"/>
	<Point x="182" y="1901"/>
	<Point x="184" y="1901"/>
	<Point x="184" y="1903"/>
	<Point x="185" y="1903"/>
	<Point x="185" y="1906"/>
	<Point x="201" y="1906"/>
	<Point x="201" y="1907"/>
	<Point x="202" y="1907"/>
	<Point x="202" y="1912"/>
	<Point x="203" y="1912"/>
	<Point x="203" y="1914"/>
	<Point x="202" y="1914"/>
	<Point x="202" y="1915"/>
	<Point x="200" y="1915"/>
	<Point x="200" y="1916"/>
	<Point x="199" y="1916"/>
	<Point x="199" y="1926"/>
	<Point x="198" y="1926"/>
	<Point x="198" y="1927"/>
	<Point x="197" y="1927"/>
	<Point x="197" y="1928"/>
	<Point x="196" y="1928"/>
	<Point x="196" y="1930"/>
	<Point x="195" y="1930"/>
	<Point x="195" y="1931"/>
	<Point x="194" y="1931"/>
	<Point x="194" y="1933"/>
	<Point x="193" y="1933"/>
	<Point x="193" y="1934"/>
	<Point x="192" y="1934"/>
	<Point x="192" y="1935"/>
	<Point x="191" y="1935"/>
	<Point x="191" y="1932"/>
	<Point x="189" y="1932"/>
	<Point x="189" y="1931"/>
	<Point x="188" y="1931"/>
	<Point x="188" y="1913"/>
	<Point x="177" y="1913"/>
	<Point x="177" y="1906"/>
	<Point x="176" y="1906"/>
	<Point x="176" y="1905"/>
	<Point x="175" y="1905"/>
	<Point x="175" y="1900"/>
	<Point x="177" y="1900"/>
	<Point x="177" y="1899"/></Coords>
	<TextEquiv>
	<PlainText></PlainText>
	<Unicode>'t</Unicode></TextEquiv></Word>
	<Word id="r277">
	<Coords>
	<Point x="309" y="1897"/>
	<Point x="309" y="1909"/>
	<Point x="312" y="1909"/>
	<Point x="312" y="1910"/>
	<Point x="313" y="1910"/>
	<Point x="313" y="1911"/>
	<Point x="314" y="1911"/>
	<Point x="314" y="1929"/>
	<Point x="313" y="1929"/>
	<Point x="313" y="1930"/>
	<Point x="312" y="1930"/>
	<Point x="312" y="1931"/>
	<Point x="284" y="1931"/>
	<Point x="284" y="1932"/>
	<Point x="275" y="1932"/>
	<Point x="275" y="1933"/>
	<Point x="239" y="1933"/>
	<Point x="239" y="1932"/>
	<Point x="237" y="1932"/>
	<Point x="237" y="1931"/>
	<Point x="236" y="1931"/>
	<Point x="236" y="1926"/>
	<Point x="235" y="1926"/>
	<Point x="235" y="1921"/>
	<Point x="231" y="1921"/>
	<Point x="231" y="1920"/>
	<Point x="230" y="1920"/>
	<Point x="230" y="1919"/>
	<Point x="229" y="1919"/>
	<Point x="229" y="1917"/>
	<Point x="230" y="1917"/>
	<Point x="230" y="1915"/>
	<Point x="231" y="1915"/>
	<Point x="231" y="1914"/>
	<Point x="232" y="1914"/>
	<Point x="232" y="1912"/>
	<Point x="233" y="1912"/>
	<Point x="233" y="1911"/>
	<Point x="234" y="1911"/>
	<Point x="234" y="1910"/>
	<Point x="236" y="1910"/>
	<Point x="236" y="1909"/>
	<Point x="287" y="1909"/>
	<Point x="287" y="1898"/>
	<Point x="294" y="1898"/>
	<Point x="294" y="1897"/></Coords>
	<TextEquiv>
	<PlainText></PlainText>
	<Unicode>welk</Unicode></TextEquiv></Word>
	<Word id="r278">
	<Coords>
	<Point x="363" y="1896"/>
	<Point x="363" y="1897"/>
	<Point x="364" y="1897"/>
	<Point x="364" y="1901"/>
	<Point x="365" y="1901"/>
	<Point x="365" y="1908"/>
	<Point x="378" y="1908"/>
	<Point x="378" y="1909"/>
	<Point x="379" y="1909"/>
	<Point x="379" y="1910"/>
	<Point x="380" y="1910"/>
	<Point x="380" y="1911"/>
	<Point x="381" y="1911"/>
	<Point x="381" y="1914"/>
	<Point x="380" y="1914"/>
	<Point x="380" y="1915"/>
	<Point x="379" y="1915"/>
	<Point x="379" y="1916"/>
	<Point x="378" y="1916"/>
	<Point x="378" y="1925"/>
	<Point x="377" y="1925"/>
	<Point x="377" y="1928"/>
	<Point x="375" y="1928"/>
	<Point x="375" y="1929"/>
	<Point x="372" y="1929"/>
	<Point x="372" y="1930"/>
	<Point x="345" y="1930"/>
	<Point x="345" y="1929"/>
	<Point x="344" y="1929"/>
	<Point x="344" y="1925"/>
	<Point x="343" y="1925"/>
	<Point x="344" y="1925"/>
	<Point x="344" y="1921"/>
	<Point x="345" y="1921"/>
	<Point x="345" y="1919"/>
	<Point x="346" y="1919"/>
	<Point x="346" y="1917"/>
	<Point x="347" y="1917"/>
	<Point x="347" y="1915"/>
	<Point x="348" y="1915"/>
	<Point x="348" y="1913"/>
	<Point x="349" y="1913"/>
	<Point x="349" y="1912"/>
	<Point x="350" y="1912"/>
	<Point x="350" y="1911"/>
	<Point x="352" y="1911"/>
	<Point x="352" y="1910"/>
	<Point x="356" y="1910"/>
	<Point x="356" y="1909"/>
	<Point x="357" y="1909"/>
	<Point x="357" y="1897"/>
	<Point x="358" y="1897"/>
	<Point x="358" y="1896"/></Coords>
	<TextEquiv>
	<PlainText></PlainText>
	<Unicode>de</Unicode></TextEquiv></Word>
	<Word id="r279">
	<Coords>
	<Point x="430" y="1894"/>
	<Point x="451" y="1894"/>
	<Point x="451" y="1895"/>
	<Point x="452" y="1895"/>
	<Point x="452" y="1896"/>
	<Point x="453" y="1896"/>
	<Point x="453" y="1905"/>
	<Point x="464" y="1905"/>
	<Point x="464" y="1906"/>
	<Point x="465" y="1906"/>
	<Point x="465" y="1920"/>
	<Point x="475" y="1920"/>
	<Point x="475" y="1921"/>
	<Point x="476" y="1921"/>
	<Point x="476" y="1926"/>
	<Point x="475" y="1926"/>
	<Point x="475" y="1927"/>
	<Point x="450" y="1927"/>
	<Point x="450" y="1928"/>
	<Point x="442" y="1928"/>
	<Point x="442" y="1929"/>
	<Point x="411" y="1929"/>
	<Point x="411" y="1930"/>
	<Point x="409" y="1930"/>
	<Point x="409" y="1929"/>
	<Point x="408" y="1929"/>
	<Point x="408" y="1927"/>
	<Point x="409" y="1927"/>
	<Point x="409" y="1926"/>
	<Point x="411" y="1926"/>
	<Point x="411" y="1925"/>
	<Point x="413" y="1925"/>
	<Point x="413" y="1921"/>
	<Point x="414" y="1921"/>
	<Point x="414" y="1915"/>
	<Point x="415" y="1915"/>
	<Point x="415" y="1914"/>
	<Point x="416" y="1914"/>
	<Point x="416" y="1896"/>
	<Point x="427" y="1896"/>
	<Point x="427" y="1895"/>
	<Point x="429" y="1895"/>
	<Point x="429" y="1894"/>
	<Point x="430" y="1894"/>
	<Point x="430" y="1893"/></Coords>
	<TextEquiv>
	<PlainText></PlainText>
	<Unicode>Hr.</Unicode></TextEquiv></Word>
	<Word id="r280">
	<Coords>
	<Point x="537" y="1893"/>
	<Point x="537" y="1917"/>
	<Point x="543" y="1917"/>
	<Point x="543" y="1918"/>
	<Point x="544" y="1918"/>
	<Point x="544" y="1919"/>
	<Point x="545" y="1919"/>
	<Point x="545" y="1920"/>
	<Point x="546" y="1920"/>
	<Point x="546" y="1923"/>
	<Point x="545" y="1923"/>
	<Point x="545" y="1925"/>
	<Point x="544" y="1925"/>
	<Point x="544" y="1926"/>
	<Point x="526" y="1926"/>
	<Point x="526" y="1927"/>
	<Point x="500" y="1927"/>
	<Point x="500" y="1926"/>
	<Point x="499" y="1926"/>
	<Point x="499" y="1925"/>
	<Point x="500" y="1925"/>
	<Point x="500" y="1924"/>
	<Point x="503" y="1924"/>
	<Point x="503" y="1923"/>
	<Point x="507" y="1923"/>
	<Point x="507" y="1921"/>
	<Point x="508" y="1921"/>
	<Point x="508" y="1920"/>
	<Point x="509" y="1920"/>
	<Point x="509" y="1918"/>
	<Point x="510" y="1918"/>
	<Point x="510" y="1917"/>
	<Point x="512" y="1917"/>
	<Point x="512" y="1915"/>
	<Point x="513" y="1915"/>
	<Point x="513" y="1914"/>
	<Point x="514" y="1914"/>
	<Point x="514" y="1913"/>
	<Point x="515" y="1913"/>
	<Point x="515" y="1912"/>
	<Point x="516" y="1912"/>
	<Point x="516" y="1911"/>
	<Point x="517" y="1911"/>
	<Point x="517" y="1909"/>
	<Point x="518" y="1909"/>
	<Point x="518" y="1908"/>
	<Point x="519" y="1908"/>
	<Point x="519" y="1907"/>
	<Point x="520" y="1907"/>
	<Point x="520" y="1906"/>
	<Point x="521" y="1906"/>
	<Point x="521" y="1904"/>
	<Point x="522" y="1904"/>
	<Point x="522" y="1903"/>
	<Point x="523" y="1903"/>
	<Point x="523" y="1902"/>
	<Point x="524" y="1902"/>
	<Point x="524" y="1901"/>
	<Point x="525" y="1901"/>
	<Point x="525" y="1900"/>
	<Point x="526" y="1900"/>
	<Point x="526" y="1899"/>
	<Point x="527" y="1899"/>
	<Point x="527" y="1898"/>
	<Point x="528" y="1898"/>
	<Point x="528" y="1897"/>
	<Point x="529" y="1897"/>
	<Point x="529" y="1896"/>
	<Point x="530" y="1896"/>
	<Point x="530" y="1895"/>
	<Point x="533" y="1895"/>
	<Point x="533" y="1894"/>
	<Point x="534" y="1894"/>
	<Point x="534" y="1893"/></Coords>
	<TextEquiv>
	<PlainText></PlainText>
	<Unicode>A.</Unicode></TextEquiv></Word>
	<Word id="r281">
	<Coords>
	<Point x="601" y="1888"/>
	<Point x="601" y="1889"/>
	<Point x="603" y="1889"/>
	<Point x="603" y="1896"/>
	<Point x="633" y="1896"/>
	<Point x="633" y="1901"/>
	<Point x="634" y="1901"/>
	<Point x="634" y="1903"/>
	<Point x="632" y="1903"/>
	<Point x="632" y="1915"/>
	<Point x="631" y="1915"/>
	<Point x="631" y="1918"/>
	<Point x="630" y="1918"/>
	<Point x="630" y="1920"/>
	<Point x="628" y="1920"/>
	<Point x="628" y="1921"/>
	<Point x="625" y="1921"/>
	<Point x="625" y="1922"/>
	<Point x="594" y="1922"/>
	<Point x="594" y="1923"/>
	<Point x="593" y="1923"/>
	<Point x="593" y="1924"/>
	<Point x="569" y="1924"/>
	<Point x="569" y="1925"/>
	<Point x="568" y="1925"/>
	<Point x="568" y="1924"/>
	<Point x="567" y="1924"/>
	<Point x="567" y="1908"/>
	<Point x="568" y="1908"/>
	<Point x="568" y="1907"/>
	<Point x="569" y="1907"/>
	<Point x="569" y="1906"/>
	<Point x="570" y="1906"/>
	<Point x="570" y="1905"/>
	<Point x="571" y="1905"/>
	<Point x="571" y="1904"/>
	<Point x="572" y="1904"/>
	<Point x="572" y="1903"/>
	<Point x="574" y="1903"/>
	<Point x="574" y="1902"/>
	<Point x="594" y="1902"/>
	<Point x="594" y="1901"/>
	<Point x="595" y="1901"/>
	<Point x="595" y="1900"/>
	<Point x="597" y="1900"/>
	<Point x="597" y="1888"/></Coords>
	<TextEquiv>
	<PlainText></PlainText>
	<Unicode>niet</Unicode></TextEquiv></Word>
	<Word id="r282">
	<Coords>
	<Point x="664" y="1889"/>
	<Point x="664" y="1890"/>
	<Point x="665" y="1890"/>
	<Point x="665" y="1898"/>
	<Point x="679" y="1898"/>
	<Point x="679" y="1899"/>
	<Point x="680" y="1899"/>
	<Point x="680" y="1901"/>
	<Point x="678" y="1901"/>
	<Point x="678" y="1910"/>
	<Point x="677" y="1910"/>
	<Point x="677" y="1916"/>
	<Point x="676" y="1916"/>
	<Point x="676" y="1918"/>
	<Point x="675" y="1918"/>
	<Point x="675" y="1919"/>
	<Point x="673" y="1919"/>
	<Point x="673" y="1920"/>
	<Point x="657" y="1920"/>
	<Point x="657" y="1921"/>
	<Point x="655" y="1921"/>
	<Point x="655" y="1920"/>
	<Point x="654" y="1920"/>
	<Point x="654" y="1919"/>
	<Point x="653" y="1919"/>
	<Point x="654" y="1919"/>
	<Point x="654" y="1905"/>
	<Point x="655" y="1905"/>
	<Point x="655" y="1904"/>
	<Point x="656" y="1904"/>
	<Point x="656" y="1903"/>
	<Point x="658" y="1903"/>
	<Point x="658" y="1902"/>
	<Point x="659" y="1902"/>
	<Point x="659" y="1891"/>
	<Point x="660" y="1891"/>
	<Point x="660" y="1889"/></Coords>
	<TextEquiv>
	<PlainText></PlainText>
	<Unicode>is</Unicode></TextEquiv></Word>
	<Word id="r283">
	<Coords>
	<Point x="786" y="1883"/>
	<Point x="786" y="1884"/>
	<Point x="787" y="1884"/>
	<Point x="787" y="1885"/>
	<Point x="788" y="1885"/>
	<Point x="788" y="1886"/>
	<Point x="789" y="1886"/>
	<Point x="789" y="1891"/>
	<Point x="842" y="1891"/>
	<Point x="842" y="1895"/>
	<Point x="843" y="1895"/>
	<Point x="843" y="1896"/>
	<Point x="844" y="1896"/>
	<Point x="844" y="1897"/>
	<Point x="843" y="1897"/>
	<Point x="843" y="1899"/>
	<Point x="840" y="1899"/>
	<Point x="840" y="1910"/>
	<Point x="838" y="1910"/>
	<Point x="838" y="1911"/>
	<Point x="837" y="1911"/>
	<Point x="837" y="1913"/>
	<Point x="836" y="1913"/>
	<Point x="836" y="1914"/>
	<Point x="835" y="1914"/>
	<Point x="835" y="1915"/>
	<Point x="834" y="1915"/>
	<Point x="834" y="1916"/>
	<Point x="827" y="1916"/>
	<Point x="827" y="1926"/>
	<Point x="826" y="1926"/>
	<Point x="826" y="1927"/>
	<Point x="825" y="1927"/>
	<Point x="825" y="1928"/>
	<Point x="823" y="1928"/>
	<Point x="823" y="1929"/>
	<Point x="816" y="1929"/>
	<Point x="816" y="1930"/>
	<Point x="814" y="1930"/>
	<Point x="814" y="1929"/>
	<Point x="811" y="1929"/>
	<Point x="811" y="1928"/>
	<Point x="809" y="1928"/>
	<Point x="809" y="1927"/>
	<Point x="808" y="1927"/>
	<Point x="808" y="1925"/>
	<Point x="807" y="1925"/>
	<Point x="807" y="1919"/>
	<Point x="709" y="1919"/>
	<Point x="709" y="1918"/>
	<Point x="708" y="1918"/>
	<Point x="708" y="1917"/>
	<Point x="707" y="1917"/>
	<Point x="707" y="1908"/>
	<Point x="701" y="1908"/>
	<Point x="701" y="1907"/>
	<Point x="699" y="1907"/>
	<Point x="699" y="1904"/>
	<Point x="700" y="1904"/>
	<Point x="700" y="1902"/>
	<Point x="701" y="1902"/>
	<Point x="701" y="1900"/>
	<Point x="703" y="1900"/>
	<Point x="703" y="1899"/>
	<Point x="704" y="1899"/>
	<Point x="704" y="1898"/>
	<Point x="706" y="1898"/>
	<Point x="706" y="1897"/>
	<Point x="757" y="1897"/>
	<Point x="757" y="1896"/>
	<Point x="780" y="1896"/>
	<Point x="780" y="1884"/>
	<Point x="781" y="1884"/>
	<Point x="781" y="1883"/></Coords>
	<TextEquiv>
	<PlainText></PlainText>
	<Unicode>verdagt</Unicode></TextEquiv></Word>
	<Word id="r284">
	<Coords>
	<Point x="994" y="1887"/>
	<Point x="996" y="1887"/>
	<Point x="996" y="1893"/>
	<Point x="997" y="1893"/>
	<Point x="997" y="1895"/>
	<Point x="998" y="1895"/>
	<Point x="997" y="1895"/>
	<Point x="997" y="1896"/>
	<Point x="995" y="1896"/>
	<Point x="995" y="1906"/>
	<Point x="994" y="1906"/>
	<Point x="994" y="1908"/>
	<Point x="1009" y="1908"/>
	<Point x="1009" y="1909"/>
	<Point x="1010" y="1909"/>
	<Point x="1010" y="1912"/>
	<Point x="1009" y="1912"/>
	<Point x="1009" y="1913"/>
	<Point x="975" y="1913"/>
	<Point x="975" y="1914"/>
	<Point x="974" y="1914"/>
	<Point x="974" y="1915"/>
	<Point x="922" y="1915"/>
	<Point x="922" y="1916"/>
	<Point x="910" y="1916"/>
	<Point x="910" y="1917"/>
	<Point x="909" y="1917"/>
	<Point x="909" y="1918"/>
	<Point x="879" y="1918"/>
	<Point x="879" y="1925"/>
	<Point x="878" y="1925"/>
	<Point x="878" y="1926"/>
	<Point x="877" y="1926"/>
	<Point x="877" y="1927"/>
	<Point x="874" y="1927"/>
	<Point x="874" y="1928"/>
	<Point x="872" y="1928"/>
	<Point x="872" y="1929"/>
	<Point x="866" y="1929"/>
	<Point x="866" y="1928"/>
	<Point x="860" y="1928"/>
	<Point x="860" y="1927"/>
	<Point x="859" y="1927"/>
	<Point x="859" y="1926"/>
	<Point x="858" y="1926"/>
	<Point x="858" y="1922"/>
	<Point x="859" y="1922"/>
	<Point x="859" y="1921"/>
	<Point x="864" y="1921"/>
	<Point x="864" y="1900"/>
	<Point x="865" y="1900"/>
	<Point x="865" y="1899"/>
	<Point x="866" y="1899"/>
	<Point x="866" y="1897"/>
	<Point x="867" y="1897"/>
	<Point x="867" y="1896"/>
	<Point x="870" y="1896"/>
	<Point x="870" y="1895"/>
	<Point x="891" y="1895"/>
	<Point x="891" y="1894"/>
	<Point x="928" y="1894"/>
	<Point x="928" y="1893"/>
	<Point x="977" y="1893"/>
	<Point x="977" y="1892"/>
	<Point x="992" y="1892"/>
	<Point x="992" y="1889"/>
	<Point x="993" y="1889"/>
	<Point x="993" y="1888"/>
	<Point x="994" y="1888"/></Coords>
	<TextEquiv>
	<PlainText></PlainText>
	<Unicode>geweest.</Unicode></TextEquiv></Word>
	<Word id="r287">
	<Coords>
	<Point x="1058" y="1877"/>
	<Point x="1061" y="1877"/>
	<Point x="1061" y="1879"/>
	<Point x="1062" y="1879"/>
	<Point x="1062" y="1889"/>
	<Point x="1063" y="1889"/>
	<Point x="1063" y="1903"/>
	<Point x="1076" y="1903"/>
	<Point x="1076" y="1904"/>
	<Point x="1077" y="1904"/>
	<Point x="1077" y="1906"/>
	<Point x="1076" y="1906"/>
	<Point x="1076" y="1908"/>
	<Point x="1075" y="1908"/>
	<Point x="1075" y="1909"/>
	<Point x="1074" y="1909"/>
	<Point x="1074" y="1910"/>
	<Point x="1065" y="1910"/>
	<Point x="1065" y="1911"/>
	<Point x="1045" y="1911"/>
	<Point x="1045" y="1912"/>
	<Point x="1039" y="1912"/>
	<Point x="1039" y="1911"/>
	<Point x="1034" y="1911"/>
	<Point x="1034" y="1908"/>
	<Point x="1033" y="1908"/>
	<Point x="1033" y="1882"/>
	<Point x="1032" y="1882"/>
	<Point x="1032" y="1880"/>
	<Point x="1034" y="1880"/>
	<Point x="1034" y="1879"/>
	<Point x="1037" y="1879"/>
	<Point x="1037" y="1878"/>
	<Point x="1058" y="1878"/></Coords>
	<TextEquiv>
	<PlainText></PlainText>
	<Unicode>bl.</Unicode></TextEquiv></Word>
	<Word id="r289">
	<Coords>
	<Point x="1132" y="1886"/>
	<Point x="1137" y="1886"/>
	<Point x="1137" y="1887"/>
	<Point x="1138" y="1887"/>
	<Point x="1138" y="1888"/>
	<Point x="1139" y="1888"/>
	<Point x="1139" y="1891"/>
	<Point x="1140" y="1891"/>
	<Point x="1140" y="1893"/>
	<Point x="1141" y="1893"/>
	<Point x="1141" y="1901"/>
	<Point x="1151" y="1901"/>
	<Point x="1151" y="1902"/>
	<Point x="1153" y="1902"/>
	<Point x="1153" y="1903"/>
	<Point x="1154" y="1903"/>
	<Point x="1154" y="1905"/>
	<Point x="1155" y="1905"/>
	<Point x="1155" y="1908"/>
	<Point x="1156" y="1908"/>
	<Point x="1153" y="1908"/>
	<Point x="1153" y="1909"/>
	<Point x="1141" y="1909"/>
	<Point x="1141" y="1913"/>
	<Point x="1140" y="1913"/>
	<Point x="1140" y="1916"/>
	<Point x="1139" y="1916"/>
	<Point x="1139" y="1918"/>
	<Point x="1138" y="1918"/>
	<Point x="1138" y="1919"/>
	<Point x="1137" y="1919"/>
	<Point x="1137" y="1920"/>
	<Point x="1135" y="1920"/>
	<Point x="1135" y="1921"/>
	<Point x="1103" y="1921"/>
	<Point x="1103" y="1922"/>
	<Point x="1100" y="1922"/>
	<Point x="1100" y="1921"/>
	<Point x="1098" y="1921"/>
	<Point x="1098" y="1920"/>
	<Point x="1097" y="1920"/>
	<Point x="1097" y="1916"/>
	<Point x="1098" y="1916"/>
	<Point x="1098" y="1900"/>
	<Point x="1099" y="1900"/>
	<Point x="1099" y="1898"/>
	<Point x="1100" y="1898"/>
	<Point x="1100" y="1895"/>
	<Point x="1101" y="1895"/>
	<Point x="1101" y="1893"/>
	<Point x="1102" y="1893"/>
	<Point x="1102" y="1890"/>
	<Point x="1103" y="1890"/>
	<Point x="1103" y="1889"/>
	<Point x="1127" y="1889"/>
	<Point x="1127" y="1888"/>
	<Point x="1128" y="1888"/>
	<Point x="1128" y="1887"/>
	<Point x="1132" y="1887"/></Coords>
	<TextEquiv>
	<PlainText></PlainText>
	<Unicode>53.</Unicode></TextEquiv></Word>
	<TextEquiv>
	<PlainText></PlainText>
	<Unicode>'t welk de Hr. A. niet is verdagt geweest. bl. 53.</Unicode></TextEquiv></TextLine>
	<TextEquiv>
	<PlainText></PlainText>
	<Unicode>DAT zij alleen ontaan is uit een misbegrip, op
't welk de Hr. A. niet is verdagt geweest. bl. 53.</Unicode></TextEquiv></TextRegion>
	<TextRegion id="r45" type="signature-mark">
	<Coords>
	<Point x="591" y="2022"/>
	<Point x="591" y="2088"/>
	<Point x="727" y="2088"/>
	<Point x="727" y="2022"/></Coords>
	<TextLine id="r291">
	<Coords>
	<Point x="656" y="2031"/>
	<Point x="656" y="2032"/>
	<Point x="657" y="2032"/>
	<Point x="657" y="2033"/>
	<Point x="658" y="2033"/>
	<Point x="658" y="2036"/>
	<Point x="663" y="2036"/>
	<Point x="663" y="2037"/>
	<Point x="664" y="2037"/>
	<Point x="664" y="2042"/>
	<Point x="704" y="2042"/>
	<Point x="704" y="2043"/>
	<Point x="705" y="2043"/>
	<Point x="705" y="2044"/>
	<Point x="706" y="2044"/>
	<Point x="706" y="2045"/>
	<Point x="707" y="2045"/>
	<Point x="707" y="2047"/>
	<Point x="708" y="2047"/>
	<Point x="708" y="2060"/>
	<Point x="712" y="2060"/>
	<Point x="712" y="2062"/>
	<Point x="713" y="2062"/>
	<Point x="713" y="2064"/>
	<Point x="709" y="2064"/>
	<Point x="709" y="2076"/>
	<Point x="704" y="2076"/>
	<Point x="704" y="2075"/>
	<Point x="703" y="2075"/>
	<Point x="703" y="2074"/>
	<Point x="702" y="2074"/>
	<Point x="702" y="2066"/>
	<Point x="696" y="2066"/>
	<Point x="696" y="2065"/>
	<Point x="695" y="2065"/>
	<Point x="695" y="2064"/>
	<Point x="692" y="2064"/>
	<Point x="692" y="2061"/>
	<Point x="693" y="2061"/>
	<Point x="693" y="2060"/>
	<Point x="694" y="2060"/>
	<Point x="694" y="2058"/>
	<Point x="618" y="2058"/>
	<Point x="618" y="2054"/>
	<Point x="617" y="2054"/>
	<Point x="617" y="2051"/>
	<Point x="611" y="2051"/>
	<Point x="611" y="2050"/>
	<Point x="610" y="2050"/>
	<Point x="610" y="2049"/>
	<Point x="611" y="2049"/>
	<Point x="611" y="2042"/>
	<Point x="612" y="2042"/>
	<Point x="612" y="2039"/>
	<Point x="615" y="2039"/>
	<Point x="615" y="2037"/>
	<Point x="616" y="2037"/>
	<Point x="616" y="2035"/>
	<Point x="617" y="2035"/>
	<Point x="617" y="2033"/>
	<Point x="654" y="2033"/>
	<Point x="654" y="2032"/>
	<Point x="656" y="2032"/></Coords>
	<Word id="r293">
	<Coords>
	<Point x="620" y="2033"/>
	<Point x="620" y="2034"/>
	<Point x="621" y="2034"/>
	<Point x="621" y="2035"/>
	<Point x="622" y="2035"/>
	<Point x="622" y="2038"/>
	<Point x="627" y="2038"/>
	<Point x="627" y="2039"/>
	<Point x="628" y="2039"/>
	<Point x="628" y="2050"/>
	<Point x="626" y="2050"/>
	<Point x="626" y="2051"/>
	<Point x="625" y="2051"/>
	<Point x="625" y="2056"/>
	<Point x="623" y="2056"/>
	<Point x="623" y="2058"/>
	<Point x="618" y="2058"/>
	<Point x="618" y="2054"/>
	<Point x="617" y="2054"/>
	<Point x="617" y="2051"/>
	<Point x="611" y="2051"/>
	<Point x="611" y="2050"/>
	<Point x="610" y="2050"/>
	<Point x="610" y="2049"/>
	<Point x="611" y="2049"/>
	<Point x="611" y="2042"/>
	<Point x="612" y="2042"/>
	<Point x="612" y="2039"/>
	<Point x="615" y="2039"/>
	<Point x="615" y="2037"/>
	<Point x="616" y="2037"/>
	<Point x="616" y="2035"/>
	<Point x="617" y="2035"/>
	<Point x="617" y="2033"/></Coords>
	<TextEquiv>
	<PlainText></PlainText>
	<Unicode>*</Unicode></TextEquiv></Word>
	<Word id="r294">
	<Coords>
	<Point x="656" y="2032"/>
	<Point x="657" y="2032"/>
	<Point x="657" y="2033"/>
	<Point x="658" y="2033"/>
	<Point x="658" y="2036"/>
	<Point x="663" y="2036"/>
	<Point x="663" y="2037"/>
	<Point x="664" y="2037"/>
	<Point x="664" y="2045"/>
	<Point x="665" y="2045"/>
	<Point x="665" y="2047"/>
	<Point x="660" y="2047"/>
	<Point x="660" y="2050"/>
	<Point x="659" y="2050"/>
	<Point x="659" y="2053"/>
	<Point x="658" y="2053"/>
	<Point x="658" y="2052"/>
	<Point x="656" y="2052"/>
	<Point x="656" y="2051"/>
	<Point x="655" y="2051"/>
	<Point x="655" y="2047"/>
	<Point x="648" y="2047"/>
	<Point x="648" y="2039"/>
	<Point x="649" y="2039"/>
	<Point x="649" y="2036"/>
	<Point x="654" y="2036"/>
	<Point x="654" y="2032"/>
	<Point x="656" y="2032"/>
	<Point x="656" y="2031"/></Coords>
	<TextEquiv>
	<PlainText></PlainText>
	<Unicode>*</Unicode></TextEquiv></Word>
	<Word id="r295">
	<Coords>
	<Point x="704" y="2043"/>
	<Point x="705" y="2043"/>
	<Point x="705" y="2044"/>
	<Point x="706" y="2044"/>
	<Point x="706" y="2045"/>
	<Point x="707" y="2045"/>
	<Point x="707" y="2047"/>
	<Point x="708" y="2047"/>
	<Point x="708" y="2060"/>
	<Point x="712" y="2060"/>
	<Point x="712" y="2062"/>
	<Point x="713" y="2062"/>
	<Point x="713" y="2064"/>
	<Point x="709" y="2064"/>
	<Point x="709" y="2076"/>
	<Point x="704" y="2076"/>
	<Point x="704" y="2075"/>
	<Point x="703" y="2075"/>
	<Point x="703" y="2074"/>
	<Point x="702" y="2074"/>
	<Point x="702" y="2066"/>
	<Point x="696" y="2066"/>
	<Point x="696" y="2065"/>
	<Point x="695" y="2065"/>
	<Point x="695" y="2064"/>
	<Point x="692" y="2064"/>
	<Point x="692" y="2061"/>
	<Point x="693" y="2061"/>
	<Point x="693" y="2060"/>
	<Point x="694" y="2060"/>
	<Point x="694" y="2056"/>
	<Point x="696" y="2056"/>
	<Point x="696" y="2052"/>
	<Point x="697" y="2052"/>
	<Point x="697" y="2051"/>
	<Point x="698" y="2051"/>
	<Point x="698" y="2050"/>
	<Point x="699" y="2050"/>
	<Point x="699" y="2049"/>
	<Point x="700" y="2049"/>
	<Point x="700" y="2047"/>
	<Point x="701" y="2047"/>
	<Point x="701" y="2044"/>
	<Point x="702" y="2044"/>
	<Point x="702" y="2043"/>
	<Point x="704" y="2043"/>
	<Point x="704" y="2042"/></Coords>
	<TextEquiv>
	<PlainText></PlainText>
	<Unicode>4</Unicode></TextEquiv></Word>
	<TextEquiv>
	<PlainText></PlainText>
	<Unicode>* * 4</Unicode></TextEquiv></TextLine>
	<TextEquiv>
	<PlainText></PlainText>
	<Unicode>* * 4</Unicode></TextEquiv></TextRegion>
	<TextRegion id="r47" type="catch-word">
	<Coords>
	<Point x="1104" y="2018"/>
	<Point x="1104" y="2073"/>
	<Point x="1173" y="2073"/>
	<Point x="1173" y="2018"/></Coords>
	<TextLine id="r292">
	<Coords>
	<Point x="1153" y="2032"/>
	<Point x="1155" y="2032"/>
	<Point x="1155" y="2033"/>
	<Point x="1157" y="2033"/>
	<Point x="1157" y="2034"/>
	<Point x="1158" y="2034"/>
	<Point x="1158" y="2035"/>
	<Point x="1160" y="2035"/>
	<Point x="1160" y="2036"/>
	<Point x="1161" y="2036"/>
	<Point x="1161" y="2037"/>
	<Point x="1162" y="2037"/>
	<Point x="1162" y="2048"/>
	<Point x="1154" y="2048"/>
	<Point x="1154" y="2055"/>
	<Point x="1150" y="2055"/>
	<Point x="1150" y="2056"/>
	<Point x="1126" y="2056"/>
	<Point x="1126" y="2057"/>
	<Point x="1125" y="2057"/>
	<Point x="1125" y="2058"/>
	<Point x="1123" y="2058"/>
	<Point x="1123" y="2059"/>
	<Point x="1122" y="2059"/>
	<Point x="1122" y="2058"/>
	<Point x="1121" y="2058"/>
	<Point x="1121" y="2056"/>
	<Point x="1119" y="2056"/>
	<Point x="1119" y="2055"/>
	<Point x="1117" y="2055"/>
	<Point x="1117" y="2054"/>
	<Point x="1116" y="2054"/>
	<Point x="1116" y="2053"/>
	<Point x="1114" y="2053"/>
	<Point x="1114" y="2052"/>
	<Point x="1113" y="2052"/>
	<Point x="1113" y="2051"/>
	<Point x="1112" y="2051"/>
	<Point x="1112" y="2047"/>
	<Point x="1113" y="2047"/>
	<Point x="1113" y="2042"/>
	<Point x="1114" y="2042"/>
	<Point x="1114" y="2039"/>
	<Point x="1115" y="2039"/>
	<Point x="1115" y="2038"/>
	<Point x="1116" y="2038"/>
	<Point x="1116" y="2036"/>
	<Point x="1118" y="2036"/>
	<Point x="1118" y="2035"/>
	<Point x="1123" y="2035"/>
	<Point x="1123" y="2034"/>
	<Point x="1145" y="2034"/>
	<Point x="1145" y="2033"/>
	<Point x="1153" y="2033"/></Coords>
	<Word id="r296">
	<Coords>
	<Point x="1153" y="2032"/>
	<Point x="1155" y="2032"/>
	<Point x="1155" y="2033"/>
	<Point x="1157" y="2033"/>
	<Point x="1157" y="2034"/>
	<Point x="1158" y="2034"/>
	<Point x="1158" y="2035"/>
	<Point x="1160" y="2035"/>
	<Point x="1160" y="2036"/>
	<Point x="1161" y="2036"/>
	<Point x="1161" y="2037"/>
	<Point x="1162" y="2037"/>
	<Point x="1162" y="2048"/>
	<Point x="1154" y="2048"/>
	<Point x="1154" y="2055"/>
	<Point x="1150" y="2055"/>
	<Point x="1150" y="2056"/>
	<Point x="1126" y="2056"/>
	<Point x="1126" y="2057"/>
	<Point x="1125" y="2057"/>
	<Point x="1125" y="2058"/>
	<Point x="1123" y="2058"/>
	<Point x="1123" y="2059"/>
	<Point x="1122" y="2059"/>
	<Point x="1122" y="2058"/>
	<Point x="1121" y="2058"/>
	<Point x="1121" y="2056"/>
	<Point x="1119" y="2056"/>
	<Point x="1119" y="2055"/>
	<Point x="1117" y="2055"/>
	<Point x="1117" y="2054"/>
	<Point x="1116" y="2054"/>
	<Point x="1116" y="2053"/>
	<Point x="1114" y="2053"/>
	<Point x="1114" y="2052"/>
	<Point x="1113" y="2052"/>
	<Point x="1113" y="2051"/>
	<Point x="1112" y="2051"/>
	<Point x="1112" y="2047"/>
	<Point x="1113" y="2047"/>
	<Point x="1113" y="2042"/>
	<Point x="1114" y="2042"/>
	<Point x="1114" y="2039"/>
	<Point x="1115" y="2039"/>
	<Point x="1115" y="2038"/>
	<Point x="1116" y="2038"/>
	<Point x="1116" y="2036"/>
	<Point x="1118" y="2036"/>
	<Point x="1118" y="2035"/>
	<Point x="1123" y="2035"/>
	<Point x="1123" y="2034"/>
	<Point x="1145" y="2034"/>
	<Point x="1145" y="2033"/>
	<Point x="1153" y="2033"/></Coords>
	<TextEquiv>
	<PlainText></PlainText>
	<Unicode>OP</Unicode></TextEquiv></Word>
	<TextEquiv>
	<PlainText></PlainText>
	<Unicode>OP</Unicode></TextEquiv></TextLine>
	<TextEquiv>
	<PlainText></PlainText>
	<Unicode>OP</Unicode></TextEquiv></TextRegion></Page></PcGts>
