1504 2692
335 294 959 321 VOORREDEN.

1089 292 1144 324 XV

161 384 313 409 wanneer
344 386 414 410 men
445 375 637 411 malkander
668 377 702 410 in
733 375 771 410 de
804 377 916 412 kennis
959 387 1028 411 van
1052 377 1135 412 deze

163 438 307 484 Wegen,
334 439 595 485 Handelwijzen
614 441 652 479 of
673 440 941 486 Huishoudingen
962 440 1048 475 Gods
1072 441 1136 476 wil

160 633 209 660 tot
232 628 305 662 dien
329 628 394 675 tijd
417 629 629 674 behoorende,
657 642 724 664 van
748 631 873 665 welken
899 630 961 676 wij
980 630 1131 679 preken.

162 567 212 599 uit
237 567 327 612 nig
351 568 452 601 ander
477 565 632 611 beginel,
659 568 721 601 dan
741 569 791 602 uit
808 568 846 602 de
873 568 920 601 H.
948 566 1135 615 Schriften,

160 502 404 547 onderwijzen,
433 504 458 537 t
482 501 537 552 zij
553 507 602 538 uit
628 505 664 538 de
685 504 1006 551 Regtsgeleerdheid,
1027 505 1060 538 t
1080 506 1134 551 zij

208 698 250 724 IK
279 692 336 725 ben
360 693 415 726 ook
440 701 476 736 op
495 694 531 726 de
557 693 740 727 Akademie
753 703 915 741 geweest;
942 695 976 729 ik
1001 695 1059 730 heb
1078 697 1138 731 ook

158 766 214 788 een
231 755 300 801 vrij
322 764 414 802 groot
433 756 553 789 aantal
569 767 637 789 van
651 756 810 801 Corpora
830 757 1048 805 Theologi,
1071 760 1132 804 Sy

159 818 316 859 emata,
336 819 564 862 Compendia,
592 818 788 862 Dorin,
809 818 992 864 Medull,
1024 825 1133 866 Ide,

158 882 349 925 Aphorismi
381 897 457 919 enz.
505 885 759 931 geraadpleegd;
794 886 852 930 dog
878 887 955 920 door
980 887 1039 921 den
1069 882 1137 933 tijd

163 1515 314 1561 beginels
340 1517 510 1552 ontleend?

156 946 341 989 bevonden,
366 947 425 981 dat
451 960 522 981 men
550 959 585 992 op
612 949 715 981 dezen
745 948 847 992 Regel
855 949 944 993 juist
960 950 1032 983 dien
1050 962 1133 985 aan

156 1008 234 1053 dagt
260 1010 326 1041 niet
348 1009 518 1053 gevestigd
545 1009 709 1053 gehouden
743 1009 855 1053 heeft,
892 1011 966 1045 dien
1000 1013 1138 1047 dezelve

156 1072 342 1106 verdiende.
394 1071 506 1106 Waar
531 1079 583 1117 tog
610 1075 638 1106 is
662 1085 716 1106 een
745 1072 890 1115 Syema
929 1073 1133 1119 Theologi

157 1136 326 1170 Revelat
349 1142 380 1168 te
399 1135 540 1179 vinden,
566 1136 625 1169 dat
650 1138 685 1170 in
713 1137 750 1171 de
774 1137 991 1184 leerukken,
1018 1141 1069 1175 die
1086 1143 1134 1176 ei

152 1199 274 1246 genlijk
303 1204 352 1233 tot
377 1199 414 1232 de
437 1199 729 1245 Godgeleerdheid,
757 1201 817 1234 dat
841 1204 891 1245 is,
918 1209 968 1236 tot
996 1203 1033 1237 de
1057 1204 1136 1237 ken

157 1264 217 1296 nis
236 1274 303 1296 van
329 1263 415 1296 Gods
436 1262 616 1308 genadigen
644 1264 708 1297 wil
732 1276 769 1298 en
795 1278 867 1312 weg
903 1273 1042 1300 omtrent
1077 1267 1139 1300 den

158 1333 272 1359 armen
297 1326 446 1360 zondaar
472 1325 648 1368 behooren,
674 1327 748 1370 ipt
769 1338 808 1361 en
838 1329 942 1361 alleen
972 1329 1015 1372 bij
1039 1329 1136 1362 Gods

160 1388 293 1422 Woord
315 1390 421 1434 blijft,
449 1391 573 1425 zonder
598 1390 688 1434 nig
714 1392 888 1438 inmengel
913 1405 990 1427 van
1008 1395 1137 1428 redene

159 1453 294 1498 ringen,
338 1457 388 1488 uit
423 1456 572 1490 vreemde
616 1464 653 1485 en
689 1452 892 1502 willekeurig
925 1467 1140 1503 aangenomen

204 1588 271 1611 ZIE
307 1580 393 1616 daar
430 1580 467 1614 de
494 1580 612 1623 reden,
646 1591 796 1616 waarom
825 1583 858 1616 ik
888 1583 926 1617 de
956 1585 1136 1629 Syemaas

160 1646 211 1675 eer
229 1642 413 1689 chadelijk
439 1643 505 1676 dan
531 1642 711 1690 voordeelig
743 1653 828 1691 agte.
874 1646 975 1681 Deze
1000 1646 1138 1681 handel

159 1705 236 1750 wijs
257 1707 373 1752 rijdt
400 1714 490 1753 tegen
515 1706 553 1740 de
579 1706 675 1752 eere
701 1706 852 1755 beginels
880 1707 949 1745 van
974 1710 1029 1744 het
1050 1710 1139 1745 Pro

159 2099 197 2122 en
231 2089 379 2124 bedaard
403 2097 555 2135 nagaan,
587 2090 691 2126 welke
730 2102 840 2137 wegen
870 2090 943 2125 God
974 2101 1054 2126 van
1075 2091 1143 2137 tijd

157 1771 401 1816 teantendom.
450 1771 587 1805 Hebben
625 1770 724 1817 mijne
764 1771 1018 1821 aanmerkingen
1056 1775 1141 1809 daar

158 1845 236 1866 ver
269 1842 324 1868 ten
354 1836 486 1881 gevolge
687 1834 746 1869 dat
782 1836 877 1870 velen
913 1837 968 1871 het
996 1837 1140 1883 Syema
517 1834 644 1882 gehad,

159 1907 226 1929 aan
252 1908 306 1930 een
341 1899 431 1942 zijde
456 1903 608 1942 werpen,
640 1898 691 1931 dit
717 1899 779 1931 zal
805 1898 872 1932 hun
900 1902 1020 1946 weinig
1037 1899 1140 1944 cha

159 1960 239 2004 den,
275 1972 370 1995 maar
403 1961 464 1995 hen
487 1969 578 2006 tegen
603 1961 673 1995 vele
698 1963 932 2008 misvattingen
959 1963 1139 2005 behoeden;

159 2025 237 2058 mits
266 2025 317 2070 zij
343 2025 402 2058 den
434 2024 547 2071 Bijbel
570 2025 622 2058 des
660 2033 691 2059 te
724 2024 905 2072 naariger
933 2027 1138 2072 beuderen,

1092 2162 1143 2194 tot
