1570 2726
1096 276 20 13 @

323 286 519 38 VERANTWOORD
850 269 81 59 IN
943 269 45 59 Ge
1080 277 62 39 83

149 387 49 41 3,
220 380 71 38 Dat
326 379 56 34 het
416 374 103 46 heilig
545 370 289 46 Doopfacrament
858 361 210 43 niet-\flegts
1094 357 41 46 zij

169 442 110 34 „een
315 424 142 45 uiterlijk
492 423 115 35 teeken
637 430 66 24 van
722 427 61 24 een
806 404 150 58 uiterlijk
971 404 79 58 „Lid
1076 408 59 36 der

167 506 28 19 „
221 477 161 46 uiterlijke
411 473 113 39 Kerk,
558 481 86 24 maar
679 467 65 35 wel
757 456 177 58 degelijk-
947 460 68 36 ook
1043 464 94 31 moet

168 556 25 18 „
218 525 210 49 aangemerkt
456 514 135 64 worden
602 518 60 35 als
682 527 62 24 een
767 513 93 48 zegel
876 513 55 33 des
941 508 195 41 Verbonds;

166 603 27 19 „
219 589 40 22 en
287 574 65 41 wel
380 574 56 34 des
456 561 156 65 Genade-
611 561 169 65 Verbonds
795 589 10 16 ,
832 562 25 33 *
872 559 88 36 welk
979 558 61 34 dan
1058 565 79 36 voor

218 629 63 34 den
328 624 96 44 Doop
458 609 119 63 moet»
590 609 187 63 onderfteld
818 610 138 36 worden
972 634 24 15 „.
1044 603 95 47 bijal-

216 676 75 36 dien
320 674 41 38 de
373 657 121 64 Doop
528 668 66 39 het.
612 666 92 46 zegel
729 674 62 24 van
815 661 53 34 dat
887 650 156 58 Verbond
1060 654 77 44 zijn

218 724 70 43 zal;
315 731 94 26 want
429 704 125 67 zonder
562 716 97 40 -deze
679 709 235 46 onderftelling
928 704 14 67 ís
982 706 42 34 de
1043 713 96 26 naam

164 800 26 18 …
216 785 64 25 van
308 771 99 47 Zegel
430 778 61 24 een
516 766 239 42 Letternaaam;
773 758 124 43 zonder
917 754 223 43 ‘beteekenis,

165 848 33 20 „
218 822 109 45 dewijl
354 828 74 28 men
458 828 81 36 geen
555 804 122 68 Zegel.
676 804 120 68 zetten
801 808 69 36 "of
885 806 161 36 ‘drukken
1074 803 67 36 kan

164 898 29 18 »
218 881 45 36 op
299 872 57 33 het
384 877 108 37 gene,
529 864 156 40 dat-miet:
704 863 34 32 in
767 853 373 45 wezen:
898 849 68 54 is.,
970 849 27 54 1:
997 853 140 45 Immers

164 932 118 33 „zoo
299 930 66 23 was
384 919 57 33 het
470 913 166 46 ousdtijds
658 910 145 47 gelegen
824 901 62 68 met
900 905 52 37 de
965 896 180 60 Befuijde-

221 971 70 38 nis,
323 965 211 47 gelijkerwijs
560 962 54 44 wij
643 961 76 34 daar
738 967 90 25 even
856 964 101 36 zagen
969 945 117 57 „met,
1088 945 53 57 dit

167 1044 32 17 9,
221 1014 239 40 onderfcheid
438 1006 21 59 ,
478 1010 113 42 enz.”
642 1009 90 33 Daar
764 1014 131 29 najeen
905 998 159 51 weinig.
1069 1009 75 34 ver-

165 1068 79 38 der,
277 1065 43 34 bl.
357 1073 58 33 24.
463 1085 25 18 »
513 1059 84 44 Dog
631 1054 167 36 overmids
835 1052 49 34 dit
919 1049 161 42 uiterlijk.
1101 1057 45 24 en

168 1141 27 18 >
220 1111 245 47 fchaduwagtig,
489 1100 373 44 Sinairisch-Verbond
886 1110 47 24 nu
959 1094 186 49 wernietigd
1174 1127 2 3 …

167 1166 103 44 „is,
304 1173 40 23 en
373 1159 107 36 onder
508 1157 42 34 de
578 1155 105 47 dagen
708 1163 61 24 van
797 1152 58 34 het
880 1148 49 36 N.
953 1147 43 36 T.
1024 1148 31 33 in
1086 1146 59 34 het

166 1239 30 18 >
210 1211 207 46 Koningrijk
438 1208 57 34 der
513 1204 165 37 Hemelen
697 1202 105 41 alleen
823 1210 87 28 maar
925 1189 223 58 plaats;heeft

167 1288 31 18 »
223 1264 58 41 het
315 1250 158 60 Genade-
480 1279 176 16 Verbond,
739 1249 99 41 welk
869 1249 194 46 geenszins:
1079 1245 68 38 wit

170 1333 50 24 v>.
220 1307 129 54 wendig
376 1318 43 24 en
437 1303 213 51 Jighamelijk
661 1303 56 41 is,
744 1310 88 25 maar
851 1297 106 41 alleen
979 1294 169 46 inwendig

169 1371 102 33 „en
304 1355 187 52 geeftelijk,
526 1354 20 44 $
571 1364 66 24 zoo
668 1352 85 40 kan,
790 1358 42 24 en
861 1338 161 58 mag;de;
1027 1338 120 58 Doop

170 1395 224 62 ».-ooka.niet
398 1404 146 46 ‚anders
577 1399 214 49 aangemerkt
820 1395 137 38 worden
968 1411 28 25 ;:
1015 1392 61 34 dan
1103 1390 47 36 als

171 1484 38 20 2,
226 1469 63 32 ten
318 1454 227 50 Zegelteeken
579 1461 63 24 van
681 1449 55 33 det
762 1444 168 46 inwendig
955 1451 42 24 en
1025 1438 127 49 geefte-

171 1532 27 19 »
197 1496 102 61 lijk,
314 1496 157 61 Gemade-
480 1500 184 41 Verbond,
698 1507 42 22 en
776 1487 203 57 gevolgelijk
1013 1478 141 58 moeten.

172 1582 25 18 »
222 1552 203 49 en-mogen.
434 1543 396 59 geene-anderengvoor”
847 1541 164 45 waardige
1031 1539 122 45 onder-

173 1631 27 18 …
227 1602 221 46 werpen;:des
472 1598 158 45 Heiligen
652 1596 126 42 Doops
784 1589 185 43 „verklaard
992 1587 158 42 worden,

171 1665 38 34 ss;
224 1654 62 44 dan
308 1652 146 45 zulken,
480 1649 54 34 die
558 1644 147 46 waarlijk
726 1640 256 48 Beelgenocren
992 1638 75 45 zijn
1087 1647 68 32 van

223 1703 60 44 dat
294 1696 178 51 inwendig
495 1708 44 27 en
561 1692 166 51 geeftelijk
748 1681 162 57 Genade=
918 1686 182 44 Verbond,
1127 1685 56 41 ’.

175 1750 262 50 „‚welk:.doer
454 1760 3 3 “
477 1747 64 36 den
562 1745 215 44 Doopsgeo
797 1739 74 41 wel
901 1737 58 42 als,
970 1737 108 41 door.
1094 1735 62 38 her

275 1811 105 35 Bd
433 1808 21 10 OM
592 1803 45 34 MA
669 1796 113 40 shae
809 1801 35 14 7
912 1795 88 36 zh:
1016 1784 141 41 Avonde

279 1870 22 23 AN
338 1871 133 23 ee
608 1851 169 33 dk
914 1845 59 34 al
1003 1854 76 20 en:
1110 1853 13 17 …

178 1905 19 34 3
218 1903 39 27 In
267 1900 70 42 den
365 1898 141 30 tweeden
525 1895 73 28 druk
625 1901 56 20 van
706 1892 42 39 dit
770 1890 138 40 boekjen,
925 1887 79 37 dien
1027 1887 34 37 ik
1079 1886 82 35 thans

217 1941 72 33 voor
318 1935 46 40 mij
376 1936 92 39 heb,
502 1934 79 28 ftond
597 1940 82 19 .eerst
701 1927 162 37 inwendig,
896 1935 33 25 en
955 1919 63 34 daar
1043 1934 40 19 na,
1097 1920 62 31 vit-

219 1978 123 33 twendig.
376 1979 71 35 Dog
476 1975 63 26 daar
568 1972 40 27 dit
634 1968 218 37 klaarblijkelijk
875 1974 79 25 regen
977 1965 32 27 de
1032 1965 129 32 meening

221 2019 50 26 des
296 2016 156 32 Sékrijvers
479 2012 145 33 aanloopt,
647 2011 65 25 ‘heb
741 2009 30 25 ìk
798 2008 47 25 het
868 2007 39 26 als
934 2013 68 19 eene
1022 2004 139 36 drpkfout

223 2055 198 41 aangemerkt,
449 2061 34 21 en
498 2052 115 35 daarom
638 2045 162 31 veranderd,
1057 2058 11 5 Nn

166 653 26 18 2

163 701 35 19 25

165 751 28 18 3%

165 995 29 19 3
