1466 2696
292 279 689 43 VERANTWOORDING
1072 279 41 46 Ì8

148 355 68 36 leer
246 351 165 62 maakten.
417 351 141 62 dezelve
584 363 315 46 verwerpelijk,
836 351 73 62 ‘en
932 378 60 23 een
1021 368 99 36 ander

138 405 202 44 Leerftelfel
386 410 241 46 noodzakelijk,
687 413 84 48 Dog
803 416 48 33 de
886 417 230 46 zwarigheden

149 465 98 37 tegen
277 458 62 33 den
372 457 240 47 Kinderdoop:,
649 463 50 44 uit
714 474 92 23 een.
809 464 309 46 Genadeverbond;

148 516 86 23 waar
253 507 31 33 in
305 509 244 44 geenezandere
569 512 548 49 verbondelingenkdadelijk:zijn3

148 553 44 35 of
222 554 85 45 (om
335 568 35 23 er
405 567 69 25 ten:
498 569 153 37 genoege
687 562 160 43 wan:zden
873 563 91 46 Heer
1001 567 44 33 A:
1071 567 48 34 dit

146 604 120 34 woord
289 616 44 24 nu
369 607 262 47 bijtevoegen,
604 600 20 59 )
657 611 135 44 blijven,
824 613 66 34 ‘dan
925 610 49 57 die
992 610 110 57 ‘opregt

145 651 56 37 het
228 653 155 37 Verbond
385 649 138 43 hebben
542 664 225 41 aangegaan,
794 674 40 22 en
850 663 170 47 poginsen
1039 666 80 34 doen

143 713 52 23 om
222 713 146 37 getrouw
395 707 147 34 aande
578 710 238 47 voorwaarden
846 714 35 33 te
915 712 205 37 beantwoors

143 752 85 41 den,
254 754 86 44 (zie
364 754 66 34 den
447 755 109 39 Heer
584 756 43 35 A,
656 758 42 34 U
730 761 89 43 or.)
851 761 61 35 De
937 764 183 45 zwarighes

137 799 93 42 den,
265 807 68 42 zeg
352 804 55 40 ik,
427 805 65 35 “wit
529 805 78 36 zulk
630 808 66 33 een
725 808 210 45 Verbond:
952 804 68 53 mer
1032 804 87 53 1.den

143 850 158 35 aankleve
332 864 60 23 van
405 853 122 46 dien,
543 865 97 36 tegen
657 856 82 35 ‚den
758 858 361 49 Kinderdobpopkos

143 899 140 42 mende,
320 903 209 35 noodzaken
545 915 68 24 ons:
642 906 289 47 insgelijks
857 895 68 62 om
950 912 76 33 naâr
1044 921 74 26 een

140 948 101 34 ander
251 949 437 46 ;Leerftelfel:-omrezien;
709 965 88 24 „ten.
818 969 85 23 ware
925 968 94 26 men:
1038 963 79 45 zig;

137 996 101 45 gelijk
269 998 40 32 de
338 998 91 34 Heer
455 1002 44 33 A,
527 992 179 60 behelpen.
713 992 80 60 kan.
809 1011 67 29 met
903 1010 62 32 eeri
992 1006 126 54 zoóge.

136 1045 115 34 naamd
279 1047 137 35 oordéel
444 1049 57 34 der
527 1050 125 42 liefde,
679 1052 24 35 *t
734 1054 96 34 welk.
850 1055 85 35 men!
952 1057 33 35 iù
1007 1057 24 35 ’t
1054 1057 63 47 bij

137 1094 145 43 zonder,
318 1099 110 32 noóit
447 1098 100 35 zeker
578 1111 108 32 weet,
724 1102 49 34 of.
792 1104 68 34 het
885 1109 148 44 gegrond
1047 1110 67 41 is,

136 1153 109 31 maar,
273 1147 32 32 in
325 1145 24 34 ’t
355 1145 206 48 algemeen,
590 1160 74 24 zeer
691 1153 204 42 zekerstdat
923 1157 56 34 hee
1001 1156 114 38 valsch

134 1202 42 24 en
206 1197 227 45 orwaaragtig.
452 1199 45 33 is:
528 1198 61 35 Dic
607 1205 54 29 ru
667 1201 145 36 “känrik
827 1206 82 33 hiet
937 1206 108 44 doen,
1064 1209 53 35 de

134 1240 91 36 Heer
250 1246 40 33 A,
313 1255 142 37 vergeve
482 1247 56 34 het
568 1250 91 45 mij!
678 1250 59 47 Hij
766 1255 157 44 zeguwel
938 1280 12 18 ,
973 1265 76 27 omt
1050 1251 66 55 des

135 1302 39 23 ze
203 1292 99 35 reden
334 1304 50 25 tot
414 1297 102 43 mijss
530 1296 56 35 die
617 1299 90 36 hem:
724 1307 140 42 nergens
898 1305 32 32 in
957 1307 158 47 beledigd

137 1340 83 35 had:
234 1336 76 67 ‘Gij
330 1340 130 50 fchijnt
490 1345 48 35 "er
565 1349 69 34 niet
663 1361 80 24 voor
756 1361 44 38 te
827 1353 88 43 zijn,
940 1366 54 25 om
1022 1354 92 37 naar

136 1391 62 35 den
227 1401 84 25 aart
338 1394 62 41 der,
429 1394 98 46 lièfile
561 1399 121 32 over
709 1409 183 26 rRMAND
926 1410 34 26 te
986 1406 130 34 oordee.

134 1439 79 34 len!
242 1440 82 46 dog:
337 1442 71 34 hec:
422 1444 37 33 is:
476 1444 274 46 kennelijk's
685 1435 70 59 dar
768 1447 63 34 ddr
837 1443 277 60 onbédagtzaams

135 1488 75 34 heid
247 1489 85 35 hem,
349 1491 185 36 dic"heeft
544 1494 119 34 ‘doen
682 1493 178 48 {chrijven.
910 1499 47 36 Ik
976 1503 50 33 zal
1055 1511 60 27 om

135 1537 41 33 de
220 1540 385 38 onverdiendheitd.:.van:
635 1544 89 35 izulk
737 1554 101 27 “eene
879 1548 235 55 opgeworpen

134 1585 119 37 kladde
282 1590 243 41 aantetodnen,
561 1592 104 37 alleen
696 1594 87 35 doen
813 1601 212 41 opmerken,
1053 1601 61 37 dat

132 1645 36 23 er
197 1636 152 35 immers.
359 1632 226 66 onderfcheid
610 1644 63 46 zij,
706 1642 155 39 tusfthen
896 1645 58 38 hét
988 1650 124 44 bijzon:

132 1685 58 33 der
209 1681 138 52 oordeel
357 1693 75 31 van
455 1689 140 37 iemand
615 1696 250 42 oversiemand,
893 1708 41 24 en
956 1697 155 40 tustehen

130 1734 57 35 het
217 1736 148 36 bouwen
395 1740 59 33 van
487 1742 60 33 eer
574 1741 119 47 geheel
725 1744 192 37 Leerftelfel
950 1760 46 34 op
1016 1758 98 29 ‘eene

129 1779 239 65 denkbeeldige
368 1779 261 65 »onderttelling
640 1789 21 45 ;
684 1802 68 26 van
769 1791 123 40 welke
904 1787 108 56 alle’
1011 1787 101 56 miens

132 1833 112 34 fchen.
261 1837 176 47 overtuigd
455 1840 86 44 zijn,
565 1842 56 34 dat
649 1843 295 51 zij-conwadragtig
972 1850 49 33 is?
1046 1851 64 35 Als

133 1883 114 34 mede:
284 1883 68 36 Dat
379 1888 133 35 inimers
535 1892 69 33 niet
631 1898 88 29 maâtr
745 1894 106 35 alleen
876 1897 41 34 de
945 1909 98 36 vraag
1060 1902 46 42 is,

130 1931 45 35 of
198 1932 40 33 de
270 1932 196 39 Bedienaars
494 1938 56 35 des
580 1942 148 34 Woords
757 1953 42 25 en
826 1944 59 36 der
914 1947 194 37 Sacramen-

130 1989 54 25 ten
215 1983 53 45 zig
291 1984 184 46 eenigszins
501 1998 40 23 en
566 1998 52 26 ten
640 1992 194 44 naaftenbij,
862 2006 69 24 met
950 1999 57 33 het
1025 1996 85 48 oor-

127 2030 75 36 deel
228 2032 62 49 der
308 2033 99 36 liefde
418 2026 146 60 zouden
577 2026 161 60 .kunnen-
751 2043 192 47 behelpen,
970 2058 40 24 en
1029 2048 78 35 hun.

137 2095 17 24 ‘
1058 2109 46 24 ei-
