1562 2718
301 288 966 326 VERANTWOORDING

1076 283 1125 322 37

152 395 216 420 van
248 382 464 423 Groningen,
499 377 571 410 dien
608 376 663 414 ik,
697 373 740 416 bij
775 372 853 406 deze
884 365 1124 414 gelegenheid,

155 444 224 468 met
255 434 362 475 innige
390 426 595 472 hoogagting
626 433 765 461 noeme,
791 422 836 454 als
864 420 932 459 die,
960 427 1023 452 wat
1045 425 1122 449 men

153 484 219 517 ook
248 490 369 526 zegge,
397 479 450 521 mij
550 473 688 506 anderen
720 471 759 504 de
789 470 874 504 oude
903 477 992 513 regte
1014 465 1121 509 paden
471 488 527 514 en

152 532 317 565 wederom
347 527 438 561 heeft
466 533 705 569 aangewezen,
733 531 773 553 en
801 530 857 552 aan
885 518 969 551 wien
1000 516 1030 547 ik
1051 515 1121 546 des

153 590 265 626 wegen
294 578 414 617 erken,
452 575 491 608 de
522 571 720 618 hartelijke
748 565 988 604 dankbaarheid
1015 561 1123 598 chul

148 631 204 675 dig
230 639 261 662 te
288 630 362 672 zijn.

198 689 279 712 HET
311 679 356 715 is,
384 672 557 716 namelijk,
585 668 852 714 wereldkundig,
877 665 966 700 welk
986 674 1046 697 een
1065 672 1124 709 ge

149 737 225 772 rugt
263 726 301 759 de
334 724 566 768 Groningche
601 719 779 767 gechillen
813 727 892 750 over
920 716 981 748 den
1012 723 1123 746 waren

148 787 215 811 aart
238 776 295 809 der
322 775 573 811 Sacramenten,
601 779 745 803 omtrent
773 769 829 801 het
854 767 919 810 jaar
951 764 1052 809 I760.
1080 771 1124 794 en

149 825 367 869 vervolgens,
403 821 554 869 gemaakt
588 820 743 858 hebben;
781 827 821 849 en
860 815 913 848 het
941 812 1035 851 deel,
1072 810 1126 843 dat

149 886 225 909 men
251 875 325 907 daar
352 874 406 914 in,
443 882 487 914 op
517 880 580 902 zoo
608 869 680 900 vele
710 867 851 910 plaaten
882 874 942 896 van
970 872 1030 896 ons
1058 860 1128 894 Va

151 924 285 957 derland
312 933 404 958 nam,
431 921 457 953 is
485 929 547 952 een
575 919 687 950 nieuw
709 915 844 958 bewijs,
873 913 925 944 dat
944 922 1040 951 men,
1068 919 1128 954 ge

149 968 295 1007 durende
325 970 404 1002 deze
437 967 567 1005 Eeuw,
605 974 736 1000 ontrust
766 965 791 996 is
821 961 1002 1007 gebleven,
1041 958 1126 991 door

150 1019 390 1067 gemoedelijke
416 1018 608 1052 bezwaren,
638 1014 769 1045 welken
796 1022 870 1043 men
898 1011 929 1041 in
953 1010 1009 1040 het
1031 1008 1127 1039 heer

150 1068 291 1104 chende
329 1069 446 1111 begrip
485 1073 564 1096 over
597 1061 693 1096 Gods
726 1058 905 1096 Verbond,
942 1057 982 1088 de
1012 1055 1125 1095 Kerk,

150 1131 192 1153 en
221 1119 285 1151 den
315 1126 380 1149 aart
409 1115 465 1146 der
494 1112 746 1150 Sacramenten,
774 1118 843 1143 met
869 1107 906 1140 de
921 1096 1073 1152 praktijk
1088 1101 1132 1137 of

153 2103 239 2143 ben,
272 2110 314 2133 en
342 2096 382 2132 de
410 2092 829 2143 gemoedsworelingen,
868 2093 952 2127 door
978 2092 1018 2124 de
1046 2098 1135 2123 zwa

154 1165 364 1212 uitoefening
401 1159 598 1207 vergeleken
640 1159 773 1205 zijnde,
826 1157 914 1201 bijna
953 1155 1126 1200 algemeen

151 1216 271 1251 voelde
308 1213 475 1252 drukken,
512 1209 634 1244 zonder
669 1209 723 1241 dat
754 1207 840 1241 zelfs
878 1206 917 1239 de
955 1202 1128 1250 kundige

154 1267 315 1300 Leeraars
344 1264 395 1307 zig
430 1270 652 1307 genoegzaam
689 1259 805 1291 wisten
841 1266 872 1289 te
908 1254 1050 1294 redden,
1089 1251 1133 1289 of

151 1327 209 1350 aan
238 1312 442 1356 verandige
467 1308 715 1355 godvruchtige
743 1307 885 1350 Vragers
914 1315 975 1339 een
1004 1303 1128 1335 amen

148 1362 330 1399 emmend
357 1359 530 1394 antwoord
556 1368 587 1391 te
613 1364 732 1403 geven.
770 1354 889 1388 Alleen
911 1353 1019 1385 Vader
1036 1350 1129 1395 Jans

153 1415 281 1453 onius,
319 1410 373 1455 ('t
402 1409 439 1452 zij
477 1405 601 1441 zonder
635 1403 852 1448 benadeeling
886 1412 948 1435 van
981 1399 1127 1433 iemands

151 1465 266 1509 agting
285 1459 412 1506 gezegd
422 1459 441 1502 )
461 1456 554 1490 heeft
575 1456 619 1488 dit
639 1455 781 1500 gedaan,
808 1462 847 1484 en
869 1453 922 1495 zig
943 1460 1000 1482 aan
1021 1448 1129 1482 Neer

155 1512 246 1546 lands
267 1509 357 1542 Kerk
385 1507 428 1551 bij
450 1504 568 1539 uitek
588 1502 745 1537 verdiend
764 1500 934 1545 gemaakt,
961 1500 1045 1532 door
1066 1507 1129 1530 een

151 1562 234 1596 licht
271 1569 301 1591 te
337 1556 532 1593 onteken,
566 1552 589 1585 't
616 1550 703 1585 welk
740 1561 838 1590 men,
876 1548 977 1595 gelijk
1009 1548 1041 1580 ik
1073 1547 1128 1590 mij

152 1610 216 1645 wel
247 1605 421 1640 verzekerd
448 1602 579 1642 houde,
613 1602 682 1634 niet
709 1610 797 1633 weer
825 1599 873 1632 zal
900 1599 1034 1631 kunnen
1062 1597 1129 1629 uit

151 1659 292 1695 blusen.
345 1654 427 1699 Dog
456 1663 530 1685 men
559 1659 665 1691 weet,
692 1650 756 1683 hoe
779 1649 841 1681 het
854 1658 920 1681 met
940 1657 1021 1680 eene
1041 1653 1129 1679 eerst

153 1704 365 1753 geopperde,
401 1713 441 1736 en
479 1701 517 1734 de
552 1710 629 1733 eens
665 1707 911 1744 aangenomene
941 1697 1127 1742 begrippen

151 1753 381 1793 omootende
409 1749 586 1785 Waarheid
614 1756 708 1794 gaat,
742 1748 772 1780 al
799 1748 824 1780 is
853 1746 891 1790 zij
916 1746 1031 1779 anders
1057 1742 1127 1777 ook

152 1818 220 1852 nog
246 1815 309 1839 zoo
338 1801 431 1837 oud?
459 1800 508 1844 Zij
539 1799 599 1832 kan
617 1800 652 1832 in
675 1797 736 1831 den
756 1797 900 1842 beginne
921 1797 989 1829 niet
1007 1802 1128 1833 voort,

150 1865 284 1901 wegens
315 1852 355 1886 de
385 1847 551 1895 traagheid
581 1858 631 1881 tot
660 1846 871 1884 onderzoek,
907 1846 959 1879 die
990 1844 1033 1887 bij
1062 1843 1127 1875 den

152 1915 279 1944 eenen,
305 1895 527 1935 vooroordeel
559 1897 612 1929 dat
630 1895 679 1940 bij
702 1905 762 1928 een
783 1895 946 1934 anderen,
971 1904 1013 1926 en
1034 1903 1129 1925 men

151 1956 347 1989 chenvrees
369 1949 420 1982 die
442 1947 487 1991 bij
509 1956 570 1979 een
591 1945 713 1979 derden
732 1944 898 1978 heerscht.
941 1942 1023 1977 Hier
1040 1941 1129 1975 door

153 2008 178 2038 is
210 2004 266 2036 het
297 2011 331 2034 er
360 2006 428 2043 nog
458 2006 514 2030 ver
540 2005 602 2028 van
632 1994 735 2032 daan,
768 1993 821 2027 dat
850 2003 923 2027 men
948 1993 988 2025 de
1015 2001 1130 2037 oogen

149 2064 239 2087 voor
276 2050 356 2085 deze
388 2044 551 2080 waarheid
579 2043 749 2089 algemeen
777 2052 840 2076 zou
868 2041 1022 2087 geopend
1048 2039 1131 2074 heb

1073 2133 1139 2183 rig

608 2142 639 2177 C
670 2153 689 2189 3
