1614 2716
638 285 534 38 PRILADELPHUS

466 398 25 19 >
514 381 229 27 WANNEER
762 384 46 35 op
823 375 201 45 ingenomen
1044 377 351 47 preadvijs:
1225 370 64 58 van
1298 377 97 47 Hee-

421 439 23 28 »
469 432 56 25 ten
548 421 285 36 Commisforisfen
860 423 168 48 Politicq:
1050 427 67 34 Dat
1144 438 85 36 geen
1252 430 145 43 particu-

422 497 25 19 »
472 472 61 34 lier
552 471 194 41 Predikant,
771 472 228 43 Kerkenraad,
1023 475 119 35 Klasfis
1168 477 44 34 of
1237 479 159 43 Synode,

422 547 26 18 »
473 529 90 38 magt
588 519 65 36 had
677 522 119 46 eenige
821 523 217 48 verandering
1055 525 75 35 daar
1149 527 32 33 in
1202 536 33 25 te
1255 527 141 37 maken,

422 595 26 20 ‚
471 569 45 36 of
540 570 60 34 iets
627 569 74 36 daar
722 571 34 33 in
783 580 32 24 te
848 572 201 44 ampliëren,
1084 575 244 47 distingueren,
1364 574 43 37 of

424 644 26 19 »
478 619 212 45 Excipieren,
717 630 88 24 maar
830 621 45 44 bij
901 622 40 34 de
969 622 95 35 letter
1084 635 60 23 van
1165 625 40 33 de
1225 625 175 35 formulie-

423 693 28 19 »
478 678 58 24 ren
561 668 77 45 flipt
664 678 107 26 moest
799 669 141 45 blijven;
967 674 157 33 overmits
1152 675 68 33 niet
1238 674 105 35 alleen
1368 677 35 32 in

424 740 27 21 s
476 717 42 34 de
536 717 79 45 Syn.
643 717 80 36 Nat.
755 719 106 45 1619.
888 731 88 24 maar
999 722 68 33 ook
1085 723 46 44 bij
1149 723 40 33 de
1211 724 191 34 Gemeene-

426 791 25 19 »
477 766 216 35 landswetten
715 778 65 24 van
796 768 42 34 de
857 770 323 45 geconfoedereerde
1201 771 201 36 Provinciën

426 840 24 19 »
480 817 92 34 162o
611 817 92 34 zulks
729 828 67 23 was
823 827 249 35 aangenomen,
1099 831 41 24 en
1161 821 45 34 als
1231 831 61 25 een
1312 831 92 25 vaste

426 889 25 19 »
474 875 42 24 en
533 866 285 45 onverbrekelijke
839 877 65 25 wet
931 869 213 46 vastgefteld;
1173 870 154 35 zullende
1356 881 50 23 te-

425 939 24 18 »
475 924 65 36 gen
568 914 41 33 de
633 916 250 44 fransgresfeurs
912 916 75 35 daar
1012 918 31 33 ín
1064 929 76 23 naar
1158 910 153 55 Kerken-
1310 910 92 55 orde

424 987 26 20 »
475 963 135 34 kunnen
638 963 250 46 geprocedeerd
914 966 175 34 worden.”

475 1037 26 17 2»
527 1022 83 24 ZOO
639 1013 26 33 is
703 1012 42 40 ’t,‚
783 1012 54 34 dat
872 1013 80 34 deze
989 1016 84 33 Chr.
1107 1016 155 45 Synodus
1291 1019 34 33 in
1357 1017 50 36 dit

426 1073 26 31 5»
478 1060 168 47 hoogwijs
684 1061 171 44 preadvijs
895 1073 67 25 zoo
1000 1074 100 35 groot
1136 1076 60 24 een
1228 1077 177 37 genoegen

425 1134 27 18 s»
478 1110 111 41 vond,
617 1112 53 31 dat
692 1120 68 24 met
781 1112 234 45 eenparigheid
1033 1115 229 44 gerefolveerd
1290 1116 114 43 heeft,

427 1183 25 19 »
478 1158 75 35 daar
581 1159 46 44 bij
647 1159 46 34 als
717 1168 61 24 een
802 1160 169 34 conftante
1000 1172 67 24 wet
1087 1172 32 25 te
1138 1164 218 45 verblijven.”

478 1218 86 24 vaN
591 1208 48 33 dit
664 1208 126 35 Befluit
809 1209 62 47 gaf
885 1209 41 34 de
945 1210 270 46 Correfpondens
1242 1214 58 34 der
1322 1213 85 36 Gel-

429 1256 138 35 derfche
588 1257 158 44 Synode,
773 1258 32 32 in
835 1258 61 34 den
923 1259 69 44 jare
1025 1271 101 36 1793.
1153 1262 114 36 kennis
1283 1274 58 23 aan
1363 1263 42 34 de

429 1306 136 44 Synode
593 1316 62 24 van
687 1305 167 42 Utrecht,
892 1307 73 35 daar
993 1308 57 36 het
1079 1320 77 25 toen
1193 1313 51 33 ad
1275 1312 133 36 Notam

429 1355 93 34 werd
550 1365 192 36 genomen,
768 1366 39 23 en
827 1358 34 32 in
881 1357 25 32 ’t
925 1358 150 46 volgend
1096 1360 68 45 jaar
1184 1370 104 36 1724.
1315 1360 93 36 werd

427 1403 123 44 daarop
588 1404 164 34 befloten:
797 1429 22 17 …„
849 1405 69 35 Dat
954 1406 47 35 D.
1039 1408 48 34 D.
1121 1410 160 45 Deputari
1313 1410 96 36 Clas-

424 1476 27 20 »
477 1452 103 42 fium,
600 1452 33 33 in
652 1452 206 42 vifitatione,
885 1465 58 23 aan
963 1456 63 34 alle
1047 1457 253 44 Kerkenraden,
1326 1470 83 24 zon-

429 1525 26 19 »
480 1501 58 33 der
565 1500 238 49 onderfcheid,
838 1513 136 25 moeten
1002 1517 145 34 vragen,
1180 1507 43 36 of
1247 1508 38 34 de
1323 1508 84 35 For-

430 1574 24 19 »»
479 1549 181 42 mulieren,
695 1550 235 35 inzonderheid
966 1553 56 35 des
1048 1555 123 45 Doops
1196 1567 41 24 en
1269 1557 139 35 Avond-

432 1622 26 20 s
485 1598 122 42 maals,
625 1608 49 23 en
702 1609 70 36 nog
804 1600 284 48 bijzonderlijker,
1115 1604 45 35 of
1182 1605 40 33 de
1248 1606 71 33 drie
1339 1617 71 23 vra-

430 1672 24 19 »
480 1658 64 36 gen
572 1649 33 32 in
631 1647 58 34 het
718 1648 174 34 formulier
914 1650 56 35 des
993 1652 43 35 H,
1064 1653 144 46 Doops,
1234 1655 178 34 volkome-

432 1721 24 19 »
482 1697 59 43 lijk
572 1707 40 23 en
646 1697 125 34 zonder
805 1699 219 48 verandering
1059 1704 138 33 worden
1242 1703 166 46 gelezen?

431 1770 26 19 »
484 1745 75 34 Ten
580 1745 95 35 einde
697 1746 74 34 daar
788 1758 86 31 van,
901 1749 44 45 bij
967 1750 127 47 klagte,
1122 1752 43 34 of
1179 1753 231 46 tegendeelige

429 1818 26 20 »
479 1795 178 46 bevinding
683 1806 65 24 zou
768 1796 134 35 kunnen
932 1798 142 45 blijken,
1100 1811 40 24 en
1169 1813 46 33 op
1235 1802 40 34 de
1295 1803 117 34 Chris-

431 1868 26 19 »
484 1843 110 44 telijke
628 1844 135 45 Synode
798 1856 60 23 van
888 1847 58 46 tijd
980 1857 50 27 tot
1059 1849 59 46 tijd
1153 1849 257 48 gerapporteerd

433 1916 25 19 »
487 1894 138 34 worden
667 1894 40 34 de
734 1896 268 48 getrouwigheid
1030 1909 43 24 en
1107 1901 234 48 opregtigheid
1372 1901 36 34 in

429 1966 26 19 »
480 1941 140 35 dezen.”

491 2002 54 25 pE
579 1989 67 46 Hye
681 1991 197 37 Kelderman
912 1995 33 33 in
980 1995 25 35 *
1039 1998 69 44 jaer
1148 2008 103 36 1725.
1285 2009 46 35 op
1365 1999 43 35 de

433 2038 220 39 Urtrechtfche
682 2040 133 48 Synode
845 2043 252 48 prefiderende,
1134 2047 89 38 vond
1246 2050 55 45 zig
1329 2048 73 35 des-

1283 2107 119 41 wegen
