1576 2718
322 261 667 63 VERANTWOORDING,
1098 262 52 46 57

186 371 66 49 lijk
281 369 149 38 Verbond
447 368 94 34 komt
570 361 145 47 waarlijk
745 369 88 26 maar
851 367 65 25 van
943 355 78 36 ééne
1048 351 103 47 zijde.

189 423 96 37 Maar
307 431 65 24 zoo
400 428 46 26 nu
474 417 57 34 het
558 410 185 39 denkbeeld
766 420 62 24 van
856 417 60 24 een
941 396 215 55 menfchelijk

190 470 151 36 verbond
369 468 39 35 de
437 466 75 46 Spil
538 473 106 26 moest
670 461 86 46 zijn,
791 467 86 26 waar
906 464 46 35 op
980 452 78 36 alles
1086 458 69 26 wat

191 520 42 34 de
267 529 64 25 nr.
376 522 342 29 AverHormiLus
769 518 41 24 en
852 506 35 34 ik
929 495 204 52 behandelen
1143 522 8 18 ,

192 567 150 41 draaide,
378 575 87 25 waar
498 573 65 25 zou
599 562 45 44 hij
673 560 63 35 dan
774 566 60 36 tog
866 552 101 37 onder
995 551 41 36 de
1066 557 94 30 men-

190 618 100 38 fchen
317 626 63 30 een
409 612 178 47 Eénzijdie
608 608 153 39 Verbond
782 602 149 41 vinden?

241 728 63 25 om
330 714 61 36 dan
428 721 69 27 met
530 710 46 35 dit
602 709 73 35 ftuk
705 717 54 26 ten
791 705 137 36 befluite
956 711 33 26 te
1012 694 117 50 komen
1148 709 13 30 5

195 767 57 36 De
275 762 164 39 waarheid
464 761 58 35 der
549 759 98 42 zake,
673 768 42 24 en
747 755 52 35 die
830 754 34 35 ik
888 752 79 47 blijf
986 752 177 37 beweren,

197 819 28 33 is
249 814 187 45 eenvoudig
462 810 102 35 deze:
590 808 69 36 Dat
689 816 77 26 men
791 814 62 26 van
881 801 98 37 Gods
1003 797 164 50 genadige

198 863 194 46 handelwijs
422 870 68 25 met
516 859 41 34 de
591 857 199 39 menfchen,
826 853 57 42 of,
919 862 57 25 om
1010 860 45 23 nu
1085 842 83 55 deze

199 915 178 43 benaming
402 921 31 23 te
453 908 204 48 gebruiken,
691 915 62 25 van
779 904 86 34 Gods
890 899 168 40 Verbond,
1083 896 87 34 niets

199 972 147 37 zeggen,
370 961 84 33 niets
480 956 216 46 bevestigen,
727 953 83 33 niets
839 949 191 37 ontkennen
1057 953 113 32 moet,

200 1011 65 34 dan
295 1006 287 44 overeenkomftig
605 1005 41 32 de
675 1000 181 45 duidelijke
885 1009 42 22 en
960 993 212 48 uitgedrukte

199 1058 216 44 verzekering
450 1064 63 28 van
547 1053 56 35 des
642 1050 134 38 Heeren
807 1049 97 45 eigen
934 1042 157 42 Woord;
1127 1050 45 24 en

199 1109 58 34 dat
283 1107 62 34 alle
379 1104 119 37 andere
531 1101 178 47 vindingen
744 1108 44 25 en
822 1093 258 40 denkbeelden,
1116 1089 57 35 die

202 1158 76 34 daar
307 1157 134 39 buiten,
474 1152 45 36 of
552 1151 75 34 daar
663 1151 111 34 boven
808 1157 101 36 gaan,
943 1142 107 35 alleen
1079 1150 96 24 men-

201 1206 156 46 fchelijke
386 1214 42 24 en
447 1200 251 48 Syftematifche
721 1196 167 46 leeringen
909 1193 84 47 zijn,
1014 1192 52 34 die
1089 1198 87 38 geen

203 1266 106 37 gezag
337 1264 47 25 ter
403 1251 132 37 wereld
563 1250 156 40 hebben,
751 1245 43 37 of
814 1246 117 45 eenige
961 1239 217 45 aanmerking

204 1305 190 35 verdienen.
445 1301 60 36 Als
531 1299 117 42 mede,
675 1298 55 34 dat
750 1306 78 25 men
854 1305 45 33 op
920 1292 57 34 het
998 1288 179 44 voertfpoor

205 1364 65 24 van
299 1354 62 34 den
397 1350 131 46 Bijbel,
572 1359 41 24 en
651 1343 286 45 overeenkomftig
971 1340 63 34 den
1065 1345 113 27 waren

205 1413 70 25 aart
305 1403 57 33 der
395 1401 99 42 zake,
528 1395 235 46 onverfchillig
788 1392 139 45 fpreken
954 1390 134 36 kunne,
1112 1394 66 24 van

208 1453 89 34 Gods
325 1449 132 45 belofte,
494 1458 61 27 van
590 1446 85 36 Gods
708 1437 298 46 voorwaardelijke
1040 1431 139 48 belofte,

207 1501 45 35 of
273 1511 62 23 van
363 1499 85 35 Gods
476 1496 171 40 Verbond,
673 1504 41 23 en
741 1499 140 37 nogtans
904 1485 90 47 altijd
1019 1495 59 24 aan
1104 1492 76 25 eene

206 1560 42 28 en
273 1546 144 49 dezelfde
442 1545 161 48 genadige
625 1540 212 44 handelwijze
865 1535 96 37 Gods
987 1534 142 34 denken.

259 1609 91 27 par
381 1596 34 34 ik
450 1595 70 35 ook
551 1593 81 35 deze
669 1587 223 46 verwisfeling
920 1595 62 25 van
1012 1581 170 38 benamin-

207 1658 88 37 gen,
322 1647 33 33 in
374 1644 100 44 mijne
499 1644 156 39 brieven,
680 1641 68 33 niet
765 1637 117 35 anders
906 1632 162 49 gemeend
1091 1631 88 43 heb,

208 1697 64 35 dan
300 1696 34 34 ik
361 1694 71 42 hier
456 1702 127 37 zegge,
615 1701 66 25 zou
708 1688 40 35 de
783 1685 63 36 Hr.
882 1684 42 35 A.
952 1694 65 24 zoo
1051 1680 43 46 hij
1125 1680 57 45 zig

208 1747 60 35 het
297 1743 126 42 ftelfel,
458 1742 89 36 welk
581 1742 35 34 ik
648 1737 175 41 beweerde
848 1733 54 35 dat
927 1731 57 36 der
1011 1730 46 36 H.
1085 1729 38 35 S,
1149 1737 35 24 te

202 1796 95 45 zijn,
332 1803 67 26 wat
429 1790 196 46 duidelijker
654 1799 42 24 en
722 1785 226 44 koelzinniger
976 1770 208 60 voorgefteld

206 1843 88 42 had,
320 1843 61 34 dan
405 1842 33 34 ik
458 1851 115 25 vreeze
597 1840 54 34 dat
670 1837 45 46 hij
737 1835 124 49 gedaan
888 1831 110 42 heeft,
1023 1839 75 26 zeer
1104 1820 78 58 wel

208 1893 138 35 hebben
374 1892 134 33 kunnen
536 1888 197 48 begrijpen,
757 1884 31 35 al
815 1892 87 26 ware
930 1882 58 33 het
1013 1879 95 46 flegts
1133 1876 52 37 uit

212 1942 79 46 die,
317 1940 102 45 mijne
438 1940 117 44 eigene
574 1936 160 36 woorden
761 1943 62 24 van
847 1931 42 40 bl
917 1940 80 33 114.
1015 1933 170 43 geweest,

211 1990 134 37 welken
373 1989 43 45 hij
444 1987 92 35 zelve
571 1988 33 33 in
643 1986 84 43 zijne
761 1983 156 39 brieven,
950 1979 44 36 Dl
1024 1987 58 35 23.
1110 1985 77 29 aane

210 2039 113 45 haalt;
348 2048 44 28 en
420 2048 87 27 waar
532 2038 34 34 in
595 2035 36 35 ik
657 2044 61 24 van
739 2030 97 38 Gods
859 2028 164 50 genadige
1049 2022 140 39 handel-

646 2082 86 49 Ds
1095 2072 100 47 wijze
