<?xml version="1.0" encoding="UTF-8"?>
<alto xmlns="http://www.loc.gov/standards/alto/ns-v3#" xmlns:xlink="http://www.w3.org/1999/xlink" xmlns:xsi="http://www.w3.org/2001/XMLSchema-instance" xsi:schemaLocation="http://www.loc.gov/standards/alto/ns-v3# http://www.loc.gov/alto/v3/alto-3-0.xsd">
	<Description>
		<MeasurementUnit>pixel</MeasurementUnit>
		<sourceImageInformation>
			<fileName>			</fileName>
		</sourceImageInformation>
		<OCRProcessing ID="OCR_0">
			<ocrProcessingStep>
				<processingSoftware>
					<softwareName>tesseract v4.1.0-elag2019</softwareName>
				</processingSoftware>
			</ocrProcessingStep>
		</OCRProcessing>
	</Description>
	<Layout>
		<Page WIDTH="1600" HEIGHT="2703" PHYSICAL_IMG_NR="0" ID="page_0">
			<PrintSpace HPOS="0" VPOS="0" WIDTH="1600" HEIGHT="2703">
				<TextBlock ID="block_0" HPOS="21" VPOS="205" WIDTH="41" HEIGHT="236">
					<TextLine ID="line_0" HPOS="21" VPOS="262" WIDTH="14" HEIGHT="178">
						<String ID="string_0" HPOS="21" VPOS="262" WIDTH="14" HEIGHT="178" WC="0.27" CONTENT="Re"/>
					</TextLine>
					<TextLine ID="line_1" HPOS="38" VPOS="205" WIDTH="10" HEIGHT="236">
						<String ID="string_1" HPOS="38" VPOS="205" WIDTH="8" HEIGHT="173" WC="0.28" CONTENT="eeN"/>
					</TextLine>
					<TextLine ID="line_2" HPOS="50" VPOS="251" WIDTH="12" HEIGHT="146">
						<String ID="string_2" HPOS="55" VPOS="356" WIDTH="7" HEIGHT="41" WC="0.23" CONTENT="re"/><SP WIDTH="-7" VPOS="356" HPOS="62"/>
						<String ID="string_3" HPOS="55" VPOS="313" WIDTH="6" HEIGHT="15" WC="0.29" CONTENT="er"/><SP WIDTH="-11" VPOS="313" HPOS="61"/>
						<String ID="string_4" HPOS="50" VPOS="251" WIDTH="10" HEIGHT="63" WC="0.1" CONTENT="ee"/>
					</TextLine>
				</TextBlock>
				<TextBlock ID="block_1" HPOS="38" VPOS="527" WIDTH="12" HEIGHT="269">
					<TextLine ID="line_3" HPOS="38" VPOS="527" WIDTH="12" HEIGHT="269">
						<String ID="string_5" HPOS="38" VPOS="606" WIDTH="12" HEIGHT="190" WC="0.0" CONTENT="TETE"/><SP WIDTH="-21" VPOS="606" HPOS="50"/>
						<String ID="string_6" HPOS="29" VPOS="524" WIDTH="29" HEIGHT="78" WC="0.12" CONTENT="ensen."/>
					</TextLine>
				</TextBlock>
				<TextBlock ID="block_2" HPOS="15" VPOS="1750" WIDTH="47" HEIGHT="189">
					<TextLine ID="line_4" HPOS="15" VPOS="1750" WIDTH="20" HEIGHT="189">
						<String ID="string_7" HPOS="3" VPOS="1898" WIDTH="36" HEIGHT="18" WC="0.54" CONTENT="an"/><SP WIDTH="-24" VPOS="1898" HPOS="39"/>
						<String ID="string_8" HPOS="15" VPOS="1793" WIDTH="20" HEIGHT="96" WC="0.30" CONTENT="reen"/>
					</TextLine>
					<TextLine ID="line_5" HPOS="53" VPOS="1849" WIDTH="9" HEIGHT="12">
						<String ID="string_9" HPOS="51" VPOS="1849" WIDTH="11" HEIGHT="56" WC="0.50" CONTENT="en"/>
					</TextLine>
				</TextBlock>
				<TextBlock ID="block_3" HPOS="10" VPOS="1950" WIDTH="42" HEIGHT="79">
					<TextLine ID="line_6" HPOS="10" VPOS="1950" WIDTH="20" HEIGHT="26">
						<String ID="string_10" HPOS="10" VPOS="1950" WIDTH="20" HEIGHT="26" WC="0.0" CONTENT="Ht"/>
					</TextLine>
					<TextLine ID="line_7" HPOS="24" VPOS="2008" WIDTH="28" HEIGHT="21">
						<String ID="string_11" HPOS="24" VPOS="2008" WIDTH="5" HEIGHT="10" WC="0.0" CONTENT=":"/><SP WIDTH="17" VPOS="2008" HPOS="29"/>
						<String ID="string_12" HPOS="46" VPOS="2011" WIDTH="6" HEIGHT="18" WC="0.0" CONTENT="\"/>
					</TextLine>
				</TextBlock>
				<TextBlock ID="block_4" HPOS="0" VPOS="2187" WIDTH="67" HEIGHT="220">
					<TextLine ID="line_8" HPOS="0" VPOS="2187" WIDTH="67" HEIGHT="220">
						<String ID="string_13" HPOS="0" VPOS="2187" WIDTH="67" HEIGHT="220" WC="0.95" CONTENT=" "/>
					</TextLine>
				</TextBlock>
				<TextBlock ID="block_5" HPOS="408" VPOS="266" WIDTH="749" HEIGHT="40">
					<TextLine ID="line_9" HPOS="408" VPOS="266" WIDTH="749" HEIGHT="40">
						<String ID="string_14" HPOS="408" VPOS="266" WIDTH="53" HEIGHT="40" WC="0.45" CONTENT="®6"/><SP WIDTH="167" VPOS="266" HPOS="461"/>
						<String ID="string_15" HPOS="628" VPOS="274" WIDTH="529" HEIGHT="30" WC="0.19" CONTENT="PEHILADELP&#39;H.US"/>
					</TextLine>
				</TextBlock>
				<TextBlock ID="block_6" HPOS="393" VPOS="356" WIDTH="990" HEIGHT="1723">
					<TextLine ID="line_10" HPOS="460" VPOS="356" WIDTH="921" HEIGHT="49">
						<String ID="string_16" HPOS="460" VPOS="362" WIDTH="222" HEIGHT="29" WC="0.95" CONTENT="WANNEER"/><SP WIDTH="36" VPOS="362" HPOS="682"/>
						<String ID="string_17" HPOS="718" VPOS="367" WIDTH="75" HEIGHT="24" WC="0.96" CONTENT="men"/><SP WIDTH="28" VPOS="367" HPOS="793"/>
						<String ID="string_18" HPOS="821" VPOS="356" WIDTH="86" HEIGHT="35" WC="0.95" CONTENT="deze"/><SP WIDTH="22" VPOS="356" HPOS="907"/>
						<String ID="string_19" HPOS="929" VPOS="358" WIDTH="86" HEIGHT="34" WC="0.93" CONTENT="twee"/><SP WIDTH="26" VPOS="358" HPOS="1015"/>
						<String ID="string_20" HPOS="1041" VPOS="359" WIDTH="226" HEIGHT="46" WC="0.89" CONTENT="gefchriften,"/><SP WIDTH="27" VPOS="359" HPOS="1267"/>
						<String ID="string_21" HPOS="1294" VPOS="370" WIDTH="87" HEIGHT="25" WC="0.96" CONTENT="waar"/>
					</TextLine>
					<TextLine ID="line_11" HPOS="414" VPOS="405" WIDTH="967" HEIGHT="50">
						<String ID="string_22" HPOS="414" VPOS="406" WIDTH="50" HEIGHT="33" WC="0.94" CONTENT="uit"/><SP WIDTH="28" VPOS="406" HPOS="464"/>
						<String ID="string_23" HPOS="492" VPOS="405" WIDTH="33" HEIGHT="34" WC="0.74" CONTENT="ik"/><SP WIDTH="24" VPOS="405" HPOS="525"/>
						<String ID="string_24" HPOS="549" VPOS="406" WIDTH="51" HEIGHT="32" WC="0.91" CONTENT="dit"/><SP WIDTH="22" VPOS="406" HPOS="600"/>
						<String ID="string_25" HPOS="622" VPOS="406" WIDTH="137" HEIGHT="35" WC="0.82" CONTENT="verhaal"/><SP WIDTH="36" VPOS="406" HPOS="759"/>
						<String ID="string_26" HPOS="795" VPOS="406" WIDTH="65" HEIGHT="35" WC="0.96" CONTENT="heb"/><SP WIDTH="36" VPOS="406" HPOS="860"/>
						<String ID="string_27" HPOS="896" VPOS="409" WIDTH="220" HEIGHT="44" WC="0.89" CONTENT="opgemaakt,"/><SP WIDTH="37" VPOS="409" HPOS="1116"/>
						<String ID="string_28" HPOS="1153" VPOS="419" WIDTH="67" HEIGHT="24" WC="0.87" CONTENT="met"/><SP WIDTH="25" VPOS="419" HPOS="1220"/>
						<String ID="string_29" HPOS="1245" VPOS="410" WIDTH="136" HEIGHT="45" WC="0.91" CONTENT="aandagt"/>
					</TextLine>
					<TextLine ID="line_12" HPOS="409" VPOS="454" WIDTH="971" HEIGHT="46">
						<String ID="string_30" HPOS="409" VPOS="455" WIDTH="108" HEIGHT="41" WC="0.90" CONTENT="leest,"/><SP WIDTH="26" VPOS="455" HPOS="517"/>
						<String ID="string_31" HPOS="543" VPOS="454" WIDTH="99" HEIGHT="46" WC="0.89" CONTENT="gelijk"/><SP WIDTH="34" VPOS="454" HPOS="642"/>
						<String ID="string_32" HPOS="676" VPOS="466" WIDTH="74" HEIGHT="23" WC="0.95" CONTENT="men"/><SP WIDTH="36" VPOS="466" HPOS="750"/>
						<String ID="string_33" HPOS="786" VPOS="455" WIDTH="63" HEIGHT="34" WC="0.96" CONTENT="wel"/><SP WIDTH="34" VPOS="455" HPOS="849"/>
						<String ID="string_34" HPOS="883" VPOS="455" WIDTH="95" HEIGHT="36" WC="0.88" CONTENT="dient:"/><SP WIDTH="31" VPOS="455" HPOS="978"/>
						<String ID="string_35" HPOS="1009" VPOS="467" WIDTH="31" HEIGHT="24" WC="0.96" CONTENT="te"/><SP WIDTH="23" VPOS="467" HPOS="1040"/>
						<String ID="string_36" HPOS="1063" VPOS="457" WIDTH="113" HEIGHT="43" WC="0.96" CONTENT="doen,"/><SP WIDTH="28" VPOS="457" HPOS="1176"/>
						<String ID="string_37" HPOS="1204" VPOS="469" WIDTH="65" HEIGHT="24" WC="0.95" CONTENT="zoo"/><SP WIDTH="34" VPOS="469" HPOS="1269"/>
						<String ID="string_38" HPOS="1303" VPOS="462" WIDTH="77" HEIGHT="31" WC="0.96" CONTENT="men"/>
					</TextLine>
					<TextLine ID="line_13" HPOS="413" VPOS="483" WIDTH="967" HEIGHT="71">
						<String ID="string_39" HPOS="413" VPOS="513" WIDTH="76" HEIGHT="36" WC="0.95" CONTENT="regt"/><SP WIDTH="28" VPOS="513" HPOS="489"/>
						<String ID="string_40" HPOS="517" VPOS="513" WIDTH="105" HEIGHT="25" WC="0.95" CONTENT="weten"/><SP WIDTH="29" VPOS="513" HPOS="622"/>
						<String ID="string_41" HPOS="651" VPOS="505" WIDTH="56" HEIGHT="34" WC="0.96" CONTENT="wil"/><SP WIDTH="28" VPOS="505" HPOS="707"/>
						<String ID="string_42" HPOS="735" VPOS="517" WIDTH="85" HEIGHT="22" WC="0.96" CONTENT="waar"/><SP WIDTH="27" VPOS="517" HPOS="820"/>
						<String ID="string_43" HPOS="847" VPOS="505" WIDTH="57" HEIGHT="34" WC="0.94" CONTENT="het"/><SP WIDTH="26" VPOS="505" HPOS="904"/>
						<String ID="string_44" HPOS="930" VPOS="505" WIDTH="88" HEIGHT="35" WC="0.86" CONTENT="hem’"/><SP WIDTH="16" VPOS="505" HPOS="1018"/>
						<String ID="string_45" HPOS="1034" VPOS="517" WIDTH="64" HEIGHT="23" WC="0.96" CONTENT="van"/><SP WIDTH="36" VPOS="517" HPOS="1098"/>
						<String ID="string_46" HPOS="1134" VPOS="483" WIDTH="84" HEIGHT="59" WC="0.0" CONTENT="oúds"/><SP WIDTH="24" VPOS="483" HPOS="1218"/>
						<String ID="string_47" HPOS="1242" VPOS="518" WIDTH="138" HEIGHT="46" WC="0.88" CONTENT="gezeten"/>
					</TextLine>
					<TextLine ID="line_14" HPOS="414" VPOS="551" WIDTH="966" HEIGHT="90">
						<String ID="string_48" HPOS="414" VPOS="551" WIDTH="131" HEIGHT="42" WC="0.75" CONTENT="heeft,"/><SP WIDTH="12" VPOS="551" HPOS="545"/>
						<String ID="string_49" HPOS="557" VPOS="563" WIDTH="39" HEIGHT="24" WC="0.68" CONTENT="en"/><SP WIDTH="30" VPOS="563" HPOS="596"/>
						<String ID="string_50" HPOS="626" VPOS="564" WIDTH="62" HEIGHT="47" WC="0.95" CONTENT="nog"/><SP WIDTH="30" VPOS="564" HPOS="688"/>
						<String ID="string_51" HPOS="718" VPOS="554" WIDTH="65" HEIGHT="42" WC="0.92" CONTENT="zit,"/><SP WIDTH="35" VPOS="554" HPOS="783"/>
						<String ID="string_52" HPOS="818" VPOS="555" WIDTH="168" HEIGHT="34" WC="0.0" CONTENT="zalr+men"/><SP WIDTH="31" VPOS="555" HPOS="986"/>
						<String ID="string_53" HPOS="1017" VPOS="555" WIDTH="40" HEIGHT="34" WC="0.96" CONTENT="de"/><SP WIDTH="38" VPOS="555" HPOS="1057"/>
						<String ID="string_54" HPOS="1095" VPOS="557" WIDTH="161" HEIGHT="34" WC="0.92" CONTENT="waarheid"/><SP WIDTH="30" VPOS="557" HPOS="1256"/>
						<String ID="string_55" HPOS="1286" VPOS="559" WIDTH="94" HEIGHT="82" WC="0.47" CONTENT="den,"/>
					</TextLine>
					<TextLine ID="line_15" HPOS="413" VPOS="604" WIDTH="950" HEIGHT="46">
						<String ID="string_56" HPOS="413" VPOS="612" WIDTH="60" HEIGHT="24" WC="0.96" CONTENT="van"/><SP WIDTH="28" VPOS="612" HPOS="473"/>
						<String ID="string_57" HPOS="501" VPOS="602" WIDTH="75" HEIGHT="44" WC="0.91" CONTENT="mijn"/><SP WIDTH="26" VPOS="602" HPOS="576"/>
						<String ID="string_58" HPOS="602" VPOS="604" WIDTH="112" HEIGHT="45" WC="0.58" CONTENT="vorig”"/><SP WIDTH="8" VPOS="604" HPOS="714"/>
						<String ID="string_59" HPOS="722" VPOS="604" WIDTH="165" HEIGHT="46" WC="0.58" CONTENT="gezegde,"/><SP WIDTH="27" VPOS="604" HPOS="887"/>
						<String ID="string_60" HPOS="914" VPOS="605" WIDTH="54" HEIGHT="34" WC="0.89" CONTENT="dat"/><SP WIDTH="20" VPOS="605" HPOS="968"/>
						<String ID="string_61" HPOS="988" VPOS="605" WIDTH="171" HEIGHT="45" WC="0.90" CONTENT="‘namelijk."/><SP WIDTH="17" VPOS="605" HPOS="1159"/>
						<String ID="string_62" HPOS="1176" VPOS="606" WIDTH="40" HEIGHT="34" WC="0.92" CONTENT="de"/><SP WIDTH="27" VPOS="606" HPOS="1216"/>
						<String ID="string_63" HPOS="1243" VPOS="598" WIDTH="70" HEIGHT="58" WC="0.75" CONTENT="Hr."/><SP WIDTH="21" VPOS="598" HPOS="1313"/>
						<String ID="string_64" HPOS="1334" VPOS="606" WIDTH="28" HEIGHT="34" WC="0.96" CONTENT="A"/>
					</TextLine>
					<TextLine ID="line_16" HPOS="411" VPOS="626" WIDTH="949" HEIGHT="79">
						<String ID="string_65" HPOS="411" VPOS="651" WIDTH="43" HEIGHT="34" WC="0.94" CONTENT="de"/><SP WIDTH="25" VPOS="651" HPOS="454"/>
						<String ID="string_66" HPOS="479" VPOS="651" WIDTH="88" HEIGHT="35" WC="0.96" CONTENT="door"/><SP WIDTH="30" VPOS="651" HPOS="567"/>
						<String ID="string_67" HPOS="597" VPOS="653" WIDTH="54" HEIGHT="44" WC="0.92" CONTENT="mij"/><SP WIDTH="32" VPOS="653" HPOS="651"/>
						<String ID="string_68" HPOS="683" VPOS="654" WIDTH="206" HEIGHT="44" WC="0.72" CONTENT="geopperde:"/><SP WIDTH="19" VPOS="654" HPOS="889"/>
						<String ID="string_69" HPOS="908" VPOS="654" WIDTH="230" HEIGHT="47" WC="0.96" CONTENT="zwarigheden"/><SP WIDTH="37" VPOS="654" HPOS="1138"/>
						<String ID="string_70" HPOS="1175" VPOS="657" WIDTH="68" HEIGHT="33" WC="0.94" CONTENT="niet"/><SP WIDTH="26" VPOS="657" HPOS="1243"/>
						<String ID="string_71" HPOS="1269" VPOS="626" WIDTH="91" HEIGHT="79" WC="0.50" CONTENT="moete"/>
					</TextLine>
					<TextLine ID="line_17" HPOS="399" VPOS="702" WIDTH="983" HEIGHT="49">
						<String ID="string_72" HPOS="399" VPOS="702" WIDTH="247" HEIGHT="40" WC="0.0" CONTENT="aanmerken,"/><SP WIDTH="20" VPOS="702" HPOS="646"/>
						<String ID="string_73" HPOS="666" VPOS="702" WIDTH="55" HEIGHT="34" WC="0.82" CONTENT="als"/><SP WIDTH="33" VPOS="702" HPOS="721"/>
						<String ID="string_74" HPOS="754" VPOS="702" WIDTH="44" HEIGHT="34" WC="0.93" CONTENT="of"/><SP WIDTH="35" VPOS="702" HPOS="798"/>
						<String ID="string_75" HPOS="833" VPOS="703" WIDTH="39" HEIGHT="45" WC="0.92" CONTENT="zij"/><SP WIDTH="35" VPOS="703" HPOS="872"/>
						<String ID="string_76" HPOS="907" VPOS="703" WIDTH="232" HEIGHT="35" WC="0.21" CONTENT="maat:&quot;alleen"/><SP WIDTH="43" VPOS="703" HPOS="1139"/>
						<String ID="string_77" HPOS="1182" VPOS="707" WIDTH="40" HEIGHT="33" WC="0.95" CONTENT="de"/><SP WIDTH="34" VPOS="707" HPOS="1222"/>
						<String ID="string_78" HPOS="1256" VPOS="705" WIDTH="126" HEIGHT="46" WC="0.95" CONTENT="mijnen"/>
					</TextLine>
					<TextLine ID="line_18" HPOS="410" VPOS="753" WIDTH="970" HEIGHT="41">
						<String ID="string_79" HPOS="410" VPOS="761" WIDTH="134" HEIGHT="30" WC="0.90" CONTENT="waren,"/><SP WIDTH="28" VPOS="761" HPOS="544"/>
						<String ID="string_80" HPOS="572" VPOS="757" WIDTH="92" HEIGHT="28" WC="0.96" CONTENT="maar"/><SP WIDTH="22" VPOS="757" HPOS="664"/>
						<String ID="string_81" HPOS="686" VPOS="753" WIDTH="62" HEIGHT="32" WC="0.82" CONTENT="dat"/><SP WIDTH="26" VPOS="753" HPOS="748"/>
						<String ID="string_82" HPOS="774" VPOS="762" WIDTH="37" HEIGHT="24" WC="0.95" CONTENT="ze"/><SP WIDTH="30" VPOS="762" HPOS="811"/>
						<String ID="string_83" HPOS="841" VPOS="763" WIDTH="45" HEIGHT="23" WC="0.96" CONTENT="nu"/><SP WIDTH="35" VPOS="763" HPOS="886"/>
						<String ID="string_84" HPOS="921" VPOS="753" WIDTH="123" HEIGHT="41" WC="0.62" CONTENT="alreeds."/><SP WIDTH="36" VPOS="753" HPOS="1044"/>
						<String ID="string_85" HPOS="1080" VPOS="764" WIDTH="84" HEIGHT="24" WC="0.96" CONTENT="voor"/><SP WIDTH="36" VPOS="764" HPOS="1164"/>
						<String ID="string_86" HPOS="1200" VPOS="765" WIDTH="90" HEIGHT="23" WC="0.96" CONTENT="meer"/><SP WIDTH="28" VPOS="765" HPOS="1290"/>
						<String ID="string_87" HPOS="1318" VPOS="754" WIDTH="62" HEIGHT="33" WC="0.96" CONTENT="dan"/>
					</TextLine>
					<TextLine ID="line_19" HPOS="401" VPOS="800" WIDTH="980" HEIGHT="49">
						<String ID="string_88" HPOS="401" VPOS="801" WIDTH="59" HEIGHT="33" WC="0.78" CONTENT="6o"/><SP WIDTH="22" VPOS="801" HPOS="460"/>
						<String ID="string_89" HPOS="482" VPOS="800" WIDTH="91" HEIGHT="44" WC="0.96" CONTENT="jaren"/><SP WIDTH="29" VPOS="800" HPOS="573"/>
						<String ID="string_90" HPOS="602" VPOS="801" WIDTH="167" HEIGHT="44" WC="0.93" CONTENT="openlijk,"/><SP WIDTH="30" VPOS="801" HPOS="769"/>
						<String ID="string_91" HPOS="799" VPOS="811" WIDTH="40" HEIGHT="24" WC="0.91" CONTENT="en"/><SP WIDTH="28" VPOS="811" HPOS="839"/>
						<String ID="string_92" HPOS="867" VPOS="802" WIDTH="270" HEIGHT="43" WC="0.0" CONTENT="doorsmannen,"/><SP WIDTH="29" VPOS="802" HPOS="1137"/>
						<String ID="string_93" HPOS="1166" VPOS="812" WIDTH="104" HEIGHT="37" WC="0.93" CONTENT="tegen"/><SP WIDTH="30" VPOS="812" HPOS="1270"/>
						<String ID="string_94" HPOS="1300" VPOS="803" WIDTH="81" HEIGHT="33" WC="0.92" CONTENT="wel-"/>
					</TextLine>
					<TextLine ID="line_20" HPOS="408" VPOS="849" WIDTH="975" HEIGHT="49">
						<String ID="string_95" HPOS="408" VPOS="851" WIDTH="60" HEIGHT="33" WC="0.96" CONTENT="ker"/><SP WIDTH="33" VPOS="851" HPOS="468"/>
						<String ID="string_96" HPOS="501" VPOS="849" WIDTH="88" HEIGHT="46" WC="0.96" CONTENT="goed"/><SP WIDTH="37" VPOS="849" HPOS="589"/>
						<String ID="string_97" HPOS="626" VPOS="851" WIDTH="116" HEIGHT="44" WC="0.96" CONTENT="begrip"/><SP WIDTH="29" VPOS="851" HPOS="742"/>
						<String ID="string_98" HPOS="771" VPOS="861" WIDTH="41" HEIGHT="23" WC="0.96" CONTENT="en"/><SP WIDTH="31" VPOS="861" HPOS="812"/>
						<String ID="string_99" HPOS="843" VPOS="852" WIDTH="165" HEIGHT="46" WC="0.96" CONTENT="oogmerk"/><SP WIDTH="30" VPOS="852" HPOS="1008"/>
						<String ID="string_100" HPOS="1038" VPOS="852" WIDTH="40" HEIGHT="33" WC="0.96" CONTENT="de"/><SP WIDTH="31" VPOS="852" HPOS="1078"/>
						<String ID="string_101" HPOS="1109" VPOS="851" WIDTH="90" HEIGHT="36" WC="0.96" CONTENT="Heer"/><SP WIDTH="27" VPOS="851" HPOS="1199"/>
						<String ID="string_102" HPOS="1226" VPOS="853" WIDTH="43" HEIGHT="34" WC="0.87" CONTENT="A."/><SP WIDTH="31" VPOS="853" HPOS="1269"/>
						<String ID="string_103" HPOS="1300" VPOS="853" WIDTH="83" HEIGHT="37" WC="0.95" CONTENT="niets"/>
					</TextLine>
					<TextLine ID="line_21" HPOS="404" VPOS="898" WIDTH="977" HEIGHT="50">
						<String ID="string_104" HPOS="404" VPOS="899" WIDTH="69" HEIGHT="35" WC="0.90" CONTENT="kan"/><SP WIDTH="24" VPOS="899" HPOS="473"/>
						<String ID="string_105" HPOS="497" VPOS="898" WIDTH="217" HEIGHT="47" WC="0.62" CONTENT="intebrengen"/><SP WIDTH="25" VPOS="898" HPOS="714"/>
						<String ID="string_106" HPOS="739" VPOS="900" WIDTH="152" HEIGHT="38" WC="0.86" CONTENT="hebben;"/><SP WIDTH="28" VPOS="900" HPOS="891"/>
						<String ID="string_107" HPOS="919" VPOS="902" WIDTH="61" HEIGHT="43" WC="0.94" CONTENT="zijn"/><SP WIDTH="21" VPOS="902" HPOS="980"/>
						<String ID="string_108" HPOS="1001" VPOS="903" WIDTH="261" HEIGHT="45" WC="0.95" CONTENT="voorgedragen."/><SP WIDTH="33" VPOS="903" HPOS="1262"/>
						<String ID="string_109" HPOS="1295" VPOS="900" WIDTH="86" HEIGHT="36" WC="0.95" CONTENT="Men"/>
					</TextLine>
					<TextLine ID="line_22" HPOS="411" VPOS="948" WIDTH="972" HEIGHT="48">
						<String ID="string_110" HPOS="411" VPOS="948" WIDTH="107" HEIGHT="35" WC="0.92" CONTENT="hoore"/><SP WIDTH="26" VPOS="948" HPOS="518"/>
						<String ID="string_111" HPOS="544" VPOS="958" WIDTH="40" HEIGHT="23" WC="0.92" CONTENT="en"/><SP WIDTH="22" VPOS="958" HPOS="584"/>
						<String ID="string_112" HPOS="606" VPOS="958" WIDTH="177" HEIGHT="36" WC="0.91" CONTENT="overwege"/><SP WIDTH="25" VPOS="958" HPOS="783"/>
						<String ID="string_113" HPOS="808" VPOS="949" WIDTH="99" HEIGHT="47" WC="0.93" CONTENT="flegts"/><SP WIDTH="22" VPOS="949" HPOS="907"/>
						<String ID="string_114" HPOS="929" VPOS="950" WIDTH="49" HEIGHT="35" WC="0.62" CONTENT="dit"/><SP WIDTH="14" VPOS="950" HPOS="978"/>
						<String ID="string_115" HPOS="992" VPOS="951" WIDTH="99" HEIGHT="34" WC="0.80" CONTENT="ééne:"/><SP WIDTH="15" VPOS="951" HPOS="1091"/>
						<String ID="string_116" HPOS="1106" VPOS="951" WIDTH="163" HEIGHT="40" WC="0.81" CONTENT="verzoek,"/><SP WIDTH="29" VPOS="951" HPOS="1269"/>
						<String ID="string_117" HPOS="1298" VPOS="950" WIDTH="85" HEIGHT="35" WC="0.96" CONTENT="door"/>
					</TextLine>
					<TextLine ID="line_23" HPOS="410" VPOS="996" WIDTH="972" HEIGHT="37">
						<String ID="string_118" HPOS="410" VPOS="996" WIDTH="40" HEIGHT="36" WC="0.95" CONTENT="de"/><SP WIDTH="12" VPOS="996" HPOS="450"/>
						<String ID="string_119" HPOS="462" VPOS="996" WIDTH="204" HEIGHT="36" WC="0.82" CONTENT="bezwaarde"/><SP WIDTH="29" VPOS="996" HPOS="666"/>
						<String ID="string_120" HPOS="695" VPOS="998" WIDTH="217" HEIGHT="34" WC="0.42" CONTENT="Heeren“aan"/><SP WIDTH="28" VPOS="998" HPOS="912"/>
						<String ID="string_121" HPOS="940" VPOS="999" WIDTH="110" HEIGHT="33" WC="0.93" CONTENT="hunne"/><SP WIDTH="25" VPOS="999" HPOS="1050"/>
						<String ID="string_122" HPOS="1075" VPOS="999" WIDTH="114" HEIGHT="34" WC="0.96" CONTENT="anders"/><SP WIDTH="20" VPOS="999" HPOS="1189"/>
						<String ID="string_123" HPOS="1209" VPOS="998" WIDTH="173" HEIGHT="35" WC="0.96" CONTENT="denkende"/>
					</TextLine>
					<TextLine ID="line_24" HPOS="404" VPOS="1045" WIDTH="978" HEIGHT="50">
						<String ID="string_124" HPOS="404" VPOS="1046" WIDTH="268" HEIGHT="36" WC="0.92" CONTENT="Medebroeders"/><SP WIDTH="34" VPOS="1046" HPOS="672"/>
						<String ID="string_125" HPOS="706" VPOS="1047" WIDTH="148" HEIGHT="45" WC="0.96" CONTENT="gedaan:"/><SP WIDTH="49" VPOS="1047" HPOS="854"/>
						<String ID="string_126" HPOS="903" VPOS="1048" WIDTH="123" HEIGHT="40" WC="0.0" CONTENT="Dat"/><SP WIDTH="27" VPOS="1048" HPOS="1026"/>
						<String ID="string_127" HPOS="1053" VPOS="1045" WIDTH="70" HEIGHT="37" WC="0.76" CONTENT="het"/><SP WIDTH="20" VPOS="1045" HPOS="1123"/>
						<String ID="string_128" HPOS="1143" VPOS="1049" WIDTH="161" HEIGHT="46" WC="0.95" CONTENT="(zeggen"/><SP WIDTH="34" VPOS="1049" HPOS="1304"/>
						<String ID="string_129" HPOS="1338" VPOS="1048" WIDTH="44" HEIGHT="45" WC="0.94" CONTENT="zij"/>
					</TextLine>
					<TextLine ID="line_25" HPOS="395" VPOS="1095" WIDTH="985" HEIGHT="47">
						<String ID="string_130" HPOS="395" VPOS="1117" WIDTH="37" HEIGHT="22" WC="0.0" CONTENT="“ss"/><SP WIDTH="24" VPOS="1117" HPOS="432"/>
						<String ID="string_131" HPOS="456" VPOS="1104" WIDTH="71" HEIGHT="25" WC="0.74" CONTENT="mert"/><SP WIDTH="22" VPOS="1104" HPOS="527"/>
						<String ID="string_132" HPOS="549" VPOS="1095" WIDTH="83" HEIGHT="34" WC="0.83" CONTENT="deze"/><SP WIDTH="17" VPOS="1095" HPOS="632"/>
						<String ID="string_133" HPOS="649" VPOS="1096" WIDTH="107" HEIGHT="45" WC="0.37" CONTENT="teigen"/><SP WIDTH="17" VPOS="1096" HPOS="756"/>
						<String ID="string_134" HPOS="773" VPOS="1097" WIDTH="195" HEIGHT="45" WC="0.80" CONTENT="woorden"/><SP WIDTH="-27" VPOS="1097" HPOS="968"/>
						<String ID="string_135" HPOS="941" VPOS="1091" WIDTH="28" HEIGHT="55" WC="0.80" CONTENT=")"/><SP WIDTH="25" VPOS="1091" HPOS="969"/>
						<String ID="string_136" HPOS="994" VPOS="1097" WIDTH="54" HEIGHT="34" WC="0.96" CONTENT="dat"/><SP WIDTH="28" VPOS="1097" HPOS="1048"/>
						<String ID="string_137" HPOS="1076" VPOS="1098" WIDTH="56" HEIGHT="33" WC="0.96" CONTENT="het"/><SP WIDTH="22" VPOS="1098" HPOS="1132"/>
						<String ID="string_138" HPOS="1154" VPOS="1097" WIDTH="66" HEIGHT="34" WC="0.96" CONTENT="hun"/><SP WIDTH="30" VPOS="1097" HPOS="1220"/>
						<String ID="string_139" HPOS="1250" VPOS="1097" WIDTH="130" HEIGHT="45" WC="0.95" CONTENT="gelieve"/>
					</TextLine>
					<TextLine ID="line_26" HPOS="406" VPOS="1144" WIDTH="973" HEIGHT="44">
						<String ID="string_140" HPOS="406" VPOS="1155" WIDTH="115" HEIGHT="33" WC="0.46" CONTENT="„ons"/><SP WIDTH="26" VPOS="1155" HPOS="521"/>
						<String ID="string_141" HPOS="547" VPOS="1144" WIDTH="90" HEIGHT="34" WC="0.96" CONTENT="klaar"/><SP WIDTH="14" VPOS="1144" HPOS="637"/>
						<String ID="string_142" HPOS="651" VPOS="1144" WIDTH="46" HEIGHT="34" WC="0.96" CONTENT="te"/><SP WIDTH="25" VPOS="1144" HPOS="697"/>
						<String ID="string_143" HPOS="722" VPOS="1144" WIDTH="89" HEIGHT="35" WC="0.96" CONTENT="doen"/><SP WIDTH="28" VPOS="1144" HPOS="811"/>
						<String ID="string_144" HPOS="839" VPOS="1147" WIDTH="92" HEIGHT="41" WC="0.96" CONTENT="zien,"/><SP WIDTH="34" VPOS="1147" HPOS="931"/>
						<String ID="string_145" HPOS="965" VPOS="1147" WIDTH="91" HEIGHT="39" WC="0.95" CONTENT="welk"/><SP WIDTH="25" VPOS="1147" HPOS="1056"/>
						<String ID="string_146" HPOS="1081" VPOS="1150" WIDTH="62" HEIGHT="30" WC="0.93" CONTENT="een"/><SP WIDTH="28" VPOS="1150" HPOS="1143"/>
						<String ID="string_147" HPOS="1171" VPOS="1144" WIDTH="208" HEIGHT="36" WC="0.36" CONTENT="fchriftmari-"/>
					</TextLine>
					<TextLine ID="line_27" HPOS="395" VPOS="1194" WIDTH="987" HEIGHT="46">
						<String ID="string_148" HPOS="395" VPOS="1204" WIDTH="126" HEIGHT="36" WC="0.26" CONTENT="“gen"/><SP WIDTH="32" VPOS="1204" HPOS="521"/>
						<String ID="string_149" HPOS="553" VPOS="1195" WIDTH="52" HEIGHT="33" WC="0.95" CONTENT="zin"/><SP WIDTH="29" VPOS="1195" HPOS="605"/>
						<String ID="string_150" HPOS="634" VPOS="1194" WIDTH="58" HEIGHT="55" WC="0.93" CONTENT="het"/><SP WIDTH="25" VPOS="1194" HPOS="692"/>
						<String ID="string_151" HPOS="717" VPOS="1194" WIDTH="109" HEIGHT="34" WC="0.83" CONTENT="eerfte"/><SP WIDTH="34" VPOS="1194" HPOS="826"/>
						<String ID="string_152" HPOS="860" VPOS="1194" WIDTH="187" HEIGHT="40" WC="0.0" CONTENT="vraagfhuk:"/><SP WIDTH="14" VPOS="1194" HPOS="1047"/>
						<String ID="string_153" HPOS="1061" VPOS="1194" WIDTH="60" HEIGHT="35" WC="0.92" CONTENT="van"/><SP WIDTH="29" VPOS="1194" HPOS="1121"/>
						<String ID="string_154" HPOS="1150" VPOS="1195" WIDTH="23" HEIGHT="33" WC="0.2" CONTENT="*t"/><SP WIDTH="25" VPOS="1195" HPOS="1173"/>
						<String ID="string_155" HPOS="1198" VPOS="1194" WIDTH="184" HEIGHT="57" WC="0.71" CONTENT="Doopfor-"/>
					</TextLine>
					<TextLine ID="line_28" HPOS="402" VPOS="1241" WIDTH="978" HEIGHT="48">
						<String ID="string_156" HPOS="402" VPOS="1242" WIDTH="36" HEIGHT="45" WC="0.0" CONTENT="zo"/><SP WIDTH="8" VPOS="1242" HPOS="438"/>
						<String ID="string_157" HPOS="446" VPOS="1242" WIDTH="154" HEIGHT="52" WC="0.0" CONTENT="mulier;"/><SP WIDTH="30" VPOS="1242" HPOS="600"/>
						<String ID="string_158" HPOS="630" VPOS="1240" WIDTH="221" HEIGHT="38" WC="0.52" CONTENT="wWâar-over"/><SP WIDTH="19" VPOS="1240" HPOS="851"/>
						<String ID="string_159" HPOS="870" VPOS="1242" WIDTH="76" HEIGHT="47" WC="0.83" CONTENT="wij&#39;"/><SP WIDTH="20" VPOS="1242" HPOS="946"/>
						<String ID="string_160" HPOS="966" VPOS="1243" WIDTH="172" HEIGHT="37" WC="0.93" CONTENT="bezwaard"/><SP WIDTH="27" VPOS="1243" HPOS="1138"/>
						<String ID="string_161" HPOS="1165" VPOS="1245" WIDTH="85" HEIGHT="44" WC="0.93" CONTENT="zijn,"/><SP WIDTH="37" VPOS="1245" HPOS="1250"/>
						<String ID="string_162" HPOS="1287" VPOS="1241" WIDTH="93" HEIGHT="48" WC="0.92" CONTENT="ople-"/>
					</TextLine>
					<TextLine ID="line_29" HPOS="395" VPOS="1292" WIDTH="985" HEIGHT="45">
						<String ID="string_163" HPOS="395" VPOS="1302" WIDTH="37" HEIGHT="33" WC="0.14" CONTENT="‘"/><SP WIDTH="26" VPOS="1302" HPOS="432"/>
						<String ID="string_164" HPOS="458" VPOS="1301" WIDTH="91" HEIGHT="32" WC="0.36" CONTENT="verts"/><SP WIDTH="29" VPOS="1301" HPOS="549"/>
						<String ID="string_165" HPOS="578" VPOS="1292" WIDTH="187" HEIGHT="34" WC="0.2" CONTENT="en:hoe&#39;’t"/><SP WIDTH="24" VPOS="1292" HPOS="765"/>
						<String ID="string_166" HPOS="789" VPOS="1293" WIDTH="45" HEIGHT="44" WC="0.92" CONTENT="zij"/><SP WIDTH="28" VPOS="1293" HPOS="834"/>
						<String ID="string_167" HPOS="862" VPOS="1303" WIDTH="217" HEIGHT="40" WC="0.80" CONTENT="optevatten,"/><SP WIDTH="37" VPOS="1303" HPOS="1079"/>
						<String ID="string_168" HPOS="1116" VPOS="1294" WIDTH="194" HEIGHT="35" WC="0.94" CONTENT="behoudens"/><SP WIDTH="29" VPOS="1294" HPOS="1310"/>
						<String ID="string_169" HPOS="1339" VPOS="1293" WIDTH="41" HEIGHT="34" WC="0.96" CONTENT="de"/>
					</TextLine>
					<TextLine ID="line_30" HPOS="394" VPOS="1339" WIDTH="985" HEIGHT="57">
						<String ID="string_170" HPOS="394" VPOS="1339" WIDTH="40" HEIGHT="45" WC="0.36" CONTENT="“"/><SP WIDTH="22" VPOS="1339" HPOS="434"/>
						<String ID="string_171" HPOS="456" VPOS="1342" WIDTH="155" HEIGHT="49" WC="0.93" CONTENT="gezonde"/><SP WIDTH="18" VPOS="1342" HPOS="611"/>
						<String ID="string_172" HPOS="629" VPOS="1341" WIDTH="212" HEIGHT="47" WC="0.71" CONTENT="geldofsleer"/><SP WIDTH="27" VPOS="1341" HPOS="841"/>
						<String ID="string_173" HPOS="868" VPOS="1354" WIDTH="63" HEIGHT="36" WC="0.96" CONTENT="van"/><SP WIDTH="32" VPOS="1354" HPOS="931"/>
						<String ID="string_174" HPOS="963" VPOS="1343" WIDTH="58" HEIGHT="34" WC="0.52" CONTENT="de:"/><SP WIDTH="4" VPOS="1343" HPOS="1021"/>
						<String ID="string_175" HPOS="1025" VPOS="1344" WIDTH="201" HEIGHT="52" WC="0.12" CONTENT="‘algemeene"/><SP WIDTH="21" VPOS="1344" HPOS="1226"/>
						<String ID="string_176" HPOS="1247" VPOS="1344" WIDTH="132" HEIGHT="34" WC="0.90" CONTENT="verdor-"/>
					</TextLine>
					<TextLine ID="line_31" HPOS="395" VPOS="1387" WIDTH="985" HEIGHT="52">
						<String ID="string_177" HPOS="395" VPOS="1403" WIDTH="37" HEIGHT="30" WC="0.43" CONTENT="‘os"/><SP WIDTH="24" VPOS="1403" HPOS="432"/>
						<String ID="string_178" HPOS="456" VPOS="1388" WIDTH="159" HEIGHT="43" WC="0.30" CONTENT="Venheid,"/><SP WIDTH="19" VPOS="1388" HPOS="615"/>
						<String ID="string_179" HPOS="634" VPOS="1391" WIDTH="76" HEIGHT="34" WC="0.75" CONTENT="„de"/><SP WIDTH="7" VPOS="1391" HPOS="710"/>
						<String ID="string_180" HPOS="717" VPOS="1392" WIDTH="194" HEIGHT="45" WC="0.0" CONTENT="bijzondere"/><SP WIDTH="19" VPOS="1392" HPOS="911"/>
						<String ID="string_181" HPOS="930" VPOS="1391" WIDTH="163" HEIGHT="48" WC="0.8" CONTENT="gentde,"/><SP WIDTH="22" VPOS="1391" HPOS="1093"/>
						<String ID="string_182" HPOS="1115" VPOS="1387" WIDTH="54" HEIGHT="39" WC="0.72" CONTENT="en"/><SP WIDTH="20" VPOS="1387" HPOS="1169"/>
						<String ID="string_183" HPOS="1189" VPOS="1392" WIDTH="52" HEIGHT="33" WC="0.90" CONTENT="de"/><SP WIDTH="24" VPOS="1392" HPOS="1241"/>
						<String ID="string_184" HPOS="1265" VPOS="1390" WIDTH="115" HEIGHT="46" WC="0.34" CONTENT="fländ-"/>
					</TextLine>
					<TextLine ID="line_32" HPOS="397" VPOS="1437" WIDTH="980" HEIGHT="50">
						<String ID="string_185" HPOS="397" VPOS="1446" WIDTH="35" HEIGHT="36" WC="0.38" CONTENT="es"/><SP WIDTH="25" VPOS="1446" HPOS="432"/>
						<String ID="string_186" HPOS="457" VPOS="1437" WIDTH="206" HEIGHT="49" WC="0.42" CONTENT="vastigheid."/><SP WIDTH="8" VPOS="1437" HPOS="663"/>
						<String ID="string_187" HPOS="671" VPOS="1440" WIDTH="66" HEIGHT="34" WC="0.42" CONTENT="der"/><SP WIDTH="16" VPOS="1440" HPOS="737"/>
						<String ID="string_188" HPOS="753" VPOS="1437" WIDTH="196" HEIGHT="50" WC="0.11" CONTENT="heiligen;"/><SP WIDTH="7" VPOS="1437" HPOS="949"/>
						<String ID="string_189" HPOS="956" VPOS="1440" WIDTH="270" HEIGHT="35" WC="0.5" CONTENT="Dearbenevens."/><SP WIDTH="11" VPOS="1440" HPOS="1226"/>
						<String ID="string_190" HPOS="1237" VPOS="1440" WIDTH="140" HEIGHT="35" WC="0.92" CONTENT="bidden-"/>
					</TextLine>
					<TextLine ID="line_33" HPOS="406" VPOS="1484" WIDTH="971" HEIGHT="68">
						<String ID="string_191" HPOS="406" VPOS="1511" WIDTH="30" HEIGHT="22" WC="0.37" CONTENT="»"/><SP WIDTH="20" VPOS="1511" HPOS="436"/>
						<String ID="string_192" HPOS="456" VPOS="1499" WIDTH="52" HEIGHT="23" WC="0.96" CONTENT="we"/><SP WIDTH="25" VPOS="1499" HPOS="508"/>
						<String ID="string_193" HPOS="533" VPOS="1484" WIDTH="221" HEIGHT="68" WC="0.60" CONTENT="vriendelijk;"/><SP WIDTH="22" VPOS="1484" HPOS="754"/>
						<String ID="string_194" HPOS="776" VPOS="1489" WIDTH="55" HEIGHT="33" WC="0.96" CONTENT="dat"/><SP WIDTH="26" VPOS="1489" HPOS="831"/>
						<String ID="string_195" HPOS="857" VPOS="1500" WIDTH="62" HEIGHT="23" WC="0.96" CONTENT="ons"/><SP WIDTH="27" VPOS="1500" HPOS="919"/>
						<String ID="string_196" HPOS="946" VPOS="1495" WIDTH="71" HEIGHT="41" WC="0.84" CONTENT="mag"/><SP WIDTH="29" VPOS="1495" HPOS="1017"/>
						<String ID="string_197" HPOS="1046" VPOS="1490" WIDTH="149" HEIGHT="47" WC="0.78" CONTENT="betoogd"/><SP WIDTH="22" VPOS="1490" HPOS="1195"/>
						<String ID="string_198" HPOS="1217" VPOS="1490" WIDTH="160" HEIGHT="41" WC="0.89" CONTENT="worden-,"/>
					</TextLine>
					<TextLine ID="line_34" HPOS="406" VPOS="1536" WIDTH="974" HEIGHT="50">
						<String ID="string_199" HPOS="406" VPOS="1564" WIDTH="25" HEIGHT="19" WC="0.0" CONTENT="„»"/><SP WIDTH="28" VPOS="1564" HPOS="431"/>
						<String ID="string_200" HPOS="459" VPOS="1537" WIDTH="64" HEIGHT="34" WC="0.83" CONTENT="boe"/><SP WIDTH="30" VPOS="1537" HPOS="523"/>
						<String ID="string_201" HPOS="553" VPOS="1536" WIDTH="41" HEIGHT="34" WC="0.95" CONTENT="de"/><SP WIDTH="24" VPOS="1536" HPOS="594"/>
						<String ID="string_202" HPOS="618" VPOS="1536" WIDTH="152" HEIGHT="50" WC="0.93" CONTENT="gemelde"/><SP WIDTH="26" VPOS="1536" HPOS="770"/>
						<String ID="string_203" HPOS="796" VPOS="1538" WIDTH="101" HEIGHT="34" WC="0.91" CONTENT="eerfte"/><SP WIDTH="27" VPOS="1538" HPOS="897"/>
						<String ID="string_204" HPOS="924" VPOS="1546" WIDTH="100" HEIGHT="39" WC="0.84" CONTENT="vraag,"/><SP WIDTH="6" VPOS="1546" HPOS="1024"/>
						<String ID="string_205" HPOS="1030" VPOS="1540" WIDTH="123" HEIGHT="40" WC="0.95" CONTENT="door"/><SP WIDTH="31" VPOS="1540" HPOS="1153"/>
						<String ID="string_206" HPOS="1184" VPOS="1549" WIDTH="60" HEIGHT="25" WC="0.92" CONTENT="ons"/><SP WIDTH="29" VPOS="1549" HPOS="1244"/>
						<String ID="string_207" HPOS="1273" VPOS="1541" WIDTH="32" HEIGHT="31" WC="0.93" CONTENT="in"/><SP WIDTH="22" VPOS="1541" HPOS="1305"/>
						<String ID="string_208" HPOS="1327" VPOS="1549" WIDTH="53" HEIGHT="23" WC="0.88" CONTENT="ce-"/>
					</TextLine>
					<TextLine ID="line_35" HPOS="397" VPOS="1556" WIDTH="984" HEIGHT="76">
						<String ID="string_209" HPOS="397" VPOS="1583" WIDTH="34" HEIGHT="48" WC="0.16" CONTENT="5,"/><SP WIDTH="27" VPOS="1583" HPOS="431"/>
						<String ID="string_210" HPOS="458" VPOS="1596" WIDTH="41" HEIGHT="23" WC="0.95" CONTENT="ne"/><SP WIDTH="26" VPOS="1596" HPOS="499"/>
						<String ID="string_211" HPOS="525" VPOS="1586" WIDTH="122" HEIGHT="46" WC="0.82" CONTENT="goede"/><SP WIDTH="7" VPOS="1586" HPOS="647"/>
						<String ID="string_212" HPOS="654" VPOS="1582" WIDTH="231" HEIGHT="56" WC="0.16" CONTENT="‘confcientie,"/><SP WIDTH="26" VPOS="1582" HPOS="885"/>
						<String ID="string_213" HPOS="911" VPOS="1589" WIDTH="61" HEIGHT="32" WC="0.76" CONTENT="aar"/><SP WIDTH="24" VPOS="1589" HPOS="972"/>
						<String ID="string_214" HPOS="996" VPOS="1556" WIDTH="79" HEIGHT="67" WC="0.20" CONTENT="Aue"/><SP WIDTH="25" VPOS="1556" HPOS="1075"/>
						<String ID="string_215" HPOS="1100" VPOS="1588" WIDTH="123" HEIGHT="34" WC="0.95" CONTENT="Vaders"/><SP WIDTH="25" VPOS="1588" HPOS="1223"/>
						<String ID="string_216" HPOS="1248" VPOS="1598" WIDTH="39" HEIGHT="23" WC="0.93" CONTENT="en"/><SP WIDTH="22" VPOS="1598" HPOS="1287"/>
						<String ID="string_217" HPOS="1309" VPOS="1588" WIDTH="72" HEIGHT="34" WC="0.91" CONTENT="Ge-"/>
					</TextLine>
					<TextLine ID="line_36" HPOS="393" VPOS="1630" WIDTH="985" HEIGHT="59">
						<String ID="string_218" HPOS="393" VPOS="1650" WIDTH="37" HEIGHT="30" WC="0.56" CONTENT="“5"/><SP WIDTH="28" VPOS="1650" HPOS="430"/>
						<String ID="string_219" HPOS="458" VPOS="1634" WIDTH="115" HEIGHT="51" WC="0.96" CONTENT="tuigen"/><SP WIDTH="41" VPOS="1634" HPOS="573"/>
						<String ID="string_220" HPOS="614" VPOS="1630" WIDTH="68" HEIGHT="40" WC="0.91" CONTENT="zou"/><SP WIDTH="20" VPOS="1630" HPOS="682"/>
						<String ID="string_221" HPOS="702" VPOS="1632" WIDTH="149" HEIGHT="39" WC="0.90" CONTENT="konnen"/><SP WIDTH="44" VPOS="1632" HPOS="851"/>
						<String ID="string_222" HPOS="895" VPOS="1633" WIDTH="138" HEIGHT="38" WC="0.74" CONTENT="wórden"/><SP WIDTH="35" VPOS="1633" HPOS="1033"/>
						<String ID="string_223" HPOS="1068" VPOS="1630" WIDTH="203" HEIGHT="59" WC="0.42" CONTENT="voorgefteld"/><SP WIDTH="14" VPOS="1630" HPOS="1271"/>
						<String ID="string_224" HPOS="1285" VPOS="1646" WIDTH="14" HEIGHT="31" WC="0.41" CONTENT=";"/><SP WIDTH="8" VPOS="1646" HPOS="1299"/>
						<String ID="string_225" HPOS="1307" VPOS="1648" WIDTH="15" HEIGHT="16" WC="0.25" CONTENT="-"/><SP WIDTH="13" VPOS="1648" HPOS="1322"/>
						<String ID="string_226" HPOS="1335" VPOS="1647" WIDTH="43" HEIGHT="23" WC="0.96" CONTENT="en"/>
					</TextLine>
					<TextLine ID="line_37" HPOS="395" VPOS="1681" WIDTH="982" HEIGHT="65">
						<String ID="string_227" HPOS="395" VPOS="1683" WIDTH="125" HEIGHT="46" WC="0.25" CONTENT="ss-hoe"/><SP WIDTH="23" VPOS="1683" HPOS="520"/>
						<String ID="string_228" HPOS="543" VPOS="1686" WIDTH="55" HEIGHT="33" WC="0.96" CONTENT="die"/><SP WIDTH="34" VPOS="1686" HPOS="598"/>
						<String ID="string_229" HPOS="632" VPOS="1685" WIDTH="109" HEIGHT="41" WC="0.47" CONTENT="allen,"/><SP WIDTH="37" VPOS="1685" HPOS="741"/>
						<String ID="string_230" HPOS="778" VPOS="1687" WIDTH="33" HEIGHT="33" WC="0.96" CONTENT="in"/><SP WIDTH="31" VPOS="1687" HPOS="811"/>
						<String ID="string_231" HPOS="842" VPOS="1681" WIDTH="239" HEIGHT="65" WC="0.92" CONTENT="opregtigheid"/><SP WIDTH="31" VPOS="1681" HPOS="1081"/>
						<String ID="string_232" HPOS="1112" VPOS="1697" WIDTH="42" HEIGHT="23" WC="0.94" CONTENT="en"/><SP WIDTH="37" VPOS="1697" HPOS="1154"/>
						<String ID="string_233" HPOS="1191" VPOS="1684" WIDTH="186" HEIGHT="44" WC="0.84" CONTENT="waarheid,"/>
					</TextLine>
					<TextLine ID="line_38" HPOS="393" VPOS="1707" WIDTH="982" HEIGHT="107">
						<String ID="string_234" HPOS="393" VPOS="1734" WIDTH="109" HEIGHT="45" WC="0.0" CONTENT="“als"/><SP WIDTH="26" VPOS="1734" HPOS="502"/>
						<String ID="string_235" HPOS="528" VPOS="1744" WIDTH="85" HEIGHT="25" WC="0.96" CONTENT="voor"/><SP WIDTH="20" VPOS="1744" HPOS="613"/>
						<String ID="string_236" HPOS="633" VPOS="1707" WIDTH="95" HEIGHT="79" WC="0.95" CONTENT="Gods"/><SP WIDTH="26" VPOS="1707" HPOS="728"/>
						<String ID="string_237" HPOS="754" VPOS="1718" WIDTH="167" HEIGHT="82" WC="0.49" CONTENT="aangeziËt"/><SP WIDTH="41" VPOS="1718" HPOS="921"/>
						<String ID="string_238" HPOS="962" VPOS="1730" WIDTH="65" HEIGHT="57" WC="0.69" CONTENT="rdit-"/><SP WIDTH="12" VPOS="1730" HPOS="1027"/>
						<String ID="string_239" HPOS="1039" VPOS="1730" WIDTH="181" HEIGHT="84" WC="0.58" CONTENT="vraagftuk"/><SP WIDTH="21" VPOS="1730" HPOS="1220"/>
						<String ID="string_240" HPOS="1241" VPOS="1710" WIDTH="134" HEIGHT="84" WC="0.95" CONTENT="konnen"/>
					</TextLine>
					<TextLine ID="line_39" HPOS="396" VPOS="1783" WIDTH="939" HEIGHT="79">
						<String ID="string_241" HPOS="396" VPOS="1793" WIDTH="31" HEIGHT="69" WC="0.13" CONTENT="»"/><SP WIDTH="12" VPOS="1793" HPOS="427"/>
						<String ID="string_242" HPOS="439" VPOS="1783" WIDTH="322" HEIGHT="36" WC="0.17" CONTENT="“beantwoorden?”"/><SP WIDTH="38" VPOS="1783" HPOS="761"/>
						<String ID="string_243" HPOS="799" VPOS="1795" WIDTH="2" HEIGHT="2" WC="0.61" CONTENT="—"/><SP WIDTH="140" VPOS="1795" HPOS="801"/>
						<String ID="string_244" HPOS="941" VPOS="1790" WIDTH="39" HEIGHT="24" WC="0.28" CONTENT="1:"/><SP WIDTH="237" VPOS="1790" HPOS="980"/>
						<String ID="string_245" HPOS="1217" VPOS="1792" WIDTH="6" HEIGHT="20" WC="0.0" CONTENT="i"/><SP WIDTH="106" VPOS="1792" HPOS="1223"/>
						<String ID="string_246" HPOS="1329" VPOS="1804" WIDTH="6" HEIGHT="7" WC="0.37" CONTENT=":"/>
					</TextLine>
					<TextLine ID="line_40" HPOS="422" VPOS="1802" WIDTH="956" HEIGHT="95">
						<String ID="string_247" HPOS="422" VPOS="1840" WIDTH="127" HEIGHT="29" WC="0.53" CONTENT="„Zoot"/><SP WIDTH="14" VPOS="1840" HPOS="549"/>
						<String ID="string_248" HPOS="563" VPOS="1834" WIDTH="69" HEIGHT="42" WC="0.70" CONTENT="mij"/><SP WIDTH="6" VPOS="1834" HPOS="632"/>
						<String ID="string_249" HPOS="638" VPOS="1840" WIDTH="46" HEIGHT="27" WC="0.77" CONTENT="nú"/><SP WIDTH="28" VPOS="1840" HPOS="684"/>
						<String ID="string_250" HPOS="712" VPOS="1835" WIDTH="70" HEIGHT="33" WC="0.96" CONTENT="niet"/><SP WIDTH="28" VPOS="1835" HPOS="782"/>
						<String ID="string_251" HPOS="810" VPOS="1833" WIDTH="78" HEIGHT="35" WC="0.95" CONTENT="alles"/><SP WIDTH="1" VPOS="1833" HPOS="888"/>
						<String ID="string_252" HPOS="889" VPOS="1802" WIDTH="196" HEIGHT="95" WC="0.79" CONTENT="bedriegt;"/><SP WIDTH="27" VPOS="1802" HPOS="1085"/>
						<String ID="string_253" HPOS="1112" VPOS="1808" WIDTH="39" HEIGHT="61" WC="0.96" CONTENT="dan"/><SP WIDTH="49" VPOS="1808" HPOS="1151"/>
						<String ID="string_254" HPOS="1200" VPOS="1835" WIDTH="178" HEIGHT="35" WC="0.96" CONTENT="verdienen"/>
					</TextLine>
					<TextLine ID="line_41" HPOS="396" VPOS="1882" WIDTH="980" HEIGHT="49">
						<String ID="string_255" HPOS="396" VPOS="1889" WIDTH="169" HEIGHT="35" WC="0.55" CONTENT="männen,"/><SP WIDTH="36" VPOS="1889" HPOS="565"/>
						<String ID="string_256" HPOS="601" VPOS="1882" WIDTH="147" HEIGHT="35" WC="0.86" CONTENT="welker"/><SP WIDTH="14" VPOS="1882" HPOS="748"/>
						<String ID="string_257" HPOS="762" VPOS="1878" WIDTH="197" HEIGHT="40" WC="0.86" CONTENT="vroomheid"/><SP WIDTH="29" VPOS="1878" HPOS="959"/>
						<String ID="string_258" HPOS="988" VPOS="1890" WIDTH="53" HEIGHT="26" WC="0.68" CONTENT="en’"/><SP WIDTH="18" VPOS="1890" HPOS="1041"/>
						<String ID="string_259" HPOS="1059" VPOS="1884" WIDTH="230" HEIGHT="57" WC="0.80" CONTENT="ongeveinsde"/><SP WIDTH="27" VPOS="1884" HPOS="1289"/>
						<String ID="string_260" HPOS="1316" VPOS="1893" WIDTH="60" HEIGHT="37" WC="0.90" CONTENT="ge-"/>
					</TextLine>
					<TextLine ID="line_42" HPOS="399" VPOS="1932" WIDTH="973" HEIGHT="48">
						<String ID="string_261" HPOS="399" VPOS="1932" WIDTH="396" HEIGHT="45" WC="0.29" CONTENT="meedelijkheid:boven"/><SP WIDTH="25" VPOS="1932" HPOS="795"/>
						<String ID="string_262" HPOS="820" VPOS="1932" WIDTH="67" HEIGHT="34" WC="0.95" CONTENT="alle"/><SP WIDTH="23" VPOS="1932" HPOS="887"/>
						<String ID="string_263" HPOS="910" VPOS="1932" WIDTH="190" HEIGHT="48" WC="0.95" CONTENT="bedenking"/><SP WIDTH="25" VPOS="1932" HPOS="1100"/>
						<String ID="string_264" HPOS="1125" VPOS="1933" WIDTH="98" HEIGHT="35" WC="0.95" CONTENT="zeker"/><SP WIDTH="24" VPOS="1933" HPOS="1223"/>
						<String ID="string_265" HPOS="1247" VPOS="1935" WIDTH="46" HEIGHT="40" WC="0.93" CONTENT="is,"/><SP WIDTH="13" VPOS="1935" HPOS="1293"/>
						<String ID="string_266" HPOS="1306" VPOS="1935" WIDTH="66" HEIGHT="31" WC="0.45" CONTENT="“en"/>
					</TextLine>
					<TextLine ID="line_43" HPOS="402" VPOS="1981" WIDTH="970" HEIGHT="46">
						<String ID="string_267" HPOS="402" VPOS="1971" WIDTH="51" HEIGHT="46" WC="0.96" CONTENT="die"/><SP WIDTH="38" VPOS="1971" HPOS="453"/>
						<String ID="string_268" HPOS="491" VPOS="1992" WIDTH="58" HEIGHT="24" WC="0.96" CONTENT="aan"/><SP WIDTH="34" VPOS="1992" HPOS="549"/>
						<String ID="string_269" HPOS="583" VPOS="1991" WIDTH="62" HEIGHT="23" WC="0.96" CONTENT="een"/><SP WIDTH="36" VPOS="1991" HPOS="645"/>
						<String ID="string_270" HPOS="681" VPOS="1981" WIDTH="123" HEIGHT="56" WC="0.96" CONTENT="gansch"/><SP WIDTH="36" VPOS="1981" HPOS="804"/>
						<String ID="string_271" HPOS="840" VPOS="1981" WIDTH="135" HEIGHT="45" WC="0.96" CONTENT="Synode"/><SP WIDTH="36" VPOS="1981" HPOS="975"/>
						<String ID="string_272" HPOS="1011" VPOS="1982" WIDTH="78" HEIGHT="34" WC="0.93" CONTENT="zulk"/><SP WIDTH="37" VPOS="1982" HPOS="1089"/>
						<String ID="string_273" HPOS="1126" VPOS="1992" WIDTH="61" HEIGHT="24" WC="0.96" CONTENT="een"/><SP WIDTH="42" VPOS="1992" HPOS="1187"/>
						<String ID="string_274" HPOS="1229" VPOS="1975" WIDTH="143" HEIGHT="41" WC="0.96" CONTENT="verzoek"/>
					</TextLine>
					<TextLine ID="line_44" HPOS="402" VPOS="2029" WIDTH="970" HEIGHT="50">
						<String ID="string_275" HPOS="402" VPOS="2033" WIDTH="109" HEIGHT="43" WC="0.96" CONTENT="doen,"/><SP WIDTH="37" VPOS="2033" HPOS="511"/>
						<String ID="string_276" HPOS="548" VPOS="2029" WIDTH="66" HEIGHT="35" WC="0.96" CONTENT="wel"/><SP WIDTH="33" VPOS="2029" HPOS="614"/>
						<String ID="string_277" HPOS="647" VPOS="2032" WIDTH="141" HEIGHT="46" WC="0.92" CONTENT="eenigen"/><SP WIDTH="32" VPOS="2032" HPOS="788"/>
						<String ID="string_278" HPOS="820" VPOS="2032" WIDTH="155" HEIGHT="46" WC="0.91" CONTENT="aandagt,"/><SP WIDTH="37" VPOS="2032" HPOS="975"/>
						<String ID="string_279" HPOS="1012" VPOS="2041" WIDTH="42" HEIGHT="24" WC="0.96" CONTENT="en"/><SP WIDTH="38" VPOS="2041" HPOS="1054"/>
						<String ID="string_280" HPOS="1092" VPOS="2041" WIDTH="62" HEIGHT="25" WC="0.96" CONTENT="een"/><SP WIDTH="30" VPOS="2041" HPOS="1154"/>
						<String ID="string_281" HPOS="1184" VPOS="2031" WIDTH="188" HEIGHT="48" WC="0.96" CONTENT="eenigszins"/>
					</TextLine>
				</TextBlock>
				<TextBlock ID="block_7" HPOS="1311" VPOS="2089" WIDTH="59" HEIGHT="38">
					<TextLine ID="line_45" HPOS="1311" VPOS="2089" WIDTH="59" HEIGHT="38">
						<String ID="string_282" HPOS="1311" VPOS="2089" WIDTH="59" HEIGHT="38" WC="0.26" CONTENT="8e-"/>
					</TextLine>
				</TextBlock>
				<TextBlock ID="block_8" HPOS="1553" VPOS="46" WIDTH="4" HEIGHT="811">
					<TextLine ID="line_46" HPOS="1553" VPOS="46" WIDTH="4" HEIGHT="811">
						<String ID="string_283" HPOS="1553" VPOS="46" WIDTH="4" HEIGHT="811" WC="0.95" CONTENT=" "/>
					</TextLine>
				</TextBlock>
				<TextBlock ID="block_9" HPOS="1555" VPOS="29" WIDTH="24" HEIGHT="2629">
					<TextLine ID="line_47" HPOS="1555" VPOS="29" WIDTH="24" HEIGHT="2629">
						<String ID="string_284" HPOS="1555" VPOS="29" WIDTH="24" HEIGHT="2629" WC="0.95" CONTENT=" "/>
					</TextLine>
				</TextBlock>
			</PrintSpace>
		</Page>
	</Layout>
</alto>
