1610 2722
39 57 2 3 nd,

407 266 70 43 €34
559 270 35 25 2
619 270 466 37 SPIHILADELPH
1112 276 66 32 US

419 350 32 45 ‘>
477 351 224 47 Avondmaal,
728 361 58 32 aan
805 359 110 35 hunne
930 360 118 37 Zielen
1068 359 175 54 verzegeld
1260 357 145 44 wordt.”

428 399 159 45 Daar-
542 395 48 62 ha
610 402 28 38 U
638 402 109 51 26.
793 433 24 17 „
844 408 84 35 Hier
955 411 26 34 is
1006 412 60 34 dan
1087 413 39 33 de
1146 413 121 48 groote
1288 423 116 39 vraag

417 450 141 45 secHoe
586 453 41 34 de
649 451 113 39 kleine
796 454 203 40 Kinderkeris
1028 456 132 41 konnen
1188 456 218 59 aangemerkt

417 500 210 44 Worden:
652 503 47 36 als
735 506 304 50 verbondelingen,
1076 511 43 35 of
1146 523 63 24 zoo
1240 515 46 33 als
1315 524 86 26 onze

417 559 36 36 »
479 549 232 39 Katechismus
735 564 98 40 zege,
862 556 119 38 zoowel
1006 561 49 34 als
1075 563 37 32 de
1131 561 215 47 volwasfenen
1367 565 36 35 in

424 623 27 18 »
478 609 110 27 GODS
604 604 160 35 verbond
787 606 159 47 begrepen
975 609 106 46 zijn?
1107 612 42 32 en
1175 607 47 43 als
1250 612 40 34 de
1306 624 95 25 zoo-

421 671 27 20 »»
476 647 153 50 dânigen-
641 648 61 39 den
726 653 126 47 Doop,
880 657 50 34 als
955 668 60 24 een
1036 657 213 49 zegelteeken
1271 671 62 38 van
1353 663 48 34 dit

421 722 26 20 »
475 699 183 44 Verborid,
695 701 204 50 ontfangen?
926 707 137 35 Immers
1075 710 80 33 niet
1170 695 164 66 dadelijk
1359 723 43 24 en

420 771 27 19 »
474 748 191 49 Werkelijk;
690 746 89 41 want
799 765 72 23 enz.
898 769 44 12 —
968 757 211 47 Gevolgelijk
1203 760 138 35 kunner
1358 761 43 35 de

419 818 26 21 »
467 795 537 56 ‘Kinders
628 791 65 64 als
697 795 307 56 Verbondelingen
1030 808 68 33 niet
1126 806 278 51 wofdert-aange-

414 847 31 42 »
473 847 130 43 merkt,
639 849 65 35 dan
740 850 224 49 gangemerkt
997 855 37 35 in
1070 856 113 36 hunne
1224 860 152 34 Ouderen
1388 884 14 17 ,

418 918 26 20 »
470 894 73 36 tiet
573 894 132 39 welken
741 902 61 42 zij,
839 903 31 32 in
907 903 50 34 dit
984 906 136 46 opzigt,
1143 912 79 30 zoo
1235 908 86 34 veel
1352 908 47 35 als

417 967 27 19 »
471 946 62 33 één
557 945 151 37 lichaam
730 946 190 48 Wirmiakens
945 953 166 47 invoegen
1133 952 55 37 dat
1207 955 41 35 de
1270 954 132 39 Ouders

416 1017 26 19 »
471 993 214 48 Geloovigen
714 1007 42 24 en
786 996 292 53 Verbondelingen
1108 999 126 49 zijnde,
1262 1007 68 33 ook
1357 1006 42 34 de

417 1065 26 20 »
471 1041 146 38 Kinders
647 1046 39 34 in
710 1046 72 35 hun
807 1058 42 24 en
876 1057 50 26 om
954 1050 132 37 hunnen
1116 1053 24 34 ’t
1165 1051 107 50 wille,
1311 1061 86 39 voor

414 1116 26 20 »
466 1090 201 50 geloovigen
702 1101 41 28 en
778 1092 283 53 verbondelingen
1099 1102 134 35 konnen
1256 1101 141 48 ‘gehou-

401 1165 36 19 »
466 1139 66 36 den
568 1140 173 38 worden.”
790 1144 94 46 Dar
919 1152 45 40 op
994 1154 98 30 toont
1119 1150 83 48 deze
1231 1153 168 43 Schrijver

414 1187 223 52 breedvoerig
665 1204 86 37 aan,
781 1194 67 36 hoe
876 1195 80 36 deze
985 1200 213 47 veregniging
1225 1202 57 33 der
1312 1201 84 35 Kine

412 1240 103 35 deren
556 1251 69 25 met
652 1243 42 35 de
723 1239 162 54 Ouders,
915 1243 86 51 zijns
1021 1248 180 44 oordeels,
1234 1252 68 35 wiet
1330 1251 67 35 kar

415 1290 170 48 begrepen
612 1291 159 45 worden,
798 1304 42 24 en
867 1294 153 49 vervolgt
1040 1298 42 34 bl,
1110 1304 58 38 4i.
1197 1298 63 36 dan
1281 1300 115 36 aldus:

410 1361 27 21 ‚
463 1337 91 37 Daar
578 1337 85 51 blijft
688 1342 61 34 dan
774 1344 86 35 niets
882 1345 120 36 anders
1020 1348 141 46 overig;
1182 1348 62 35 dan
1265 1349 55 34 dat
1340 1350 58 34 de-

408 1410 27 21 „»
462 1397 40 25 ze
528 1383 227 50 Kindérkens,
781 1392 46 35 als
850 1379 118 69 zelven
979 1398 80 45 nog
1078 1407 107 37 geene
1205 1394 191 40 Perfootien

409 1461 25 19 »
461 1437 34 34 in
524 1437 81 45 deze
633 1440 349 51 verbondshandeling
1002 1445 178 35 kunnende
1196 1448 198 52 giemaken,

409 1509 27 20 »
461 1484 102 50 gelijk
587 1484 39 37 ik
632 1479 126 44 boven
780 1487 170 65 bewezen:
960 1487 86 65 heb,
1071 1488 47 41 bl
1149 1497 62 41 18,
1241 1499 56 43 ty
1305 1509 89 23 -aan-

408 1558 26 21 »
460 1535 154 47 gemerkte
651 1538 136 34 werden
793 1531 56 55 vin
871 1540 56 35 de
949 1541 195 57 Perfoonen
1154 1549 90 39 ‘van
1259 1547 132 35 “hühne

407 1608 26 19 »
459 1583 182 48 geloovige
679 1589 58 32 en
761 1589 34 32 in
807 1589 85 50 ‚het
931 1590 292 48 Genadeverbond
1262 1595 130 48 ffaande

407 1657 25 19 »
459 1634 185 47 Ouderen,
681 1636 52 34 die
771 1637 63 34 dari
861 1639 81 48 ook
958 1645 78 30 var
1063 1630 124 63 wegen
1201 1646 56 32 éh
1287 1645 34 34 in
1328 1645 62 34 de

408 1706 26 19 »,
461 1683 104 46 Plaats
602 1694 63 25 van
698 1684 117 37 hunne
845 1679 169 45 Kinderen
1051 1691 57 43 het
1134 1692 162 36 Verbond
1321 1701 71 28 met

408 1755 26 19 »
464 1732 81 35 God
583 1731 84 40 voor
703 1736 68 34 hùn
808 1729 262 49 maken;“door
1104 1741 58 35 hee
1188 1743 200 48 geloof:op

405 1804 27 19 »
461 1779 193 39 'sHeilands
683 1782 214 47 offerhande,
925 1786 49 36 Pf.
1001 1787 42 36 L.
1073 1789 58 46 5.”
1182 1791 62 35 Üit
1271 1793 30 34 al
1330 1794 60 35 het

406 1830 88 35 welk
523 1831 40 34 de
592 1831 62 36 Hr.
675 1832 133 49 Keppel
838 1836 62 34 dan
920 1836 94 36 aldus
1032 1841 195 43 redeneert,
1253 1839 44 38 bl,
1326 1854 61 34 44.

402 1902 25 20 »
455 1880 103 35 Waar
594 1879 49 37 uit
678 1883 62 45 dan
761 1885 85 35 ook
882 1885 56 36 elk
973 1885 140 50 ligrelijk
1143 1891 83 42 zier,
1261 1890 56 36 dat
1345 1892 44 34 de

403 1953 27 19 »
457 1928 108 46 Doop
601 1932 56 35 der
684 1932 221 50 Zuigelingen
941 1937 62 41 zie,
1047 1946 66 27 zoo
1140 1950 77 24 zeer
1244 1941 67 34 niet
1337 1952 48 35 op

400 2000 28 21 s
455 1978 40 35 de
522 1979 173 37 Kinderen
724 1983 140 43 zelven;
900 1995 89 25 want
1025 1986 54 35 die
1116 1987 131 37 hebben
1278 2001 36 23 er
1340 1991 44 34 de

401 2051 25 20 »
451 2028 116 36 Minfte
602 2031 239 47 werenfchap,„
874 2034 69 35 ook
977 2034 42 35 de
1047 2037 115 40 rainfte
1193 2038 191 48 nuttigheid

1260 2113 28 20 »
1313 2099 70 27 niet
