1468 2691
29 1175 28 38 ke

294 284 671 27 VERANTWOORDING
1080 283 51 26 Er

203 375 88 25 TEN
319 366 131 34 aanzien
480 376 64 23 van
578 376 84 24 HET
688 376 166 24 EERSTE
880 374 75 38 zegt
975 363 41 35 de
1037 363 94 36 Heer

154 415 44 36 A.
223 416 44 34 bl.
300 425 55 24 1e.
431 414 38 34 Ik
500 415 139 42 twijfele
674 414 185 36 intusfchen
890 425 95 30 zeer,
1022 413 110 45 Mijns

208 465 97 33 heer!
342 463 44 35 of
420 464 44 46 gij
500 463 73 46 (of
602 465 128 34 iemand
761 465 145 43 anders)
941 475 57 23 uw
1027 463 105 34 denka

156 538 24 19 »»
207 512 97 35 beeld
327 513 63 34 wel
419 514 72 33 ooit
524 515 32 32 in
583 514 65 34 den
674 514 104 44 Bijbel
805 523 40 24 en
871 523 84 25 onze
986 511 145 37 Formu-

158 587 23 18 „
206 562 102 34 lieren
335 562 102 34 zoudt
473 564 174 44 gevonden
679 564 151 41 hebben,
866 562 110 35 indien
1006 562 41 34 de
1073 562 59 35 be-

154 636 26 18 s
207 611 121 34 doelde
350 612 227 46 zwarigheden
599 623 22 24 u
640 614 67 33 niet
733 623 75 24 naar
826 613 61 33 iets
912 611 115 35 anders
1050 610 82 35 had-

155 685 23 18 »
205 660 62 34 den
296 660 87 35 doen
411 661 168 34 omzien.”
630 656 96 56 Maar
742 662 87 34 deze
857 672 66 24 zoo
950 660 182 48 genaamde

156 708 178 51 twijfeling
357 710 171 34 verandert
548 710 188 35 naderhand
757 712 31 33 in
808 721 60 24 een
888 711 128 46 geloof;
1043 719 90 25 want

155 759 45 36 bl.
229 770 56 23 zo,
314 759 67 35 lees
405 759 54 34 ik:
500 759 86 43 „Ik
617 760 66 35 heb
710 761 93 34 reeds
835 759 150 48 gezegd,
1018 759 54 34 dat
1098 760 35 34 ik

158 832 25 19 9
210 807 165 47 geloove,
410 809 54 33 dat
490 820 74 23 men
597 820 58 24 aan
681 810 237 44 uw-Sijstema
943 810 97 34 nooit
1066 819 67 24 zou

159 882 23 18 „
208 858 121 46 gedagt
364 858 152 41 hebben,
551 859 110 33 indien
691 861 38 33 de
766 858 238 47 zwarigheden
1039 866 96 39 tegen

156 930 27 19 »
210 907 55 34 het
287 918 148 35 gewoone
457 905 107 49 flelfel
586 908 68 33 niet
674 918 75 24 naar
773 909 61 33 iets
862 908 115 34 anders
1002 907 133 34 hadden

156 980 28 17 »,
211 955 86 33 doen
319 955 163 34 zoeken.”
520 954 172 45 Eindelijk
711 958 116 44 groeit
842 956 80 35 deze
938 956 196 46 twijfeling,

158 1014 42 22 en
229 1003 44 33 dit
308 1003 124 46 geloof
453 1013 58 23 aan
541 1013 51 25 tot
624 1015 80 23 eene
738 1004 131 48 flellige.
897 1005 238 47 verzekering,

158 1061 91 26 want
274 1052 42 35 bl.
349 1063 78 24 120,
454 1062 76 37 zegt
562 1054 56 45 mij
648 1053 40 34 de
717 1053 90 35 Heer
836 1053 43 35 A.
911 1078 25 18 „
964 1051 25 36 *
1009 1054 127 35 Waren

159 1127 25 18 „»
211 1100 106 36 alleen
336 1112 87 24 uwe
458 1102 252 47 zwarigheden,
746 1102 130 35 welken
909 1114 20 23 u
959 1113 76 24 naar
1071 1113 66 24 een

159 1175 25 18 »
210 1151 102 34 ander
345 1151 149 46 Sijstema
529 1151 131 35 hebben
698 1151 86 35 doen
823 1151 166 35 omzien”
1058 1153 78 34 Zoo

160 1201 69 33 lees
247 1201 33 33 ik
309 1201 91 40 ook,
428 1210 70 25 met
523 1202 198 45 betrekking
748 1210 48 26 tot
822 1201 41 34 de
894 1201 154 47 Liturgie
1074 1212 63 24 van

161 1259 85 25 onze
272 1249 113 42 Kerk,
411 1250 43 35 4/.
482 1251 58 44 98.
569 1275 23 17 „
613 1250 100 35 Door
735 1255 76 30 uwe
840 1251 221 47 bijgevoegde
1087 1261 52 24 re-

159 1323 25 18 „
211 1299 201 46 deneringen
442 1309 42 25 en
515 1300 232 47 zwarigheden
779 1301 119 46 brengt
929 1301 47 45 gij
1005 1300 47 34 'er
1082 1311 56 24 nw

159 1370 23 20 »
208 1347 152 45 Sijstema
383 1348 70 34 in.”
1070 1354 16 6 7

209 1406 149 26 ZULKE
397 1398 276 47 inboezemingen
708 1398 87 45 zijn,
822 1408 76 24 naar
919 1397 98 35 haren
1040 1399 97 45 eigen

159 1455 89 30 aart,
276 1446 165 46 gefchikt.
484 1458 55 23 om
573 1448 31 32 in
632 1446 25 34 *
681 1447 170 49 algemeen
878 1456 32 24 te
937 1445 87 37 doen
1059 1448 79 34 den-

161 1496 88 39 ken,
276 1496 54 33 dat
355 1495 40 33 de
424 1495 85 34 door
538 1496 56 43 mij
619 1495 229 46 voorgeftelde
874 1495 68 34 leer
970 1498 83 33 niets
1082 1507 56 24 an-

161 1544 74 34 ders
264 1545 62 44 zij,
355 1544 61 33 dan
443 1554 65 35 een
536 1544 211 45 willekeurig
772 1543 213 45 Leerftelfel,
1021 1556 117 35 opzet-

160 1592 92 45 telijk
283 1592 191 48 uitgedagt,
507 1604 41 23 en
587 1594 64 33 den
684 1594 106 44 Bijbel
827 1605 41 23 en
903 1593 234 37 Formulieren

160 1642 266 47 opgedrongen,
455 1653 55 23 om
540 1644 119 46 eenige
691 1645 85 32 niets
809 1643 206 35 beduidende
1050 1655 88 25 zwa-

160 1691 181 47 righeden,
369 1692 51 33 die
444 1692 36 34 ik
490 1692 69 44 mij
580 1693 34 34 in
637 1693 54 34 het
709 1693 172 46 algemeen
906 1704 231 34 aangenomen

161 1740 119 36 Stelfel
308 1741 97 46 flegts
426 1741 217 43 verbeeldde,
671 1752 32 24 te
725 1742 192 45 vermijden.
957 1742 78 36 Hoe
1055 1745 84 33 wei-

159 1791 59 45 nig
252 1791 174 46 aandagts,
470 1791 175 46 namelijk!
689 1791 148 35 verdient
870 1792 76 35 zulk
980 1803 62 23 een
1078 1803 60 37 ge-

160 1838 137 46 fchrijf?
323 1838 78 37 Hoe
424 1851 67 24 was
513 1841 57 33 het
597 1850 32 25 te
654 1840 155 42 denken,
835 1841 54 35 dat
917 1842 100 45 mijne
1046 1843 92 34 Brie-

161 1898 64 25 ven
257 1900 56 25 zoo
340 1890 69 34 veel
430 1889 108 45 bijval
562 1891 125 34 zouden
710 1892 168 46 gevonden
905 1891 149 37 hebben?
1081 1893 56 34 De

162 1931 92 60 Heer
268 1931 56 60 ‘A.
350 1937 125 35 althans
501 1938 66 34 had
593 1939 47 33 dit
668 1940 69 33 niet
763 1940 142 46 gedagt,
940 1952 41 24 en
1010 1952 45 24 nu
1082 1942 58 45 zij-

161 1997 45 24 ne
236 1987 140 35 Brieven
408 1989 33 32 in
464 1986 23 34 ’
507 1987 82 34 licht
615 1988 167 47 gekomen
805 1990 84 42 zijn,
914 1992 27 33 is
960 1991 23 34 *t
1003 2001 135 24 natuur-

161 2035 61 51 lijk
240 2036 65 37 dat
334 2037 45 49 hij
415 2041 191 45 verwagte,
637 2038 58 37 dat
721 2039 53 35 die
801 2038 96 47 bijval
927 2040 64 36 wel
1025 2041 113 34 luwen

362 2088 6 6 Ì
1065 2089 72 45 zal;
