1505 2691
358 262 33 46 yv.
430 273 23 25 0
504 262 24 46 O0
573 270 100 26 RR
721 271 22 24 E
797 270 23 24 D
871 262 33 46 EE
941 266 35 26 N
1111 264 52 28 XI

189 357 81 50 zelfs
287 357 38 35 de
341 352 117 48 laaifte
480 349 178 53 genoemde
674 361 63 37 nog
755 347 122 48 leefde,
903 359 41 24 en
967 347 35 35 in
1028 344 56 36 het
1109 343 54 36 vol

186 421 93 40 bezit
297 429 69 25 was
394 427 69 26 van
492 415 114 44 zijnen
627 425 57 24 zoo
703 413 60 34 wel
779 412 196 35 verdienden
994 402 132 53 Roem?

236 495 41 24 ik
305 481 118 48 betuig
449 481 143 34 daarom
615 477 63 35 wel
702 487 83 27 zeer
816 473 126 49 ernflig
967 483 68 26 van
1061 482 102 37 grove

189 544 287 50 werongelijking,
503 544 51 36 als
583 543 38 34 de
641 540 70 37 Hr.
734 548 347 27 aLeTHOPuILUS
1102 534 65 46 mij

190 611 37 35 in
255 609 92 46 zijne
373 607 146 36 Brieven
546 606 48 36 bl.
621 605 58 47 36.
705 602 144 47 verdagt
876 599 140 42 maakt,
1053 599 52 36 als
1131 595 43 51 of

188 674 53 41 ik,
266 684 75 25 over
369 670 104 37 Pfalm
505 670 42 36 L.
569 666 235 52 fchrijvende,
830 665 39 35 de
890 663 175 50 genoemde
1075 649 93 58 Hee.

187 749 61 24 ren
273 748 69 25 zou
361 735 154 48 verflaan
540 734 120 36 hebben
689 731 101 35 onder
816 728 54 48 die
889 727 197 47 uitleggers,
1113 724 54 38 die

187 800 78 36 alles
294 801 184 47 doorgaans
498 801 115 45 buiten
634 792 148 41 verband
802 792 140 35 rukken.
991 789 91 36 ier
1098 798 70 26 van

187 864 30 36 is
255 863 52 47 bij
331 863 65 47 mij
421 859 89 38 noch.
519 856 114 50 fchijn
661 858 84 38 noch
764 856 168 51 fchaduw
961 862 33 27 te
1023 853 145 41 vinden,

186 926 101 49 gelijk
318 926 51 35 dit
404 925 57 36 ook
487 924 36 35 in
550 924 102 45 mijne
677 923 166 47 gedagten
873 919 72 35 niet
972 917 197 52 opgekomen

188 1000 87 25 was.
325 987 147 46 Terwijl
512 986 58 34 het
604 986 66 44 mij
705 981 252 48 onbegrijpelijk
987 981 182 41 voorkomt,

188 1053 61 36 hoe
296 1063 59 25 EEN
388 1054 501 32 WAARHEIDSMINNAAR
923 1042 60 36 het
1018 1043 36 33 in
1087 1042 84 45 zijne

186 1118 166 48 gedagien
377 1114 165 49 gekregen
568 1109 108 49 heeft,
704 1109 80 38 zulk
807 1120 75 24 eene
896 1104 273 51 befchuldiging
1138 1100 36 70 ,

188 1188 41 41 op
254 1192 55 25 zoo
332 1190 59 24 een
418 1176 99 52 losfen
541 1176 129 49 grond,
695 1183 99 40 tegen
818 1173 67 47 mij
908 1172 35 35 in
961 1179 32 28 te
1011 1170 161 50 brengen.

237 1315 254 35 DESGELIJKS
512 1304 60 35 ben
597 1304 34 35 ik
658 1301 60 48 mij
735 1301 38 36 al
790 1298 90 44 mede
907 1299 190 44 onbewust,
1120 1300 53 34 ie«

188 1370 101 36 mand
304 1382 82 24 voor
409 1379 56 25 een
482 1366 176 48 Labadist
680 1364 211 46 uitgekreten
919 1369 33 28 te
969 1361 133 36 hebben.
1127 1363 46 35 Ik

187 1432 199 37 verklaarde
411 1432 47 35 bl.
488 1442 59 24 go.
574 1435 67 29 met
664 1439 61 23 zoo
751 1427 73 33 vele
848 1422 175 45 woorden,
1047 1422 61 36 dat
1133 1424 37 36 ik

186 1496 63 36 den
269 1506 99 25 naam
392 1493 157 36 VLabadist
566 1494 68 32 niet
649 1498 150 29 voor.een
816 1484 216 51 fcheldnaam
1056 1485 116 44 hield;

185 1571 40 26 en
252 1561 28 34 ’t
292 1569 80 36 geen
396 1558 34 35 ik
456 1568 69 24 van
547 1555 39 35 de
610 1551 187 50 menftchen,
830 1550 134 37 welken.
991 1559 87 26 naar
1101 1547 69 36 Las

185 1623 97 36 badie
304 1621 155 47 genoemd
480 1620 155 44 worden,
669 1628 124 36 zegge,
827 1613 133 47 bewijst
986 1612 40 36 de
1049 1625 120 25 waar=

185 1686 79 38 beid
285 1686 102 37 dezer
412 1685 203 46 verklaring.
663 1681 72 41 Het
763 1678 138 50 gebruik
935 1687 71 25 van
1039 1677 141 47 uitkrij-.

186 1752 112 45 tingen
317 1750 78 35 door
413 1747 153 46 hatelijke
582 1755 147 35 namen
708 1743 21 58 ,
754 1755 40 23 en
810 1753 71 24 van
906 1738 120 37 andere
1050 1731 136 44 kunste

176 1813 77 49 jes,
288 1824 50 24 om
363 1813 133 36 iemand
520 1822 127 37 wegens
673 1807 92 47 zijne
789 1804 187 49 leerftellige
1001 1804 169 48 begrippen

183 1873 50 46 bij
250 1874 39 35 de
314 1876 201 47 onkundigen
539 1881 118 31 zwart
681 1880 33 29 te
734 1872 119 35 maken
866 1895 13 20 ,
904 1868 30 35 is
948 1866 114 48 geheel
1070 1862 101 52 Prijs

187 1938 57 46 dig
271 1945 66 28 met
360 1938 100 47 mijne
484 1939 179 48 Beginfels.
689 1936 74 37 Ook
792 1936 29 34 is
850 1932 104 48 'tmij
985 1927 195 47 onbekends,

188 2001 62 37 dat
278 2001 34 36 ik
335 2001 87 38 daar
446 2014 72 26 van
541 2006 65 33 ooit
632 1999 142 47 werdagt
798 1997 166 49 gehouden
987 1996 74 35 ben.
1092 1994 87 46 Dog

184 2076 48 29 na
254 2065 100 50 mijne
373 2065 124 52 gedane
520 2065 217 47 verklaring,
759 2061 62 37 dat
845 2061 34 37 ik
905 2060 64 37 den
985 2069 101 27 naam
1104 2057 67 35 Lar

1114 2122 56 36 ba-
