1581 2722
396 272 41 35 44
594 278 624 47 PHILADELPHEUS--

393 375 25 18 »
445 351 40 35 de
521 359 196 42 aanfpraken
744 374 62 27 van
836 377 74 26 zeer
934 371 72 41 vele
1032 373 201 43 Ledematen
1261 391 112 35 onzer.

391 410 26 33 »
444 403 205 47 Gemeente,
685 416 187 43 waonende
907 429 84 25 zoo:
1010 424 136 39 binnen.
1163 431 53 33 gls
1250 427 112 60 buiten

388 474 28 18 >»
442 463 82 25 Onze
545 455 85 36 Stad
643 471 52 24 en
720 457 169 56 Provintie
943 469 97 44 hem,
1074 476 201 45 Appellant,
1304 491 55 36 ten

387 522 26 19 »
440 503 198 37 Overvloede
636 499 54 62 is’
704 508 183 48 gebleken,
913 517 53 40 dar
988 517 54 42 het
1059 513 98 63 geral
1167 539 70 24 van
1265 530 90 52 hun,

385 571 25 18 »
436 549 52 34 die
512 555 199 46 zwarigheid
730 562 118 35 vinden
876 566 39 38 in
939 568 63 36 den
1021 566 211 60 Kinderdoop
1248 604 10 16 ,
1285 591 70 39 nog

382 620 25 18 »
432 602 142 41 Stooter
587 605 50 43 is,
663 607 62 35 dan
746 610 75 35 hem
842 615 127 41 bewust
988 630 86 33 was,
1101 624 43 43 bij
1170 626 57 35 het
1244 639 108 34 geven

380 667 24 20 »
431 658 61 25 Van
520 651 63 46 zijn
610 658 204 51 getuigenis,
839 664 33 36 in
892 665 41 36 de
955 669 143 38 redenen
1118 684 62 28 van
1202 672 154 53 Appèl.”

428 705 145 29 LULKE
605 708 265 45 geruigenisfen,
901 723 78 29 zoo:
1001 719 149 48 plegtig,
1185 725 34 40 in
1244 728 107 38 zulke

379 744 233 56 aanzienelijke
640 757 256 50 vergaderingen
923 764 46 36 als
987 769 41 31 de
1046 768 117 38 Klasfis
1184 784 61 31 van
1263 777 85 34 Am-

376 792 135 40 fterdam
539 801 46 39 is,
621 813 86 32 waar
736 817 61 32 van
824 811 40 35 de
890 812 218 44 Predikanten
1144 822 69 36 dier
1247 826 99 46 Sud,

372 842 55 35 die
456 846 70 36 hier
551 860 67 27 zoo
642 853 166 48 kennelijk
835 871 224 44 opgeroepen.
1081 872 157 43 worden,
1275 877 77 38 ine-

372 891 140 39 deleden
539 900 85 42 zijn,
650 908 43 31 en
713 905 50 37 als
784 908 40 32 de
844 908 144 45 Synode
1002 926 62 25 van
1086 915 265 56 Noordholland

370 941 50 42 is,
448 945 33 33 in
507 947 117 36 welke:
646 951 41 38 de
713 955 285 45 Amfterdamfche
1016 964 121 42 Klasfis
1166 971 95 33 mede
1273 974 74 43 zit-

369 991 73 47 ting
458 993 114 46 heeft;
598 1009 61 27 een
681 1005 209 45 getuigenis,
916 1021 63 36 zeg
1000 1014 54 39 ik,
1081 1027 65 24 zoo
1164 1015 155 56 afgelegd
1328 1048 14 17 ,

367 1049 45 25 En
439 1053 65 25 met
535 1045 200 52 flilzwijgen
768 1055 229 47 beantwoord,
1043 1064 70 41 zal,
1158 1067 94 47 hoop
1281 1071 58 48 ik,

364 1088 87 54 voor
464 1092 72 35 den
557 1094 61 41 Hr,
645 1103 43 30 A.
715 1111 60 27 een
794 1113 224 41 genoegzaam
1038 1113 113 46 bewijs
1175 1118 84 44 zijn,
1285 1120 57 44 dat

361 1138 44 34 de
432 1144 230 45 zwarigheden
694 1156 98 39 tegen
828 1154 62 36 den
925 1156 239 52 Kinderdoop,
1207 1168 49 33 ‘uit
1280 1168 63 42 het

358 1184 248 44 Labadistifche
646 1195 194 47 Leerttelfel
874 1207 243 47 opkomende,
1160 1216 71 41 niet
1270 1219 71 45 zijn

359 1233 98 53 mijne
488 1244 255 47 zwarigheden,
770 1250 53 35 die
853 1253 34 35 ik
915 1263 187 37 verzonnen
1131 1262 91 44 heb,
1246 1277 89 36 maar

357 1289 62 32 van
434 1298 61 25 een
516 1301 75 25 zeer
615 1305 101 35 groot
737 1301 102 36 aantal
868 1302 58 40 der
954 1308 93 40 beste
1071 1310 97 41 leden
1190 1325 59 30 van
1270 1328 62 25 ons

355 1331 251 53 gereformeerd
634 1338 352 64 Kerkgenootfchap;
1008 1358 60 40 Als
1101 1363 113 41 mede:
1258 1365 72 41 Dat

352 1383 56 38 die
430 1389 230 47 zwarigheden
680 1395 70 34 niet
776 1406 65 31 zoo
841 1400 153 57 gering:
997 1407 86 45 zijn,
1101 1410 64 40 dat
1187 1423 39 27 ze
1243 1411 90 63 geen,

350 1438 195 41 antwoord,
571 1450 106 34 geene
703 1445 156 45 redelijke
881 1461 40 24 en
949 1450 61 55 wèl
1030 1453 292 59 ‚famenhangende

349 1482 171 48 oplosfing
554 1489 132 38 zauden
717 1496 207 46 verdienen
894 1492 51 59 ;
973 1513 41 31 en
1050 1508 110 35 indien
1194 1522 36 25 er
1263 1524 63 32 aan

347 1530 49 35 dit
426 1533 110 36 laate
570 1547 69 38 nog
665 1542 61 39 iets
756 1555 110 37 mogt)
879 1548 147 46 fchijnen
1054 1564 32 32 te
1114 1561 207 47 ontbreken,

344 1580 51 35 zal
426 1582 34 34 ik
487 1590 41 32 er
555 1585 63 36 den
645 1586 62 41 Hr.
737 1592 44 35 A,
807 1605 69 37 nog
904 1595 40 65 bij
951 1599 196 51 berigten,
1184 1610 54 34 dat
1264 1612 59 44 die

341 1632 230 45 zwarigheden
603 1637 83 38 zelfs
715 1648 59 33 aan
805 1643 61 39 den
893 1645 218 50 Kerkenraad:
1139 1667 59 25 van
1235 1661 83 37 Ame

338 1677 138 38 fterdam
501 1683 57 45 vrij
588 1688 162 48 gewigtig
779 1703 135 32 moeten
946 1704 250 44 voorgekomen
1226 1710 92 50 zijn,

338 1731 174 43 aangezien
554 1757 25 18 „
606 1735 55 39 De
683 1739 199 39 Commisfie
910 1757 61 24 van
993 1749 73 36 dien
1091 1749 108 64 Eerw,
1229 1756 86 43 Ker-

334 1799 26 20 »
387 1778 139 37 kenraad
557 1784 43 44 bij
625 1785 62 35 den
708 1787 183 46 Appellant
921 1795 86 37 Zion
1033 1800 130 48 Quint,
1188 1808 126 45 ondere

334 1849 27 19 s
374 1823 123 59 fcheid
512 1835 166 43 gemaakt
709 1837 115 45 heeft,
841 1844 163 38 tusfchen
1035 1860 82 32 eene
1142 1860 169 41 gemoedee

331 1899 27 20 »
384 1877 83 44 lijke
501 1884 228 47 zwarisheid,
766 1899 42 24 en
836 1892 42 34 de
912 1900 209 47 verwerping
1146 1915 75 31 van,
1244 1907 63 35 den

331 1947 25 20 »
384 1924 213 54 Kinderdoop
625 1933 106 42 zelve.
757 1936 58 36 De
838 1944 243 48 gemoedelijke
1104 1954 203 48 zwarigheid

328 1998 26 18 s»
382 1974 157 45 beftond,
565 1991 76 24 naar
666 1985 76 33 haar
774 1990 158 45 oordeel,
959 1993 75 38 daar
1058 1997 56 41 in,
1149 2001 54 41 dar
1229 2004 72 43 Our

330 2046 26 21 »
380 2023 74 40 ders
488 2026 134 41 konden
650 2034 161 46 twijfelen
840 2049 59 36 aan
927 2041 75 43 Jwn
1012 2046 116 50 „eigen
1147 2051 149 52 geloove,
