1513 2692
369 270 22 36 Y
439 270 24 37 0
512 279 23 26 0
583 259 182 53 RRKE
802 274 23 26 D
879 272 20 24 E
948 259 26 53 NM
1141 263 22 28 v

189 347 38 52 te
240 363 132 35 kunnen
401 359 164 48 plaatfen,
592 368 51 25 oe
663 355 60 36 dat
743 349 58 40 het
819 351 57 36 het
892 349 122 38 zonder
1037 344 124 39 Naam-

190 437 43 25 en
258 424 309 46 Plaats-teekening
585 432 81 25 was.
702 417 117 36 Sedert
847 415 39 35 de
915 411 159 37 Drukker
1100 413 61 32 der

186 488 206 42 Boekzalen,
417 487 51 45 bij
493 488 53 35 het
572 484 168 36 uitkomen
772 480 128 46 mijner
930 477 166 36 Brieven.
1124 472 38 35 în

183 551 57 36 het
263 553 94 44 jaar
397 552 103 45 1784.
525 546 188 38 verklaard
737 544 105 46 heeft,
877 552 67 26 van
967 539 54 35 die
1057 536 102 36 Brier

182 627 60 25 ven
266 616 35 34 in
330 615 90 45 zijne
446 609 177 39 Boekzaal
644 619 84 37 geen
752 606 113 48 berigt
889 614 33 24 te
948 604 129 34 durven
1103 612 56 36 ge-

181 689 82 31 wan,
289 689 51 23 om
369 677 90 35 dat.
482 684 100 34 ..…3
608 682 80 37 mag
716 669 34 36 ik
769 670 65 45 mij
850 666 219 38 verwonderd
1082 663 78 39 heb:

180 740 79 41 ben,
294 737 59 37 hoe
386 739 52 46 hij
460 735 207 39 naderhand
688 735 94 35 daar
819 741 48 27 toe
880 723 175 66 gekomen
1069 723 88 66 zij,

177 814 52 24 om
264 791 88 45 zulk
377 812 61 24 een
476 799 152 38 Voorftel
667 809 128 36 wegens
826 796 102 46 mijne
958 793 142 35 Brieven
1125 799 33 27 te

173 863 185 51 plaatfens
395 876 106 25 maar
531 864 87 36 zelve
641 861 121 36 heb'ik
787 860 74 35 hem
896 857 87 36 niets
1006 854 152 49 gefchre-

177 940 82 30 ven,
295 927 80 35 noch
408 937 55 26 ter
493 925 174 49 plaatfing
701 923 196 48 gezonden:
935 919 99 40 Noch
1069 916 88 49 heeft

176 991 55 35 het
261 990 138 35 iemand
429 998 66 25 met
532 990 104 41 mijne
664 984 190 36 voorkennis
888 983 159 47 gedaan,
1084 981 72 35 dan

179 1055 106 36 alleen
318 1053 39 35 de
392 1051 158 46 Uitgever
579 1048 118 46 mijner
727 1046 187 40 Brieven,
893 1039 11 62 ,
931 1044 37 36 in
993 1043 79 47 zijn
1089 1043 65 34 Be-

175 1119 87 33 richt
292 1127 66 26 van
396 1115 108 48 Junij
532 1113 103 47 1787.
671 1120 102 27 waar
809 1119 67 26 van
914 1107 34 37 ik
984 1117 34 29 te
1054 1118 101 26 voren

151 1177 140 58 fprak.
962 1191 67 22 wt
1098 1173 63 38 Pee

521 1234 16 45 k
1090 1252 73 23 EN

225 1320 59 25 om
319 1307 55 36 ook
409 1306 41 36 al
478 1307 119 36 verder
633 1305 67 35 alle
732 1303 212 38 vermoeden,
977 1299 52 37 als
1060 1296 41 48 of
1116 1296 36 41 ik

176 1374 90 35 twist
296 1381 98 38 zogt,
426 1381 66 26 van
522 1367 63 45 mij
613 1376 31 26 te
666 1377 129 29 weren,
833 1365 62 36 zal
918 1363 36 36 ik
978 1362 77 34 hier
1090 1372 66 35 nog

176 1438 50 44 bij
262 1435 200 40 verklaren,
506 1433 60 34 dat
594 1430 33 35 ik
665 1430 40 35 al
737 1429 93 35 mede
858 1426 84 35 nieis
976 1433 80 27 weet
1083 1434 76 26 van

178 1501 39 34 de
243 1497 207 44 Schrijvers,
485 1496 55 34 die
565 1495 36 33 in
634 1495 38 32 de
701 1490 146 37 Nieuwe
879 1487 276 38 Nederlandfche

175 1559 234 41 Bibliotheek,
447 1569 77 24 over
552 1557 39 34 de
627 1555 75 34 door
740 1553 65 45 mij
838 1551 198 37 behandelde
1070 1550 82 48 [hof-

171 1626 81 49 fen,
279 1632 120 38 vragen
425 1621 135 47 gedaan
587 1629 41 24 en
656 1616 210 37 beantwoord
889 1615 145 44 hebben;
1063 1616 89 35 Gee-

175 1701 41 24 ne
240 1689 40 34 de
307 1683 205 49 allerminfte
539 1682 97 37 hand
661 1682 61 35 heb
752 1681 34 35 ik
820 1680 94 35 daar
949 1679 38 35 in
1015 1677 137 48 gehad;

174 1752 82 38 zoch
282 1762 77 26 over
381 1748 76 36 deze
485 1745 139 50 floffen,
656 1743 160 37 behalven
842 1743 104 46 mijne
979 1742 172 41 Brieven,

175 1816 65 36 ooit
268 1815 63 35 iets
362 1811 207 51 gefchreven.
618 1810 120 37 Alleen
769 1819 63 26 zou
863 1806 34 36 ik
936 1817 74 25 eene
1046 1805 111 36 kleine

172 1877 220 48 verdediging
418 1887 68 25 van
519 1874 104 45 mijne
650 1871 225 48 handelwijze
902 1880 142 38 gegeven
1072 1868 75 35 heb

173 1943 83 41 ben,
282 1949 93 40 tegen
400 1939 40 35 de
465 1937 205 47 belediging,
705 1936 62 44 mij
793 1936 37 33 in
862 1933 56 36 het
944 1932 103 49 agtfle
1081 1931 73 36 deel

171 2016 69 25 van
266 2005 38 35 de
337 2001 175 50 genoemde
539 1998 225 42 Bibliotheek,
798 1996 45 36 bl.
879 1998 85 45 582.
994 2006 40 23 en
1063 1995 85 45 583

170 2067 217 50 aangedaan.
438 2064 76 51 Dog
544 2073 70 29 toen
646 2063 34 36 ik
709 2063 126 37 dezelve
864 2060 104 44 zond,
994 2049 69 45 was
1093 2057 57 42 die

645 2126 19 23 *
691 2139 20 36 3
1089 2118 67 43 Bie
