1480 2694
952 284 14 25 Ë

220 328 833 77 SPHILADELPHUS

461 493 123 29 AAN
641 490 220 39 ZIJNE
819 469 12 64 N
1050 452 82 70 on

344 615 36 42 B
433 613 46 43 R
533 601 41 55 O
624 609 225 47 EDE
902 608 76 51 R,

232 756 126 28 OVER
387 754 56 28 DE
470 752 211 30 BRIEVEN
712 752 99 28 VAN
836 750 96 28 DEN
961 748 125 29 HEER

161 890 216 44 ALE
419 879 596 70 THOPHILDU
1061 883 82 44 S

148 1024 231 48 BINNEN
381 1024 131 48 ERNKIEN
512 1024 162 48 DENNEN
676 1024 36 48 NEN
720 1024 64 48 RAN
792 1024 56 48 ENEN
856 1024 84 48 DERDEN
952 1024 56 48 ENEN
1017 1024 67 48 EEDE

196 1195 83 20 WEL
310 1192 300 22 EERWAARDIGE
637 1191 103 22 ZEER
770 1188 220 25 GELEERDE
1017 1185 125 27 HEER!

198 1246 327 21 HOOGSTGEAGTE
556 1238 208 28 BROEDER!

709 1276 47 20 1,

157 1346 77 83 M
274 1342 82 97 pre
386 1384 219 49 gelegenheid
622 1384 92 35 heeft
732 1393 52 27 tot
803 1392 71 38 nog
888 1377 63 40 toe
977 1383 70 33 niet
1065 1388 75 29 toes

156 1434 155 47 gelaten,
322 1425 67 60 dat
404 1436 46 37 ik
476 1434 56 46 mij
559 1434 122 46 ernftig
702 1442 108 32 zette,
839 1442 56 23 om
921 1430 42 35 de
991 1429 143 38 Brieven

157 1494 61 24 van
250 1484 64 33 den
343 1482 90 36 Heer
470 1492 342 26 ALETHOPHILUS
839 1488 33 26 te
907 1490 226 38 overwegen,

156 1543 42 23 en
232 1532 100 45 mijne
371 1532 165 45 gedagten
573 1531 76 34 daar
683 1541 82 25 over
799 1540 46 35 op
873 1528 57 36 het
956 1530 116 45 papier
1098 1539 36 25 te

154 1582 158 46 brengen.
349 1579 72 35 Van
447 1580 53 34 dat
525 1580 157 35 dezelven
704 1590 50 24 ter
773 1579 114 46 mijner
903 1579 116 35 kennis
1042 1579 93 35 kwae

153 1641 101 31 men,
290 1629 66 34 heb
384 1630 74 34 ikze
485 1628 65 36 wel
586 1630 69 33 niet
683 1630 51 34 uit
762 1628 58 36 het
847 1638 71 37 oog
954 1628 180 43 verloren,

153 1689 88 25 maar
265 1689 45 24 nu
337 1689 42 23 en
411 1679 62 34 dan
495 1688 76 25 eens
589 1677 114 36 weder
732 1677 239 47 overgelezen,
998 1678 69 47 dog
1086 1677 50 35 al-

154 1728 59 46 tijd
234 1727 223 46 twijfelende,
482 1728 45 36 of
540 1728 57 35 het
617 1727 167 35 raadzaam
806 1737 109 32 ware,
937 1726 99 46 mijne
1057 1736 77 25 aan-

152 1778 196 46 merkingen
375 1777 76 35 daar
479 1787 81 26 over
598 1777 39 35 al
666 1776 45 36 of
731 1778 71 35 nief
837 1786 142 38 gemeen
1005 1786 31 25 te
1065 1786 70 25 ma-

151 1826 94 35 ken?
281 1826 25 34 ’t
333 1826 100 36 Geen
463 1828 56 46 zig
548 1826 242 42 daaromtrent,
825 1826 88 35 vóór
940 1835 42 25 en
1011 1835 122 38 tegen,

151 1885 59 24 aan
238 1875 56 45 mij
324 1876 152 44 opdeed,
511 1887 66 24 zoo
610 1876 74 34 veel
711 1876 35 33 ik
776 1875 135 42 konde,
946 1873 66 37 wèl
1037 1886 96 24 over-

151 1934 124 36 wogen
305 1924 194 41 hebbende,
525 1925 66 33 heb
616 1925 34 33 ik
679 1924 156 45 eindelijk
867 1933 50 26 tot
946 1923 57 36 het
1029 1925 104 34 eerfte

153 1973 160 36 befloten.
366 1973 41 36 Ik
433 1973 93 34 deele
554 1973 156 34 dezelven
740 1984 60 23 aan
822 1983 23 24 u
871 1972 119 43 mede,
1016 1973 120 36 Waare

152 2022 42 35 de
219 2021 168 37 Broeder!
423 2021 209 49 Ontfangze,
668 2022 59 37 bid
751 2022 57 45 ik,
835 2032 68 25 met
934 2021 54 36 die
1017 2032 117 37 tocgee

1009 2081 126 38 negen-
