1569 2691
394 270 536 297 XXVIII

619 271 1231 298 VOORREDEN.

516 351 584 386 Dat
613 351 665 396 hij
699 351 772 387 hier
806 353 969 388 wederom
1002 353 1073 388 niet
1101 354 1296 402 edelmoedig
1331 363 1364 391 te

395 416 488 451 werk
511 424 607 462 gaat.
632 415 679 449 bl.
713 417 790 461 I78.

514 479 631 526 Tegen
659 480 719 513 den
748 489 1023 514 TWAALFDEN
1052 490 1180 515 BRIEF
1210 482 1365 529 verdedig

391 545 426 580 ik
451 545 490 579 de
519 545 649 590 overige
675 542 857 587 bewijzen,
880 543 938 578 die
965 543 999 577 ik
1028 555 1105 578 voor
1133 544 1215 588 mijn
1246 545 1361 592 begrip

388 606 464 641 had
487 606 690 654 bijgebragt.
719 607 765 642 bl.
798 609 876 643 I8I.

509 668 626 716 Tegen
647 671 709 706 den
731 680 1050 707 DERTIENDEN
1078 679 1211 704 BRIEF
1328 669 1362 705 ik
1230 670 1310 716 wijs

387 745 479 776 aan,
504 735 568 770 dat
593 735 632 768 de
657 731 724 769 Hr.
750 735 795 770 A.
823 736 922 781 mijne
939 734 1118 778 bewijzen,
1147 744 1278 780 wegens
1299 735 1363 769 den

382 797 496 844 aat,
532 808 639 833 waar
676 799 712 832 in
747 800 785 833 de
815 795 1034 846 Apostoliche
1065 798 1264 833 Gemeenten
1303 797 1363 844 zig

385 924 600 960 onvoldoende
628 926 872 962 beantwoordt.
899 924 943 959 bl.
977 927 1056 962 I88.

386 860 534 906 dadelijk
561 863 726 898 bevonden
752 864 892 903 hebben,
920 863 992 897 niet
1018 870 1205 903 aanroert,
1231 859 1272 907 of
1287 871 1365 897 zeer

436 998 688 1024 NADEMAAL
720 989 759 1022 de
794 988 863 1022 Hr.
899 988 944 1023 A.
971 989 1007 1022 in
1031 990 1070 1023 de
1098 998 1185 1025 twee
1209 987 1364 1035 volgende

385 1052 537 1089 Brieven
566 1063 644 1087 voor
670 1063 745 1086 eene
774 1053 870 1096 wijle
898 1063 967 1086 van
995 1051 1059 1095 mij
1080 1051 1282 1098 afcheidde,
1310 1060 1367 1086 om

385 1124 434 1151 nu
467 1113 654 1162 opzettelijk
691 1114 742 1159 bij
778 1123 808 1148 te
838 1115 985 1161 brengen
1012 1117 1062 1150 die
1082 1114 1362 1162 chriftuurlijke

385 1173 571 1224 bewijzen,
604 1187 711 1212 waar
738 1177 827 1211 mede
856 1177 910 1222 hij
934 1179 1063 1212 meende
1090 1187 1122 1214 te
1147 1179 1281 1215 kunnen
1309 1179 1363 1214 be

385 1252 522 1290 toogen,
548 1243 606 1277 dat
633 1253 736 1289 geene
765 1241 960 1277 Christenen
992 1242 1193 1277 Christenen
1220 1240 1261 1287 of
1282 1240 1363 1276 Ver

384 1307 596 1353 bondelingen
622 1306 707 1340 Gods
736 1306 881 1351 blijven,
916 1313 972 1340 ten
997 1307 1050 1351 zij
1080 1305 1133 1350 zij
1164 1307 1221 1354 zig
1250 1317 1363 1353 oogen

385 1369 552 1413 blikkelijk
580 1369 753 1413 bekeeren;
780 1370 825 1405 bl.
859 1380 936 1414 I95.
966 1382 1021 1405 zoo
1048 1370 1109 1404 heb
1138 1370 1170 1404 ik

505 1430 623 1478 Tegen
661 1432 722 1467 den
757 1443 1099 1469 VEERTIENDEN
1137 1444 1275 1471 BRIEF
1308 1435 1362 1470 be

381 1497 501 1533 weerd

506 1558 576 1593 Dat
606 1559 645 1594 de
663 1560 828 1604 bewijzen
857 1563 927 1597 niet
952 1571 1134 1608 aangaan,
1162 1573 1272 1599 waar
1290 1574 1357 1597 me

384 1625 424 1660 de
442 1624 480 1658 de
498 1623 567 1657 Hr.
579 1623 624 1658 A.
644 1622 731 1669 heeft
749 1624 868 1659 zoeken
888 1634 919 1660 te
931 1626 1097 1672 betoogen,
1122 1626 1181 1661 dat
1204 1628 1242 1661 de
1254 1628 1360 1674 Apos

384 1689 478 1723 telen
508 1687 558 1721 die
598 1696 726 1733 genen,
763 1687 895 1723 welken
933 1691 972 1725 de
1007 1690 1258 1726 voorwaarden
1287 1700 1359 1724 van

383 1751 441 1785 het
482 1749 714 1784 Christendom
750 1752 819 1787 niet
858 1753 1084 1796 nakwamen,
1127 1755 1194 1788 niet
1227 1754 1364 1789 hebben

383 1814 517 1849 kunnen
546 1825 624 1848 voor
652 1814 878 1862 Bondelingen
903 1817 1042 1854 houden.
1071 1818 1117 1854 bl.
1150 1817 1231 1863 I96.

503 1877 574 1912 Dat
603 1875 656 1911 ook
685 1878 725 1913 de
755 1879 807 1913 elf
829 1879 999 1925 bewijzen
1021 1881 1073 1916 uit
1092 1881 1272 1917 Mattheus
1298 1883 1364 1928 bij

381 1941 549 1988 gebragt,
583 1948 615 1974 te
646 1940 723 1975 kort
749 1939 917 1990 chieten,
953 1954 1004 1978 om
1036 1953 1067 1979 te
1096 1946 1263 1992 betoogen,
1298 1946 1361 1980 dat

384 2004 539 2039 Christus
578 2005 616 2038 de
652 2005 856 2054 zoodanigen
891 2018 970 2044 voor
1003 2018 1106 2056 geene
1134 2009 1361 2055 Bondelingen

377 2068 544 2123 gehouden
569 2067 663 2115 heeft.
691 2069 735 2108 bl.
767 2081 847 2118 I97.

1286 2072 1356 2108 Te
