1472 2691
279 249 9 9 «

316 270 669 45 VERANTWOORDING.
1121 277 24 38 5

168 370 63 38 zeg
266 361 56 42 ik,
356 361 64 35 wel
457 362 239 38 iets..minders
724 372 60 24 van
815 362 62 34 den
909 362 60 36 Hr.
996 362 44 37 A,
1067 373 74 26 ver-

169 421 128 35 wagten
327 421 123 31 moest,
479 411 60 34 dan
566 413 33 33 ik
626 423 65 23 zoo
717 420 82 26 eten
828 412 116 35 zeide?

216 456 380 39 ONDERTUSSCHEN
625 461 94 34 komt
739 460 29 37 al
791 461 80 33 deze
892 461 112 45 ophef
1022 464 48 33 uit
1090 472 47 35 op

166 519 62 23 een
240 509 167 44 Boekjen
386 505 29 55 ,
425 520 86 24 waar
526 521 58 22 van
607 520 94 31 men,
722 510 63 34 hoe
806 511 238 45 meenigmalen
1062 522 78 25 men

165 557 57 34 het
253 559 68 34 ook
352 558 99 42 leest,
478 558 107 35 altoos
612 559 46 34 zal
681 558 181 42 bevinden,
889 560 53 33 dat
970 560 56 35 het
1054 572 84 35 geen

163 606 71 34 één.
249 606 156 46 duidelijk
444 607 185 35 denkbeeld
661 619 60 23 van
752 608 39 34 de
822 609 185 45 genoemde
1034 610 105 34 zaken

162 655 165 46 agterlaat,
380 655 138 36 Althans
536 656 60 35 die
623 657 75 34 daar
724 658 32 33 in
783 668 81 23 eene
894 658 91 34 klare
1014 658 129 48 opgaaf

160 714 148 37 verwagt
336 716 60 22 van
429 706 57 34 her
513 716 103 35 geen,
654 707 53 33 dat
733 706 39 34 de
804 706 60 35 Hr.
899 708 41 33 A.
977 718 64 24 zoo
1072 708 66 35 wel

162 754 48 33 als
236 754 55 41 ik,
318 754 84 35 door
433 755 95 35 Gods
555 755 167 41 Verbond,
750 755 90 36 Kerk
866 766 40 23 en
936 755 202 37 Sacramen-

157 811 79 27 ten.
272 803 157 46 eigenlijk
467 804 119 41 verfta,
631 805 49 35 zal
712 806 55 44 zig
790 804 188 47 ganfchelik
1005 815 31 25 te
1063 806 75 36 leur

155 851 126 46 gefteld
308 852 139 35 vinden!
480 853 118 35 Welke
625 854 69 34 ook
723 854 53 34 die
803 856 79 34 ééne
899 853 73 47 flap
993 856 58 41 zij,
1077 856 54 34 die

156 900 37 35 ik
221 912 61 35 nog
312 912 101 24 maar
439 902 72 34 had
534 909 128 29 moeten
690 904 98 38 doen,
816 915 49 22 om
894 904 38 33 de
957 904 181 36 waarheid

155 956 37 27 ze
215 949 139 37 vinden,
383 950 65 34 heb
476 951 32 34 ik
538 952 33 33 in
600 951 40 33 de
661 950 147 35 Brieven
834 962 62 23 van
920 952 62 34 den
1005 951 62 36 Hr.
1088 953 46 35 A.

156 996 66 34 wel
257 997 141 45 ernftig,
432 1008 42 23 en
511 999 174 33 herhaalde
721 1001 107 32 reizen
864 1010 146 36 gezogt,
1047 1012 88 24 maar

157 1055 143 36 nergens
325 1045 156 46 duidelijk
509 1046 210 48 voorgefteld
746 1048 195 45 gevonden;
976 1059 40 23 en
1044 1049 91 35 daar-

155 1104 143 26 omtrent
327 1095 104 34 alleen
464 1096 43 44 bij
537 1095 57 36 der
622 1097 50 46 gis
702 1097 60 34 iets
794 1097 131 35 kunnen
955 1100 178 43 opmaken,

154 1143 92 35 Zelfs
275 1154 86 24 weert
389 1146 54 39 ik,
470 1155 32 24 te
530 1145 95 34 dezer
648 1156 56 23 ure
726 1156 68 37 nog
815 1148 65 33 niet
901 1147 115 41 zeker,
1042 1148 91 35 welk

153 1203 62 23 een
242 1192 186 35 denkbeeld
444 1194 50 36 de
515 1193 61 35 Hr.
597 1195 42 34 A.
663 1196 53 45 zig
738 1207 60 22 van
827 1196 62 34 den
911 1195 219 47 Kinderdoop

152 1242 128 42 maakt,
307 1243 89 34 noch
426 1253 66 25 wat
520 1244 43 44 hij
592 1243 75 34 daar
689 1255 59 23 van
770 1246 153 34 beweren
942 1246 68 36 wil,
1061 1246 72 35 Die

153 1289 130 46 Doop,
314 1301 79 37 zegt
422 1291 66 45 hij,
517 1293 26 36 is
572 1294 254 44 noodzakelijk!
850 1294 97 34 Maar
975 1296 83 33 kunt
1082 1296 49 45 gij

150 1350 46 23 nu
224 1341 43 44 bij
298 1341 76 34 hem
403 1341 138 41 vinden,
570 1343 64 33 hoe
660 1352 57 24 ver
744 1344 53 31 die
817 1343 313 45 noodzakelijkheid

149 1389 76 46 zig,
261 1399 76 37 naar
371 1392 64 41 zijn
466 1390 158 42 oordeel,
662 1391 207 34 uitftrekke?
906 1393 148 32 Beweert
1082 1393 45 45 hij

148 1438 54 34 die
228 1439 269 45 uitgeftrektheid
523 1450 65 23 zoo
616 1450 56 23 ver
697 1440 45 33 als
770 1441 58 33 ik?
854 1440 56 34 Of
928 1440 130 45 bepaalt
1080 1442 45 46 hij

147 1486 133 35 dezelve
308 1488 176 34 naauwer?
510 1487 196 39 Behooren,
735 1499 74 23 naar
834 1489 62 44 zijn
918 1490 134 46 begrip,
1081 1491 42 36 de

143 1535 170 35 Kinderen
352 1547 60 23 van
442 1536 61 34 alle
532 1535 171 47 gedoopte
734 1537 224 43 Christenen;
997 1539 55 34 Of
1076 1539 47 34 al

142 1584 77 37 leen
249 1585 41 33 de
311 1584 167 35 Kinderen
506 1596 61 23 van
597 1596 86 23 ware
704 1585 178 48 geloovige
903 1588 218 43 Christenen,

142 1635 51 36 als
225 1634 161 35 lidmaten
419 1645 66 24 van
513 1633 148 36 Christus
692 1646 209 36 gemeente,
919 1640 133 44 gedoopt
1087 1646 34 28 te

140 1683 137 35 wezen?
301 1682 93 36 Deze
423 1693 58 36 tog
509 1693 67 24 was
603 1683 41 35 de
675 1682 191 38 Hoofdvraagf
917 1687 53 33 die
1000 1689 32 32 ik
1063 1688 58 34 be-

139 1731 144 35 handeld
319 1732 82 42 had,
442 1743 41 23 en
521 1743 85 23 waar
633 1742 57 25 toe
720 1734 29 34 al
777 1735 56 33 het
886 1737 109 45 dverige
1023 1736 95 47 (legts

137 1781 185 40 dienstbaar
346 1793 89 30 was;
462 1781 68 47 dog
558 1792 66 24 met
643 1783 46 34 dit
707 1783 79 34 alles
808 1779 104 40 houdt
932 1785 40 33 de
994 1784 59 35 Hr.
1077 1788 41 33 A,

138 1830 72 34 hier
239 1841 60 25 van
324 1841 62 24 een
413 1842 66 23 zoo
509 1830 77 45 diep
617 1832 214 47 ftilzwijgen,
850 1834 69 40 dat
947 1845 74 23 men
1052 1836 67 33 niet

138 1878 192 35 ontdekken
365 1880 84 42 kan,
486 1890 65 24 wat
584 1881 43 44 hij
662 1881 222 35 daaromtrent
911 1883 67 34 wil.
1030 1883 87 35 Men

135 1927 72 36 leze
234 1928 83 44 zijne
344 1929 137 33 brieven
512 1929 70 33 hier
607 1940 45 34 op
681 1941 61 30 na,
776 1941 42 23 en
844 1932 154 34 oordecle
1030 1933 85 34 zelf!

135 1977 56 35 De
217 1977 128 36 Ouders
375 1978 108 34 wordt
508 1987 38 24 er
572 1978 44 35 Dl.
645 1989 69 33 or,
746 1990 58 34 ge.
842 1982 144 46 gezegd,
1018 1993 96 36 gaan

137 2026 55 37 gok
226 2037 78 25 voor
338 2027 39 35 de
407 2026 173 40 Kinderen
614 2027 54 36 het
697 2028 151 39 Verbond
883 2041 70 26 aan
977 2032 50 46 bij
1051 2033 64 34 den

585 2075 31 36 A
644 2088 21 36 3
1010 2081 108 47 Doop.
