3406 5223
132 145 49 34 De
190 146 91 35 Boni.
303 146 86 41 (etzigen
465 147 120 40 italiemſchen
655 146 177 40 Deputirten,
856 146 82 32 1849
942 141 92 52 Abge
1033 141 124 52 ſandten

142 146 504 87 —
553 142 62 106 —
708 188 155 40 ——
989 186 165 42 —

139 222 260 48 ttagmen/
333 218 62 61 und
399 218 138 61 welchen
541 218 68 61 Zug
622 228 47 47 De
715 230 46 32 Hont
784 231 62 40 auch
868 230 30 32 in
919 230 97 40 ſeinem
1039 223 110 59 ſharfen

139 270 169 44 Schritchen
403 283 83 31 papa
499 272 60 35 Pio
567 265 95 54 norq
693 269 133 43 erzahlte,
848 273 69 40 ohne
937 272 96 39 irgend
1045 270 109 33 Wider⸗

139 310 91 42 ſbruch
255 322 31 32 zu
300 314 110 39 finden
448 315 49 32 Es
511 314 109 45 hamelt
640 314 48 44 ſich

187 356 294 41 rißiger⸗Jahren,
442 350 52 51 ba
500 355 90 39 Bius
603 350 61 51 nch
671 355 59 36 uls
751 354 111 42 Biſchof
873 355 149 40 Maſtgig

174 398 100 35 ologaa
307 406 117 25 wohnte
456 393 60 54 Ein
525 393 121 54 Junger
661 397 180 44 Spoletiner,
878 397 55 32 voll

137 432 58 40 und
217 449 161 30 Ergefahl,
401 437 240 35 Secretar
562 428 29 56 ciu
651 441 59 30 dem
731 439 149 40 Aufſtande
902 446 34 25 vo

136 481 123 40 freinden
281 481 150 41 Mannes,
442 482 107 82 1
560 482 65 77 ht
643 482 102 45 kurzem
766 481 75 41 Exile
862 481 30 31 in
919 481 10 39 ſ

138 516 333 47 iekckehren.
357 512 67 57 Der
508 521 52 43 Biſchef
612 508 70 69 ſtn
702 523 82 40 ſuchte
805 523 46 39 ihn
874 531 36 23 an

137 562 74 43 aufs
224 563 194 42 freundlichte,
453 565 85 40 ſuchte
544 558 117 52 ſich⸗in
670 558 79 52 ſein
751 565 175 40 Vertraucn

120 602 76 50 bot.
204 602 56 50 ihm
275 606 166 40 jchliezlich
455 607 62 35 eint
533 608 130 39 Penſion⸗
676 616 45 30 an,
744 609 79 29 unter
844 608 59 30 dem
925 606 143 40 Erfuchen,
1105 606 47 31 als

124 641 194 54 Erigegnung
340 649 176 73 dn
537 650 85 31 dem
630 648 130 41 Biſchofe,
791 647 221 40 Mittheilungen
1034 656 34 32 zu
1089 657 61 22 ma⸗

136 690 58 38 chen
217 690 65 32 uͤber
303 690 41 32 die
366 687 94 36 Reben
480 692 58 32 und
560 691 213 39 Verbindungen
795 690 84 39 ſeines
900 691 130 39 fruͤheren
1044 688 106 43 Herrn.

136 730 63 34 Der
230 732 83 41 junge
345 731 102 34 Mann
482 733 68 32 wies
582 733 63 39 dieſe
673 732 181 43 Anmuthung
886 732 130 39 entruͤftet
1048 732 101 40 zurück.

118 768 137 51 Daraut
262 768 130 51 verließ.
397 768 66 51 ihn
468 775 111 35 Maſtai
600 775 67 39 nicht
701 774 65 40 ohne
796 773 94 41 heftige
912 774 145 39 Erregung
1092 775 58 31 und

133 815 75 39 ſelbſt
229 816 186 41 Drohungen.
451 817 63 33 Der
544 816 143 40 Jungling
718 833 41 5 —
792 822 60 25 war
874 815 136 33 Secretaͤr
1032 815 113 41 Ludwig

134 855 178 42 Napoleon's
335 858 125 40 geweſen.
494 858 46 33 De
561 857 80 34 Boni
668 857 73 40 hatte
761 857 41 32 die
823 857 162 42 Erzählung
1006 857 143 33 unmittel⸗

133 899 52 32 bar
208 906 55 27 von
286 901 59 31 dem
367 901 126 31 vormals
514 900 100 39 jungen
636 898 113 33 Manne
769 899 84 40 ſelbft.
887 899 74 41 Auch
983 899 89 33 Carlo
1093 899 55 32 Ar⸗

133 941 90 39 duini,
260 942 44 32 der
326 941 46 32 als
394 941 263 40 vielverſprechender
679 941 96 40 junger
798 941 121 39 Prieſter
940 950 32 32 zu
993 941 79 33 Rom
1093 941 55 32 mit

133 985 51 33 den
220 984 188 38 vornehmſten
427 983 141 39 Familien
586 983 150 41 verlehrte,
771 984 103 40 erzühlt
909 985 51 33 den
979 982 116 42 Vorfall
1116 983 32 32 in

131 1022 110 42 gleicher
262 1025 116 40 Weiſe.

150 1067 153 42 Ueber
325 1067 39 32 die
384 1063 281 53 ſchleswig⸗holſt
673 1063 127 53 eiwſche
804 1067 190 45 Augelegen
1004 1063 68 53 heit
1093 1067 54 40 fin⸗

133 1109 50 34 den
214 1109 53 32 wir
295 1109 30 32 in
361 1110 50 31 den
438 1110 134 40 deutſchen
593 1109 133 34 Blaͤttern
748 1110 57 40 ſehr
827 1110 66 34 vicle
913 1109 234 41 Betrachtungen,

133 1149 63 43 aber
218 1150 85 40 nichts
325 1151 224 40 Thatfaͤchliches.
568 1152 97 38 Trotz
687 1151 67 33 aller
774 1151 229 42 Verſicherungen
1025 1159 55 26 von
1102 1152 45 31 der

162 1191 113 44 muigkeit
298 1193 46 32 der
367 1194 363 40 oͤſterreichiſch⸗preußiſchen
751 1193 109 42 Allianz
893 1194 116 40 ſcheinen
1030 1194 41 33 die
1090 1193 57 33 Ca⸗

190 1236 27 29 te
238 1240 55 27 von
314 1234 86 34 Wien
420 1237 59 31 und
499 1236 104 33 Berlin
638 1236 65 39 noch
723 1235 100 34 immer
842 1237 71 39 nicht
934 1236 71 39 einig
1027 1244 32 31 zu
1080 1235 65 40 ſein.

130 1274 129 41 Breußen
295 1277 60 32 will
376 1278 134 39 durchaus
544 1278 69 40 nicht
634 1278 39 32 die
694 1278 206 40 Uebertragung
931 1279 48 32 des
1000 1277 139 42 factiſchen

131 1313 121 45 Beſites
271 1320 53 40 auf
343 1319 50 33 den
414 1319 236 40 Auguftenburger
671 1320 86 40 gelten
780 1320 93 40 laſfen.

215 1359 134 35 Victor
371 1361 170 33 Emanuel
562 1362 48 40 hat
640 1370 33 32 zu
709 1361 126 41 Neujahr
868 1363 50 35 den
949 1362 199 34 Geme
1039 1355 48 51 in
1086 1362 60 34 de⸗

130 1403 84 40 rath
235 1409 57 26 von
311 1403 95 33 Turin
427 1404 164 40 empfangen
610 1405 57 35 und
688 1403 48 38 ſoll
757 1404 51 40 auf
835 1404 86 40 deſſen
942 1404 207 40 Gluͤckwuͤnſche

131 1443 51 42 wie
202 1444 71 40 folgt
293 1448 180 36 geantwortet
494 1445 102 40 haben:
631 1444 72 42 „Jch
723 1445 55 33 bin
792 1446 31 34 in
842 1446 101 34 Turin
963 1447 125 40 geboren,
1110 1445 37 40 ich

133 1481 48 37 bin
202 1487 45 32 ein
268 1486 74 33 Kind
364 1494 53 25 von
439 1488 105 39 Turin,
560 1488 68 39 ſeien
646 1488 57 33 Sie
721 1488 152 41 uͤberzeugt,
893 1489 54 39 daß
967 1489 38 40 ic
1021 1493 35 30 es
1076 1488 72 40 nichi

133 1528 132 41 vergeſſen
287 1529 65 37 habe
373 1530 57 32 und
451 1530 123 32 niemals
595 1531 129 40 vergeſſen
756 1532 94 32 werde.
892 1531 57 40 Jch
979 1531 67 40 habe
1077 1530 70 40 nicht

132 1570 61 34 blos
216 1570 46 32 als
281 1570 102 40 Koͤnig,
406 1572 117 40 ſondern
543 1573 48 31 als
610 1573 125 33 Tuͤriner
754 1572 75 33 Kind
854 1573 68 35 uͤber
954 1574 52 32 das
1027 1572 121 40 Unglück

131 1619 55 33 ven
208 1612 93 33 Turin
324 1613 110 39 gelitten
455 1615 58 32 und
532 1614 39 40 ich
605 1615 71 40 haͤtte
709 1615 50 32 viel
792 1616 99 32 darum
923 1615 120 40 gegeben,
1066 1621 81 27 wenn

131 1649 53 52 die
191 1649 106 52 Dinge,
321 1655 42 32 die
382 1656 49 40 ſich
452 1659 160 37 zugetragen
633 1657 91 40 haben,
748 1656 92 40 hatten
862 1657 154 35 vermieden
1040 1658 107 32 werden

130 1695 110 41 loͤnmen.
283 1696 75 33 Aber
379 1706 69 25 inan
469 1699 48 40 hat
538 1699 66 40 mich
625 1698 138 40 getäuſcht,
787 1700 51 31 das
859 1698 206 41 Miniſterium,
1086 1702 61 30 dem

130 1736 53 44 ich
189 1732 81 54 mein
283 1739 160 33 Vertrauen
464 1740 127 41 geſchentt
610 1741 76 40 habe,
712 1741 48 40 han
791 1740 167 42 Mißbrauch
991 1743 90 31 davon
1103 1750 43 31 ge⸗

132 1780 96 40 macht.
271 1780 87 42 Hätte
379 1790 68 24 man
468 1783 66 39 mich
557 1783 68 39 nicht
645 1783 139 40 getäuſcht.
806 1784 29 39 ſo
855 1785 115 31 wurden
1002 1783 55 33 wir
1077 1783 70 37 nicht

132 1821 42 33 die
207 1823 198 40 bedauerlichen
425 1825 152 40 Ereigniſſe
609 1831 53 28 von
698 1825 97 36 Turin
829 1834 32 32 zu
894 1825 124 41 bellagen
1052 1826 95 40 gebabt

131 1864 95 40 haben.
261 1865 49 33 So
333 1867 40 38 oft
396 1866 56 33 Sie
472 1867 66 34 mich
561 1867 40 33 im
621 1867 137 41 Jntereſſe
780 1874 55 26 von
854 1868 98 33 Turin
973 1877 33 31 zu
1027 1868 120 40 ſprechen

131 1906 95 41 haben,
248 1908 111 31 wenden
380 1908 58 33 Sie
458 1909 48 40 ſich
529 1909 68 39 ohne
616 1909 92 40 Scheu
728 1918 38 24 an
787 1910 76 40 mich,
878 1910 59 33 Sie
953 1911 107 32 werden
1080 1911 67 39 ſtets

131 1945 56 35 ine
209 1952 62 36 gute
293 1949 158 41 Aufnahme
472 1951 41 32 bei
534 1951 57 33 mir
611 1952 120 39 finden.
775 1951 93 34 Wenn
900 1953 47 32 der
968 1952 91 39 Koͤnig
1081 1952 66 40 dieſe

130 1987 97 52 Worte
250 1991 114 40 wirklich
384 1992 154 40 geſprochen
561 1994 55 39 hat,
639 1994 28 37 ſo
687 1994 61 39 geht
779 1995 107 35 daraus
910 1995 108 39 hervor,
1040 1994 53 39 daß
1115 2003 31 24 er

131 2032 41 40 de
190 2031 167 42 Bedeutung
379 2035 45 31 der
446 2034 353 40 September⸗Condention
833 2036 52 38 erſt
906 2036 108 41 begriff.
1048 2037 46 32 als
1116 2041 31 29 es

130 2082 33 32 zu
184 2074 60 40 ſpat
265 2081 72 32 war,
359 2077 56 31 und
438 2077 53 38 daß
512 2086 28 23 er
562 2087 59 22 nun
643 2078 99 39 bereut,
775 2079 51 34 den
845 2078 125 40 Vertrag
991 2079 156 40 geſchloſfen

129 2124 33 33 zu
182 2117 95 39 haben.
321 2118 58 33 Die
400 2118 365 42 Barlaments⸗Discuſſion
780 2120 64 32 über
867 2120 41 32 die
920 2121 127 33 Türmer
1069 2121 77 40 Sep⸗

130 2158 265 42 tember⸗Ereigniſſe
416 2161 92 39 dürfte
529 2164 80 30 unter
631 2163 58 31 dem
718 2162 131 33 Eindruck
876 2163 81 40 dieſer
978 2162 100 34 Worte
1099 2164 48 32 des

127 2196 118 44 Königs,
268 2202 47 31 der
337 2202 54 39 ſein
412 2204 126 39 fruͤheres
561 2203 192 40 Miniſterium
781 2205 125 40 foͤrmlich
935 2206 47 31 des
1003 2204 144 41 Betruges

130 2242 119 40 anllagt,
271 2244 59 40 ſehr
350 2244 138 41 ſtürmiſch
510 2247 115 31 werden.
646 2264 43 4 —
710 2245 62 33 Wie
793 2245 39 34 La
850 2247 110 38 Frauce
986 2248 161 39 vernimmt,

130 2280 51 44 ſoll
202 2284 100 34 Bictor
324 2286 139 33 Einanuei
484 2287 41 32 im
545 2287 83 41 Laufe
647 2288 144 39 Februars
816 2289 64 40 nach
901 2289 91 39 Paris
1012 2289 134 41 kommen

127 2326 57 37 ind
206 2334 74 32 zwar
301 2330 94 31 wurde
415 2329 48 40 ihn
486 2330 54 39 ſein
562 2330 110 40 Eidam,
694 2330 88 41 Prinz
801 2330 159 42 Napoleon,
988 2332 33 40 zu
1051 2332 96 41 dieſen

129 2366 102 43 Zwecke
253 2369 30 33 in
304 2370 117 41 Florenz
443 2371 123 40 abholen.

211 2411 48 37 Jn
295 2412 114 39 Varis
445 2413 48 40 hat
522 2422 68 25 man
616 2415 47 39 ſich
685 2421 54 26 von
760 2416 62 32 dem
841 2415 156 42 Erſtaunen
1018 2416 66 32 uͤber
1105 2415 42 33 die

127 2452 172 41 Ernennung
322 2455 48 31 des
391 2455 121 40 Prinzen
533 2456 149 41 Napoleon
708 2457 87 40 erholt
830 2458 55 32 und
916 2457 72 41 kehrt
1018 2466 77 24 man
1114 2466 33 32 zu

127 2494 45 33 der
190 2494 210 42 Ueberzeugung
421 2497 102 41 zuruͤck,
556 2499 52 39 daß
634 2499 113 40 dadurch
776 2509 38 23 an
835 2501 47 31 der
903 2500 116 33 inneren
1039 2497 105 41 Poliüt

127 2532 62 88 fdi
232 2538 89 40 nichts
343 2540 127 38 geändert
491 2542 107 31 werden
619 2541 81 33 wird.
742 2541 59 34 Die
828 2541 158 45 Ausſichten
1017 2542 129 40 geſtalten

148 2578 27 40 c
196 2579 79 39 indeß
298 2581 58 39 ſehr
377 2581 129 41 friedlich.
548 2582 52 38 Ju
626 2584 115 32 Toulon
772 2584 81 40 ſollen
886 2585 114 39 fechzehn
1030 2583 115 41 Kriegs⸗

127 2619 87 42 ſchiffe
235 2622 146 39 abgetakelt
403 2625 116 31 werden.
553 2624 57 33 Die
631 2625 80 40 Reiſe
731 2627 52 32 des
796 2624 114 41 Kaiſers
932 2626 69 41 nach
1018 2626 129 40 Algerlen

127 2662 69 33 wird
220 2664 154 39 dementirt,
397 2667 57 31 und
476 2666 92 40 ebenſo
583 2673 61 26 war
665 2667 47 32 nie
730 2667 41 40 im
786 2668 99 40 Ernfte
905 2674 56 27 von
982 2666 72 34 einer
1069 2668 81 40 Reiſe

126 2704 46 37 der
192 2704 128 41 Kaiſerin
349 2707 64 40 nach
468 2708 52 39 Nizza
555 2709 42 31 die
620 2709 83 40 Rede,
743 2710 162 40 wenigſiens
941 2709 28 41 ſo
995 2710 82 41 lange
1106 2710 43 33 die

125 2743 128 44 Kaiſerin
274 2754 57 26 von
353 2749 135 39 Rußland
511 2751 64 32 dort
596 2751 83 33 weilt

208 2788 63 34 Aus
299 2790 140 33 London
472 2792 68 32 wird
570 2793 135 38 berichtet:
745 2792 68 43 Der
832 2794 124 40 Capitan
979 2794 165 41 Corbett,

122 2831 107 39 welcher
244 2832 51 32 das
310 2834 196 40 gegenwaͤrtige
517 2835 180 40 füdſtaatliche
711 2835 192 42 Piratenſchiff
916 2836 227 41 Shennandoah

122 2873 111 32 damals
256 2875 63 39 noch
342 2875 65 33 Sea
427 2875 76 41 King
525 2877 53 32 mit
601 2876 120 41 Namien,
742 2878 42 32 im
805 2879 113 40 vorigen
939 2877 124 35 October
1084 2883 57 30 aus

124 2914 46 33 der
195 2915 115 41 Themſe
346 2917 32 32 in
406 2917 42 33 die
473 2919 221 40 portugieſiſchen
722 2919 140 42 Gewaͤſſer'
893 2921 113 39 brachte,
1044 2921 34 40 iſt
1112 2920 32 34 in

121 2956 144 40 Liverpool
301 2959 134 41 verhaftet
469 2962 59 31 und
564 2964 80 29 unter.
676 2961 119 42 Anklage
830 2964 46 31 der
901 2962 163 41 Verietzung
1097 2964 47 32 der

121 2996 140 44 Foreign
283 2999 194 33 Enlistment
496 3001 63 32 Aot
580 3003 99 40 geſtellt
700 3006 120 37 worden.
862 3005 43 33 Er
926 3005 72 41 hatte
1019 3006 49 40 ſich
1097 3006 48 40 ſeit

124 3036 87 43 ſeiner
232 3042 133 38 Rücktehr
386 3044 115 40 verſteckt
523 3045 131 39 gehalten,
687 3046 28 40 ſo
744 3046 56 41 daß
833 3051 31 28 es
889 3048 47 32 der
963 3047 105 42 Volizei
1091 3049 54 40 erſt

121 3083 65 40 nach
209 3084 98 40 langen
331 3085 252 42 Nachforſchungen
604 3088 104 41 gelang,
730 3088 86 41 ſeiner
837 3089 114 41 habhaft
971 3099 34 32 zu
1027 3091 117 32 werden

122 3121 58 38 Die
202 3126 205 42 Unſerſuchung
430 3128 70 33 wird
522 3129 30 32 in
574 3129 110 40 Lendon
706 3130 146 41 eingeleite/
874 3133 116 31 werden
1092 3132 53 34 Da

123 3166 40 39 die
183 3168 95 35 Unten
310 3170 75 41 ſiegt,
422 3170 112 41 beginnt
568 3180 66 24 man
666 3172 31 33 in
718 3173 130 39 Euͤgland
878 3173 41 33 die
941 3174 136 41 Pflichten
1098 3176 48 41 der

122 3206 176 39 Neutralität
331 3212 117 41 frrenger'
478 3222 34 31 zu
547 3214 164 40 beobachten.
753 3215 65 37 Bor
835 3202 65 59 KLur
907 3202 57 59 zen
986 3217 65 40 noch
1072 3217 74 40 halle

122 3311 58 36 geht
197 3312 80 35 jedoch
295 3320 57 21 nun
370 3313 63 35 nicht
451 3315 69 34 mehr
538 3315 48 35 auf
603 3315 46 28 den
667 3316 93 34 großen
772 3316 59 35 See,
848 3317 49 30 wie
915 3318 54 28 dies
985 3318 30 28 in
1027 3318 117 35 fruͤheren

121 3353 103 37 Jahren
253 3356 42 28 der
316 3356 60 35 Fall
399 3364 62 27 war,
490 3358 108 34 jondern
623 3359 47 32 auf
696 3360 38 28 die
754 3360 43 34 fuͤt
814 3362 49 28 das
882 3361 103 37 groͤßere
1003 3362 141 36 Publicum

121 3399 186 35 abgeichloſſene
326 3401 53 28 und
397 3401 43 33 fuͤr
457 3402 47 28 den
523 3402 68 30 Club
588 3395 55 51 der
648 3403 250 38 Schlittſchuhluͤufer
916 3407 128 35 reſervirte
1040 3404 103 43 Bahn.

121 3443 69 30 Dort
202 3445 98 28 werden
318 3452 53 21 nur
382 3445 92 36 Solche
490 3447 144 35 zugelaſſen,
651 3448 39 29 die
708 3449 94 29 Karten
820 3450 42 33 (ie
879 3451 78 35 koſten
974 3452 36 29 20
1027 3448 114 44 Franken

121 3487 45 35 fuͤr
187 3488 40 29 die
247 3489 109 35 Saifon)
385 3490 76 35 geloͤſt
490 3491 87 34 haben.
615 3493 129 34 Natuͤrlich
766 3494 83 36 erhaͤlt
874 3489 64 42 nicht
964 3496 79 35 Jeder
1069 3497 74 36 ſolche

121 3531 107 30 Karten.
247 3533 54 30 Der
320 3534 67 29 Club
406 3534 42 29 der
466 3535 247 36 Schlittſchuhlaͤufer
730 3538 50 34 gab
799 3538 46 30 den
865 3540 81 32 lehten
963 3541 114 36 Montag
1100 3543 43 27 ein

121 3575 130 36 Rachtfeſt.
270 3577 125 33 Dasſelbe
412 3579 93 34 machte
523 3579 42 36 ſich
584 3580 53 36 ſehr
660 3581 94 35 huͤbſch.
790 3582 49 30 Die
864 3583 118 36 Eisbahn
1012 3592 55 21 war
1093 3586 50 28 mit

121 3619 157 37 elektriſchem
296 3621 81 36 Feuer
394 3622 54 29 und
466 3620 150 39 Pechfackeln
634 3626 133 35 erleuchtet,
795 3628 52 28 und
871 3628 45 28 den
936 3629 97 35 Schluß
1051 3629 91 30 bildete

120 3664 43 29 ein
181 3664 153 37 Feuerwerk,
352 3667 101 35 welches
471 3668 46 35 auf
534 3669 56 28 dem
608 3669 53 35 Eiſe
679 3670 157 35 abgebrannt
853 3672 95 29 wurde.
979 3673 55 30 Der
1052 3674 90 35 Raiſer

123 3709 86 28 wurde
230 3712 127 33 erwartet,
387 3710 55 30 kam
469 3713 59 28 aber
547 3713 72 35 nicht.
655 3714 71 29 Viele
744 3715 101 30 Damen
865 3716 120 36 wohnten
1003 3717 55 29 dem
1075 3718 68 36 Feſte

121 3752 47 36 bei,
186 3754 61 29 aber
264 3762 51 21 nur
334 3756 95 35 wenige
448 3756 74 36 liefen
530 3758 172 36 Schlittſchuh.
735 3775 12 4 D
753 3759 57 30 Det
829 3760 101 36 geſttige
940 3762 140 35 Schneefall
1099 3762 44 37 hat

119 3804 31 28 u
169 3798 66 28 einer
253 3799 105 29 Emente
371 3799 88 36 Anlaß
476 3801 115 36 gegeben.
610 3803 48 29 Sie
677 3803 62 34 fand
757 3803 37 29 im
812 3804 246 32 Tuilerien⸗Garten
1076 3807 66 34 ſtatt.

124 3841 62 29 Eine
205 3843 75 34 große
293 3843 101 36 Anzahl
411 3844 102 35 Bariſer
531 3846 113 30 Gamins
662 3847 84 36 fuͤhrte
762 3849 109 35 naͤmlich
889 3850 57 29 dort
961 3850 54 29 eine
1017 3847 126 45 Schlacht

121 3884 48 30 mit
187 3886 177 35 Schneeballen
381 3889 55 33 auf.
467 3889 37 30 Es
523 3891 84 28 wurde
625 3892 90 35 tuͤchtig
733 3883 57 45 hin⸗
814 3893 53 29 und
884 3894 179 36 hergeworfen,
1090 3896 54 29 und

121 3928 48 30 mit
187 3930 90 35 großer
296 3931 199 36 Geſchicklichkeit.
520 3931 246 39 Unglucklicherweife
786 3937 78 35 jedoch
882 3938 85 35 trafen
986 3939 39 29 die
1038 3940 105 35 Schnee⸗

121 3974 83 29 ballen
223 3975 60 34 auch
301 3976 101 34 groͤßere
418 3976 138 36 Perfonen,
587 3979 37 28 die
652 3979 42 36 ſich
724 3980 64 36 nicht
811 3989 44 22 am
879 3983 110 35 ſtampfe
1012 3979 132 41 betheiligt

120 4017 95 36 hatten,
235 4019 56 29 und
307 4019 66 36 dieſe
388 4022 102 28 wollten
507 4022 49 29 mit
574 4023 108 35 Faͤuſten
700 4026 51 27 und
763 4026 105 30 Stöcken
886 4027 43 29 der
946 4027 78 30 iollen
1037 4024 107 44 Jugend

121 4065 157 28 antworten.
298 4064 64 30 Nun
379 4065 145 30 verbanden
541 4066 44 36 ſich
602 4067 58 29 aber
677 4068 67 29 beide
760 4069 109 31 Armeen
886 4071 54 29 und
953 4072 191 30 bombardirten

94 4106 74 35 de,
185 4109 85 34 welche
288 4108 45 35 ſich
349 4109 29 29 in
397 4109 42 35 ihr
455 4107 80 38 Feuer
553 4114 98 33 gewagt
667 4113 94 35 hatten.
799 4114 41 36 Jn
866 4115 83 35 Paris
974 4116 90 37 beſteht
1087 4124 57 22 nun

121 4150 60 29 aber
199 4152 66 29 keine
282 4153 309 37 Schneeballen⸗Freiheit,
614 4157 53 28 und
685 4157 37 28 die
730 4146 113 53 Bolizei⸗
845 4146 124 53 Agenten,
997 4161 85 35 welche
1099 4169 45 22 am

121 4194 70 37 Tage
210 4196 88 30 immer
316 4198 39 29 bei
373 4199 42 28 der
433 4199 75 36 Hand
526 4200 62 35 ſind,
606 4200 178 31 intervenirten
805 4204 53 28 und
876 4205 136 36 ſchleppten
1032 4206 111 35 mehrere

121 4240 45 28 der
181 4240 96 36 jungen
295 4243 123 36 Kuͤmpfer
435 4245 60 34 nach
513 4245 43 29 der
578 4246 96 35 Wache.
709 4247 54 29 Der
787 4247 117 31 Scandal
928 4256 56 23 war
1013 4247 130 44 natürlich

121 4283 141 36 aroartig.
299 4285 44 29 An
372 4288 165 35 zehntauſend
550 4289 141 36 Menſchen
713 4297 86 26 waren
824 4292 54 29 dort
896 4294 47 34 auf
961 4295 48 28 den
1017 4291 125 45 Beinen,

121 4329 56 28 und
193 4328 30 29 in
241 4330 48 28 den
306 4330 130 31 Tuilerien
462 4341 57 21 war
544 4342 64 21 man
635 4336 37 28 im
694 4335 75 35 erſten
788 4336 162 36 Augenblicke
967 4340 27 33 ſo
1012 4335 132 44 erſchreckt,

124 4372 50 35 daß
192 4380 65 22 man
274 4374 39 28 die
331 4375 105 36 Wachen
454 4380 75 27 unter
546 4379 50 29 das
615 4380 107 35 Gewehr
739 4383 81 27 treten
837 4383 53 28 und
892 4379 60 45 die
956 4379 80 45 Thore
1058 4385 87 35 ſchlie⸗

127 4417 49 35 ſen
194 4417 60 35 ließ.
265 4434 34 4 —
310 4419 51 29 Die
370 4420 171 36 Raubanfälle
559 4424 47 34 auf
622 4424 92 35 offener
723 4424 97 36 Straße
838 4426 54 29 und
909 4427 39 29 die
965 4428 135 36 Einbruͤche
1111 4430 36 28 in

121 4461 41 30 de
179 4462 98 35 Haͤuſer
295 4462 54 34 ſind
368 4464 47 33 jett
433 4465 50 29 viel
500 4466 113 36 haͤufiger
630 4469 43 28 als
702 4468 96 37 fruͤher,
828 4477 40 22 wo
885 4470 83 36 Paris
995 4473 59 35 noch
1078 4465 66 37 keine

118 4506 136 34 Tauſende
271 4513 54 22 von
343 4506 197 37 Polizeidienern
559 4511 73 35 hatte.
661 4512 43 30 So
721 4511 96 31 wurde
824 4521 43 22 am
886 4516 24 28 1.
928 4514 110 37 Januar
1054 4518 90 28 wieder

116 4552 44 29 ein
178 4552 94 35 junger
291 4551 90 30 Mann
401 4552 124 33 (Student
542 4558 53 26 aus
616 4557 42 29 der
676 4557 135 36 Walachei)
840 4566 53 22 von
919 4559 52 30 drei
994 4560 91 30 Kerlen
1114 4562 30 29 in

115 4596 45 29 der
180 4596 75 35 Rahe
272 4596 44 28 des
336 4596 103 35 Collsge
457 4598 27 28 de
502 4598 123 35 Srante
624 4617 24 4 —
665 4609 47 21 um
733 4603 15 27 1
766 4602 57 36 Uhr
839 4603 95 35 Nachts
947 4620 34 5 —
994 4598 153 42 angefallen

117 4642 73 35 Swei
210 4641 88 35 faßten
319 4641 47 34 ihn
383 4648 53 21 von
453 4641 88 35 hinten
567 4645 52 28 und
641 4646 40 28 ein
698 4645 100 30 Dritter
821 4647 62 34 ſette
901 4649 54 35 ihm
972 4649 73 29 einen
1066 4650 79 36 Dolch

115 4685 49 35 auf
183 4686 39 29 die
241 4684 90 36 Bruſt.
370 4685 53 29 Der
454 4686 77 36 junge
547 4688 102 35 Mann,
677 4690 41 28 der
734 4691 56 35 ſehr
807 4692 62 33 ſtart
891 4692 37 36 iſt,
959 4693 41 35 riß
1028 4693 43 36 ſich
1094 4695 51 35 los,

114 4731 82 36 ſchlug
215 4731 76 29 einen
308 4731 46 29 der
371 4730 137 36 Angreiſer
526 4739 30 27 zu
568 4732 87 29 Boden
674 4735 53 27 und
737 4735 93 35 machte
839 4737 44 35 ſich
895 4741 51 25 aus
960 4739 55 29 dem
1033 4738 112 31 Staube

114 4775 37 31 Es
172 4784 87 22 waren
277 4776 57 36 ihm
351 4775 61 29 aber
430 4776 57 34 doch
505 4776 35 28 60
559 4776 99 35 Francs
676 4780 114 35 geraubt.
812 4780 50 29 Die
874 4781 95 35 Thaͤter
987 4783 105 38 wurden
1103 4784 44 29 bis

113 4821 52 35 jett
184 4821 66 36 nicht
267 4821 148 29 entbeckt.
415 4834 20 7 —
454 4819 69 31 Dem
540 4820 141 35 Charivari
697 4822 29 34 iſt
749 4825 119 28 verboten
890 4827 111 35 worden,
1031 4827 116 30 Carrica⸗

112 4868 76 27 ſuren
208 4873 77 29 gegen
302 4865 123 36 Breußen
445 4864 54 29 und
517 4864 146 36 Oeerreich
680 4873 30 26 zu
725 4866 140 37 bringen.
868 4885 18 4 D
905 4870 43 35 Jn
965 4871 47 28 den
1021 4872 127 35 Bureaur

114 4911 45 29 des
178 4911 78 36 Bays
272 4911 107 36 herrſcht
397 4910 78 36 große
494 4909 160 36 Aufregung.
679 4909 63 35 Herr
759 4918 25 22 v.
803 4912 110 35 Ceſéna,
931 4915 70 28 einer
1018 4916 43 29 der
1079 4916 68 31 Mit⸗

113 4956 108 29 arbeiter
252 4963 35 22 an
297 4947 112 48 diefem
417 4947 136 48 Blatte,
560 4954 46 37 hat
633 4954 108 36 nämlich
766 4956 93 33 geſtern
887 4957 49 29 den
961 4959 116 30 Director
1105 4961 44 29 der

115 4999 102 34 Gazette
234 5001 29 28 de
281 5000 105 35 France,
405 5002 48 27 den
471 5001 61 29 eben
550 5000 28 36 ſo
595 4999 153 36 geiſtreichen
763 4999 43 30 als
818 5001 104 35 biſigen
934 5002 82 35 Herrn
1028 5004 119 36 Janicot,

117 5044 224 35 herausgefordert.
370 5045 132 33 Diefelben
521 5046 91 36 hatten
631 5044 43 36 ſich
692 5044 29 28 in
738 5043 72 37 ihren
828 5045 149 35 Journalen
979 5039 104 50 gegenſe
1087 5039 61 50 itig

119 5088 83 27 oas
207 5079 190 69 maltraitet,
406 5079 55 69 und
478 5091 33 29 da
523 5089 107 37 Ceſtna
644 5094 82 41 gehen
736 5084 48 45 die
800 5089 91 55 ſdarfe
907 5090 79 39 dedet
1003 5091 45 31 des
1063 5093 84 40 Herrũ

719 323 50 23 um
791 314 76 32 einen
887 313 118 40 Vorfall.
1027 317 54 27 aus
1093 309 61 56 den

1025 517 46 90 4

1197 143 128 42 Capituͤn
1338 143 111 33 Corbeit
1467 142 32 33 in
1525 142 134 63 —
1677 149 43 54 ——
2013 139 61 40 —
2101 139 104 32 treiben

1196 183 111 50 loͤnnen.
1754 200 49 20 —
1885 189 55 36 —

1276 227 59 34 Die
1354 227 101 40 nächſte
1476 236 18 23 a
1576 193 160 77 itahe
1846 215 71 40 vid
1927 205 80 50 zeler
2017 222 188 41 Wahrſchein⸗

1196 270 96 40 lichkeit
1326 270 64 39 nach
1417 270 39 31 die
1484 265 158 55 Nachrich⸗
1641 265 74 55 brin
1816 265 53 39 daß
1901 265 95 50 Generq
2057 265 149 40 Sherman

1196 312 163 40 Savannah
1381 320 159 31 genommen
1563 312 61 46 haf?
1660 309 54 49 Ler
1776 317 19 23 un
1816 312 56 28 aus
1897 308 162 45 Richmem,
2098 308 108 39 welches

1237 368 15 23 —
1294 364 39 29 —
1437 357 88 38 —
1549 353 136 45 —
1708 351 108 41 —
1844 350 24 33 ⏑
1892 380 3 1 n
1906 350 69 42 —
2030 389 19 11 —

1574 391 109 46 eration
1693 390 44 36 in
1753 393 57 32 drei
1820 388 95 43 Thele
1933 391 180 53 zerſchaitten
2125 392 82 38 wird.

1274 443 8 6 k
1574 427 110 57 enhang
1684 436 90 41 mehr
1796 435 52 31 mit
1862 431 137 41 eander
2020 434 95 41 haben
2149 443 31 37 un

1578 481 64 30 ders
1663 479 32 39 zu
1708 480 141 38 erwarten
1864 476 50 44 ift,
1940 476 102 45 Graut
2060 485 57 35 nur
2178 491 28 25 aut⸗

1540 521 75 39 Bhm
1637 519 127 41 enweder
1786 519 110 46 ergeben
1917 519 63 41 oder
2002 519 45 48 da,
2080 523 44 29 wo
2142 516 64 54 en

1945 559 104 43 n

1372 605 142 40 Sereſſion
1537 604 33 41 ift
1592 607 46 30 der
1657 603 177 41 Kataſtrophe
1855 604 78 40 nahe.

1324 573 12 22 ——

1338 565 16 30 —

1357 586 9 8 *

1193 607 89 33 Sache

1243 606 86 74 —
1353 647 147 40 Nachricht,
1525 647 53 38 daß
1600 649 50 32 der
1664 646 96 40 Kaiſer
1780 652 55 26 von
1860 644 114 43 Mexico
1996 646 40 32 die
2057 646 66 33 Ein
2137 640 68 51 ver⸗

1192 690 144 40 leibung
1357 696 65 26 von
1442 688 206 42 Honduras
1675 687 163 42 proclamirt
1870 688 75 39 habe,
1979 689 68 40 ſtellt
2079 689 48 40 ſich
2160 689 46 32 als

1192 732 186 40 unbegründet
1398 732 109 39 heraus,
1534 731 66 33 aber
1621 736 30 28 es
1673 731 107 39 verräth
1802 730 41 32 die
1864 730 174 43 Stimmung
2059 731 30 32 in
2111 730 94 33 Nord⸗

1192 773 126 41 amerika,
1341 773 53 40 daß
1415 773 78 41 ſolche
1514 772 135 41 Geruͤchte
1670 774 59 32 dort
1750 771 171 42 auftauchen.

1215 837 15 28 .—
1327 849 42 7 —

1386 849 134 56 Aus
1550 859 85 47 dem
1663 859 291 56 Gerichtsſaale

1276 926 111 33 —
1405 926 154 35 —
1585 927 56 35 ũ—
1663 928 15 33 ⏑
1687 926 162 35 —
1807 921 60 51 ̃
1868 926 50 30 —
1977 926 4 30 ꝓ
1987 926 76 34 —
2105 926 101 42 —

1189 962 142 35 geitung
1357 961 120 35 publicixt
1504 962 72 33 heute
1603 963 42 28 ein
1670 962 96 35 Urtheil
1792 962 43 28 des
1862 962 106 35 hieſigen
1995 962 210 34 Landesgerichts,

1189 998 82 28 worin
1288 1004 76 28 gegen
1383 997 46 28 das
1447 996 158 30 Abendblatt
1634 998 42 29 der
1700 1001 142 33 genannten
1883 998 89 35 Zeitaͤng
2003 1005 59 21 vom
2090 999 43 27 31.
2155 998 50 30 De⸗

1189 1033 91 28 cember
1309 1040 25 20 5.
1364 1032 32 36 J.
1432 1032 47 28 das
1510 1032 96 29 Verbot
1645 1034 39 28 der
1720 1033 102 29 weitern
1885 1033 143 35 Verbreitung
2058 1033 145 36 ausgeſpro⸗

1189 1069 52 34 chen
1279 1067 72 29 wird.
1409 1066 60 31 Das
1499 1067 155 35 Erkenntniß
1684 1069 30 33 iſt
1753 1075 51 22 von
1843 1068 132 35 folgenden
2009 1069 123 30 Gründen
2167 1069 38 29 be⸗

1189 1104 94 34 gleitet:
1313 1103 71 34 „Der
1401 1103 97 33 Aufſatz
1516 1104 62 28 uͤber
1604 1105 40 28 die
1669 1104 127 36 paͤpſtliche
1813 1104 132 33 Encyclita
1974 1105 94 33 enthaͤlt
2087 1105 119 34 Auszuge

1189 1142 48 26 auz
1255 1138 137 35 engliſchen
1411 1139 128 33 Blaͤttern,
1567 1139 28 29 in
1613 1140 103 35 welchen
1733 1140 48 28 Sr.
1800 1139 127 35 Heiligkeit
1952 1141 55 28 dem
2024 1140 92 35 Papſte
2135 1140 71 35 eille

1188 1173 200 43 Ueberhebung⸗
1419 1174 195 36 Verblendung
1640 1177 43 27 des
1709 1175 166 32 Verſtandes?
1902 1183 45 27 zur
1974 1176 55 33 Laſt
2056 1176 79 36 gelegt
2152 1177 54 28 und

1188 1216 51 22 von
1256 1217 68 21 einer
1352 1209 200 36 Unfehlbarkeit
1579 1210 30 29 in
1627 1211 136 34 Schlafrock
1789 1211 51 28 und
1868 1211 164 35 Pantoffeln“
2064 1212 142 35 geſprochen

1189 1245 71 29 wird.
1297 1244 117 36 Hiedurch
1432 1245 114 34 erjcheint
1564 1244 42 30 der
1624 1246 76 36 Papft
1719 1246 163 35 verächtlicher
1900 1247 185 35 Eigenſchaften
2104 1248 101 35 beſchul⸗

1189 1281 51 35 digt
1267 1281 53 28 und
1348 1281 57 28 dem
1431 1281 151 34 oͤffentlichen
1612 1282 95 35 Spotte
1732 1282 139 34 ausgeſetzt.
1908 1282 67 29 Dies
1993 1283 135 35 begruͤndet
2145 1283 61 36 nach

1188 1317 46 27 den
1284 1338 7 6 88.
1310 1317 62 33 491.
1390 1317 51 28 403
1458 1316 54 29 und
1529 1317 53 28 494
1601 1318 41 28 lit.
1659 1327 18 18 à
1694 1318 43 28 des
1756 1317 53 29 Si.
1812 1317 81 30 G.B.
1921 1318 42 29 ein
1981 1319 129 35 Vergehen
2128 1327 78 27 gegen

1189 1351 38 29 die
1243 1344 72 37 oͤzre
1346 1352 54 29 Ber
1418 1351 128 35 Amſland/
1564 1352 50 34 daß
1633 1353 60 34 die
1710 1353 196 35 Schmahungen
1924 1355 188 35 guslandifchen
2129 1355 76 29 Blai⸗

1189 1389 53 27 tern
1260 1388 115 34 entlehnt
1392 1387 60 34 ſind,
1478 1394 105 28 vermag
1602 1388 39 29 die
1658 1388 170 33 Strafbarkeit
1852 1389 42 28 der
1914 1389 167 36 Verbreitung
2098 1391 37 27 im
2153 1390 52 36 Jn⸗

1189 1423 73 28 lande
1287 1424 60 32 nach
1366 1422 83 35 Abſaß
1460 1423 18 27 ?2
1496 1423 44 27 des
1560 1424 24 34 8.
1603 1425 51 28 493
1683 1425 61 33 nicht
1768 1424 163 35 aufzuheben.
1951 1425 50 29 Die
2019 1426 18 28 k.
2056 1426 19 28 J
2093 1425 112 30 Stadts⸗

1189 1458 171 35 anwaltſchaft
1379 1458 29 32 iſt
1425 1466 43 27 zur
1485 1458 136 36 Erhebung
1639 1460 42 28 der
1698 1459 110 36 Anklage
1825 1460 60 35 nach
1904 1460 95 30 Artikel
2011 1463 32 27 V.
2061 1462 43 29 der
2116 1462 89 33 Straf⸗

1204 1494 165 33 eſet⸗Novelle
1387 1494 108 33 berufen,
1514 1494 33 28 da
1565 1494 47 29 Se.
1631 1495 126 34 Heiligkeit
1785 1496 40 28 der
1844 1495 80 35 Papſt
1952 1497 41 28 der
2020 1497 90 32 oberſte
2132 1498 74 28 Seei⸗

1200 1537 71 28 orger
1289 1530 41 27 der
1348 1529 156 34 katholiſchen
1521 1529 86 36 Kirche,
1633 1530 29 34 iſt
1687 1531 52 28 und
1757 1531 39 29 die
1813 1531 181 38 Zuſtimmung
2017 1533 47 29 St.
2085 1533 121 35 Excellenz

1174 1559 57 44 des
1242 1559 175 74 Etolilchen
1438 1564 127 36 Runtius,
1593 1564 44 31 als
1654 1566 141 30 Vertreters
1813 1567 48 29 Sr.
1879 1567 138 36 Heiligkeit,
2035 1560 79 48 ausg.
2118 1560 88 48 wieſen

1189 1607 54 22 vur

1273 1635 163 35 Desgleichen
1444 1635 122 35 publicirt
1574 1636 73 35 heute
1657 1637 38 29 die
1705 1637 312 37 Borſtadt⸗geitung
2035 1640 41 28 ein
2089 1640 117 29 Erkennt⸗

1188 1671 43 35 niß
1249 1671 44 29 des
1313 1670 105 35 hieſigen
1435 1671 213 36 Landesgerichts,
1666 1673 98 34 welches
1783 1673 48 29 das
1850 1674 96 29 Wrbot
1965 1676 42 27 der
2024 1676 103 28 weitern
2144 1676 63 29 Ver⸗

1188 1706 115 35 breitung
1321 1707 41 28 der
1381 1705 123 42 Nummer
1522 1714 60 21 vom
1602 1709 43 27 28.
1663 1709 132 29 Deeember
1822 1709 43 28 der
1882 1710 244 36 Vorſtadt⸗Zeitung
2144 1715 62 26 aus⸗

1189 1742 85 35 ſpricht
1292 1742 55 28 und
1364 1741 55 29 dies
1435 1742 27 28 in
1480 1743 183 35 nachſtehender
1681 1744 47 28 Art
1746 1744 151 35 begruͤndet:
1930 1746 72 34 Mit
2021 1748 55 27 dem
2096 1755 52 20 voͤn
2165 1748 43 28 der

1188 1777 241 34 Conſtitutionellen.
1445 1773 128 49 Vorſtadt⸗
1580 1773 107 49 Zeitung
1715 1779 89 29 bereils
1832 1780 212 36 veröffentlichten
2070 1783 138 35 Beſchluffe

1188 1820 58 22 nom
1266 1809 41 49 à1.
1317 1809 141 49 December
1468 1821 26 21 x,
1507 1813 30 36 J
1558 1816 86 27 wurde
1660 1815 108 35 erkannt,
1786 1816 49 35 daß
1852 1817 42 27 der
1906 1817 114 33 Aufſaß:
2043 1818 66 34 Die
2123 1819 83 35 paͤpſt⸗

1189 1849 54 35 liche
1263 1848 92 30 Bulle⸗
1385 1849 46 28 den
1456 1849 171 35 Thalbeſtand
1653 1851 43 28 des
1720 1851 143 35 Bergehens
1890 1853 43 27 der
1951 1852 170 38 Beleidigung
2139 1854 69 29 einer

1239 1883 61 65 *
1318 1884 168 41 anerkannten
1506 1884 84 35 Kirche
1613 1886 72 34 durch
1703 1886 171 36 Verſpoitung
1898 1888 55 27 und
1971 1888 235 37 Herabwuͤrbigung

1216 1919 123 35 tholiſcher
1357 1920 193 35 Einrichtungen
1570 1922 52 28 und
1640 1922 140 35 Gebraͤuche
1801 1924 59 33 nach
1879 1923 46 28 den
1952 1924 41 35 85.
2013 1925 51 28 303
2083 1926 53 28 und
2153 1927 53 27 305

1188 1955 129 35 begründe.
1354 1955 55 29 Der
1426 1955 98 34 Auffan
1541 1957 100 40 enthält
1658 1958 131 33 gußerdem
1815 1959 59 34 noch
1891 1959 89 28 direcl?
1998 1960 115 36 Angriffe
2131 1969 76 27 gegen

1189 1990 36 30 die
1254 1990 96 34 Berſon.
1370 1990 47 30 Sr.
1436 1991 128 41 Heiligkeit
1591 2027 6 6 des
1650 1993 106 34 Bapſtes
1780 1993 78 35 ſelbſt.
1903 1995 39 29 Es
1972 1995 65 29 wird
2065 1996 141 36 behauplei

1188 2026 133 35 daßPius
1335 2027 48 27 X.
1402 2026 46 28 ale
1465 2026 84 42 Bieile
1566 2028 80 33 ſeines
1664 2029 103 35 Köchers
1794 2029 28 28 in
1849 2030 37 28 die
1914 2030 61 29 leere
1993 2031 60 35 Luft
2071 2028 135 50 hinausge⸗

1189 2061 99 35 ſcheſfen
1312 2062 63 33 habe
1396 2061 51 29 und
1477 2062 68 35 hiezu
1575 2071 52 21 mer
1653 2065 70 33 durch
1752 2065 165 35 perfönlichen
1941 2066 111 37 Ehrgeiz
2083 2068 124 35 gicichwiel

1189 2098 103 33 welchen
1310 2097 115 35 Schaden
1441 2098 86 27 davon
1552 2099 80 34 deſen
1650 2099 145 36 Nachfolger
1822 2100 79 35 haben
1921 2102 105 33 werden.
2053 2103 54 34 alfo
2136 2103 71 36 durch

1187 2132 191 35 ruͤckſichtoͤloſen
1435 2134 102 27 Egoismus
1566 2134 121 32 beſtimmt
1711 2136 102 28 worden
1831 2137 41 34 ſei.
1912 2138 73 33 Dieſe
1991 2134 215 45 Anſchuldigung

1189 2169 134 35 begruͤndet
1342 2168 48 29 das
1459 2169 76 35 Vergehen
1553 2170 42 28 der
1607 2171 241 37 Ehrenbeleidigung
1867 2173 72 33 durch
1958 2174 136 34 oͤffentliche
2104 2175 104 34 Schma⸗

1189 2203 68 36 hung
1276 2204 60 35 nach
1355 2204 43 35 58.
1416 2205 60 32 491,
1493 2205 62 35 493.
1573 2206 54 29 494
1645 2214 24 20 a.
1687 2205 147 36 St⸗Gb
1852 2216 30 26 zu
1898 2208 82 34 deſſen
1999 2210 159 35 Berfolgunz
2170 2211 38 28 die

1189 2238 17 29 E
1285 2239 272 36 Staatsanwaltſchaft
1587 2241 61 36 nach
1678 2242 56 29 Art.
1759 2244 30 27 V.
1819 2243 42 32 der
1891 2243 57 30 St.
1956 2245 34 29 G.
1999 2234 118 47 Roveu⸗
2146 2254 60 21 dom

1191 2275 39 28 .
1246 2274 138 30 December
1403 2275 67 28 1562
1496 2276 128 36 verechtigt
1648 2278 120 34 erſcheint
1798 2278 31 29 da
1848 2279 47 29 Se.
1914 2280 130 36 Heiligkeit
2069 2282 41 28 der
2128 2282 80 35 Veyſñ

1189 2310 41 28 der
1251 2310 91 41 oberſte
1360 2311 145 34 Seelſorger
1522 2311 44 29 der
1584 2313 156 34 kaͤtholijchen
1759 2314 83 34 Kirche
1860 2314 30 31 iſt
1907 2315 54 28 ind
1978 2316 43 29 der
2052 2317 155 35 apoſtoliſch

1189 2345 118 30 Kuntius
1324 2347 50 40 mit
1392 2347 141 40 Erklärung
1550 2355 62 21 vom
1640 2349 41 28 80.
1699 2349 133 29 December
1852 2351 69 28 1864
1945 2351 66 33 ſeine
2029 2348 176 45 Zuſtimmung

1188 2388 41 60 ſz
1247 2381 224 36 ſtrafgerichtlichen
1489 2382 112 37 Auklage
1627 2384 97 34 ertheilt
1741 2384 51 35 hat.
1828 2386 51 30 Die
1904 2387 20 27 t.
1953 2387 17 28 t.
1999 2388 208 30 Siaatzanwal

1198 2416 62 41 chaft
1277 2417 142 34 heantragt,
1436 2417 62 35 ohne
1516 2419 54 27 eine
1587 2419 145 36 perſonliche
1750 2420 111 36 Anklage
1882 2430 31 26 zu
1930 2423 110 34 erheben
2064 2424 37 28 n
2120 2424 86 34 ffeni⸗

1189 2451 73 36 ſichen
1280 2453 125 35 Jntereſſe,
1417 2454 63 33 nach
1499 2454 24 34 8.
1545 2455 32 27 16
1596 2454 33 34 B.
1639 2455 37 29 N.
1694 2456 51 28 und
1780 2456 24 35 8.
1823 2458 42 32 6,
1885 2458 35 27 57
1937 2459 54 27 un
2009 2460 35 28 55
2061 2459 79 35 FG.
2159 2460 49 29 Das

1188 2487 94 30 Berbot
1301 2489 41 27 der
1360 2489 102 27 weitern
1480 2489 155 29 Verbreitung
1674 2491 67 33 jenes
1786 2492 108 35 Aufſazes,
1921 2493 39 29 die
1978 2494 172 37 Bernichtung
2166 2496 42 28 der

1189 2524 47 29 mit
1264 2524 118 34 Beſchlag,
1409 2524 118 40 belegten,
1557 2526 47 27 den
1648 2526 70 34 Auffatz
1747 2528 176 34 enthaltenden
1937 2525 265 51 Zeitunganummern

1189 2560 51 29 ind
1258 2558 41 30 die
1316 2558 227 37 Veroͤffentlichung
1561 2560 44 29 des
1624 2561 279 37 Straferkenninifſe?⸗
2114 2567 45 16 u

1277 2620 109 35 Wien⸗
1404 2620 25 28 8.
1447 2621 114 42 Januar.
1600 2624 36 34 (S
1648 2624 99 34 kizzen
1776 2627 61 27 aus
1864 2625 51 29 der
1933 2626 187 31 Unterwelt
2146 2635 64 23 von

1189 2657 103 28 einem
1310 2656 133 41 Teufel)
1479 2656 52 29 Die
1547 2657 198 37 Bhotographen
1763 2660 31 35 J.
1813 2659 35 30 S.
1868 2662 53 27 und
1939 2662 35 29 G.
1988 2663 34 29 G.
2041 2664 103 28 wurden
2162 2672 47 21 vor

1189 2692 105 35 Kurzem
1305 2699 34 34 in
1357 2699 81 21 einem
1455 2692 174 35 Preßproceſſe
1646 2701 84 28 wegen
1748 2695 133 36 Copitung
1906 2704 55 21 von
1979 2698 155 36 unfittlichen
2151 2700 58 29 Biſ⸗

1189 2728 57 27 dern
1265 2727 182 40 (Diaboletten)
1464 2735 58 26 zum
1540 2728 98 34 Behufe
1657 2731 41 27 des
1718 2730 125 35 Verkaufs
1861 2734 75 26 uͤnter
1963 2734 96 34 obigen
2092 2735 117 35 pifanen

1187 2763 75 33 Titel,
1294 2762 74 41 Iowie
1392 2763 58 40 auch
1477 2770 87 27 wesen
1583 2763 181 37 Unterlaſſung,
1794 2767 42 28 der
1853 2767 107 35 Angabe
1985 2768 41 29 der
2044 2770 89 35 Firma
2155 2772 54 28 und

1186 2805 94 34 wegen
1290 2797 226 42 Richtentrichtung
1534 2799 41 28 der
1582 2793 162 50 Pflichtexem
1746 2793 71 50 plare
1836 2810 50 21 von
1908 2803 55 29 dem
1981 2804 150 37 hierortigen
2143 2807 65 29 Lan⸗

1186 2834 143 33 desgerichte
1348 2834 42 27 der
1408 2833 180 36 Uebertketung
1620 2836 40 29 der
1687 2837 40 35 58.
1747 2838 51 28 ölt
1819 2838 54 28 und
1890 2839 52 29 303
1963 2840 147 36 St.
2138 2842 70 29 Knn

1186 2869 42 28 der
1244 2869 77 40 85.,
1342 2870 33 27 17
1393 2872 52 25 und
1465 2870 33 28 18
1504 2865 60 49 Br.
1569 2871 43 29 G.
1633 2871 103 36 ſchuldig
1754 2873 112 32 erkannt,
1890 2875 54 28 und
1945 2865 39 49 Er
1986 2876 86 33 fterer
2090 2885 31 25 zu
2138 2874 70 42 zwei⸗

1186 2904 171 41 monatlichem
1373 2904 112 41 ſtrengen
1504 2905 84 35 Arreft
1607 2907 53 28 und
1678 2915 30 27 zu
1726 2909 68 27 einer
1804 2909 141 34 Geloſtrafe
1963 2918 53 21 von
2035 2914 32 27 J
2080 2913 26 35 fl.
2127 2915 81 33 Even⸗

1186 2939 59 28 mell,
1273 2940 162 35 dreitagigem
1462 2940 107 36 Arreſt),
1598 2942 113 32 Letzterer
1745 2952 30 26 zu
1804 2945 256 35 ſechsiadchentlichem
2098 2944 111 44 ſtrengen

1186 2975 102 34 Arteft),
1318 2976 55 28 und
1401 2976 122 41 ebenfalls
1553 2985 29 26 ju
1615 2979 32 27 Ih
1660 2978 27 34 fl.
1715 2979 140 35 Goldſtiafe
1885 2981 135 33 (erentuen
2032 2979 176 44 dreitagigem

1186 3010 93 34 Arreſt)
1310 3013 53 25 und
1382 3011 76 30 Beide
1487 3019 59 34 zum
1571 3013 239 35 Straftoſtenerſabe
1840 3017 158 29 verurtheilt.
2036 3019 69 35 Auch
2124 3021 85 28 uͤrde

1187 3046 41 29 der
1246 3046 100 34 Verſall
1377 3046 43 29 der
1447 3046 156 37 unfittlichen
1621 3048 194 38 Darſtellungen
1841 3052 53 28 und
1924 3053 197 36 Glasmalcien

1172 3077 155 56 geſprogen

1273 3117 78 41 Beide
1378 3117 167 42 Verurtheilte
1562 3118 88 35 hatten
1676 3120 122 35 ſeinerzeit
1821 3122 37 28 die
1885 3122 137 37 Berufung
2041 3133 15 21 a
2055 3121 153 45 ngemeldet,

1186 3153 104 40 wurden
1312 3153 90 34 iedoch,
1429 3160 46 21 wie
1498 3154 43 28 der
1567 3154 171 43 Wanderer⸗
1757 3157 128 35 mittheilt,
1915 3159 51 28 mit
1995 3159 70 36 ihren
2084 3161 124 30 Fecurſen

1186 3188 168 41 agewieſen,
1366 3188 54 29 und
1436 3191 29 26 es
1483 3189 46 37 hat
1547 3190 75 35 ſomit
1639 3191 39 28 bei
1698 3191 57 29 dem
1766 3192 260 38 landesgerichtlichen
2035 3197 173 35 Erkennlniff

1187 3223 49 34 ſein
1255 3223 156 29 Verbleiben.

1186 3319 110 35 Janicot
1323 3320 65 35 nicht
1410 3320 160 35 aufkommen
1595 3322 98 35 konnte,
1723 3323 27 34 ſo
1777 3325 126 35 entſchloß
1922 3334 26 21 er
1971 3327 51 36 ſich,
2053 3329 67 29 Blut
2146 3330 60 34 ſtatt

1185 3363 76 30 Linte
1287 3370 31 29 zu
1340 3364 144 35 vergeuden.
1521 3365 127 36 Folgende
1676 3369 80 27 etwas
1779 3369 166 37 wehmuthige
1964 3372 144 37 Erklärung
2116 3369 90 45 macht

1185 3407 121 35 uͤbrigens
1324 3408 56 29 dem
1399 3408 96 30 Streite
1513 3410 44 28 des
1575 3411 82 34 Herrn
1675 3411 25 28 v.
1721 3410 98 37 Coſoͤna
1845 3415 48 28 mit
1920 3415 84 35 Hertn
2021 3417 109 36 Janicot
2155 3426 51 22 von

1184 3451 43 30 der
1243 3452 104 36 Gazette
1364 3453 29 28 de
1411 3453 94 35 France
1523 3454 41 29 ein
1582 3455 84 29 Ende:
1696 3456 63 35 Herr
1783 3457 33 30 A.
1833 3458 32 29 de
1882 3460 99 34 Coſsna
2008 3462 43 34 hat
2070 3462 43 35 ſich
2135 3463 71 36 durch

1184 3497 139 29 Ausdruͤce
1341 3497 70 29 eines
1427 3498 110 29 Artikels
1556 3500 136 35 politiſcher
1708 3500 150 36 Discuſſion
1876 3503 121 37 beleidigt
2023 3506 105 36 gefuͤhlt,
2153 3508 53 29 und

1184 3541 48 28 mir
1249 3541 93 29 beeilen
1358 3545 63 30 uns,
1439 3543 59 34 nach
1516 3544 136 35 gegebenen
1670 3545 206 38 Erläuterungen
1899 3549 61 28 und
1983 3550 63 36 ohne
2068 3554 81 26 etwas
2170 3559 36 22 an

1184 3586 46 28 den
1246 3586 167 35 allgemeinen
1430 3587 83 35 Jdeen
1531 3588 42 28 der
1591 3589 149 35 Discuffion
1758 3599 30 27 zu
1812 3592 103 36 ändern,
1946 3603 31 26 zu
2007 3596 119 35 erklaͤren,
2156 3598 50 35 daß

1184 3630 47 29 wir
1247 3633 53 26 aus
1318 3631 88 34 dieſem
1422 3632 96 29 Artikel
1535 3633 73 28 Alles
1626 3634 192 36 zurücknehmen,
1843 3640 57 26 was
1919 3638 44 33 für
1987 3639 83 35 Herrn
2107 3641 98 36 Coſena

1183 3674 168 37 Verfoͤnliches
1370 3676 53 28 und
1439 3676 168 34 Verlekendes
1624 3678 76 29 darin
1718 3680 51 33 ſein
1786 3681 94 29 koͤnnte.
1900 3682 49 31 Gu
1958 3681 26 36 ſt.
2005 3684 199 35 Janicot.

1183 3719 50 29 Die
1249 3719 94 29 Amme
1360 3720 45 29 des
1423 3720 103 35 Kaiſers
1546 3721 134 36 Napoleon
1697 3724 55 34 JJ.
1778 3724 71 36 Fran
1866 3727 79 35 Bure,
1977 3727 30 35 iſt
2032 3728 77 37 dieſer
2119 3726 87 45 Tage

1183 3763 132 35 geſtorben.
1334 3764 50 30 Sie
1400 3765 29 33 iſt
1447 3767 35 27 d5
1502 3765 81 37 Jahre
1601 3768 47 28 alt
1659 3759 154 51 geworden.
1826 3770 55 36 Jhr
1898 3771 76 30 Alter
1992 3781 56 21 war
2068 3782 63 28 ganz
2155 3775 50 35 ſor⸗

1184 3807 100 36 genfrei.
1303 3808 80 30 Louis
1402 3809 140 36 Napoleon,
1570 3812 48 34 der,
1646 3812 53 29 dies
1720 3813 62 36 muß
1808 3822 62 21 man
1894 3816 54 34 ihm
1971 3817 85 36 laſſen,
2086 3820 120 34 geleiſtete

1184 3852 99 34 Dienſte
1301 3853 41 28 nie
1352 3854 105 35 vergißt,
1476 3855 67 34 hatte
1561 3857 60 34 auch
1639 3857 43 35 für
1699 3858 63 34 ſeine
1780 3859 174 37 Milchmutter
1973 3863 107 36 geſorgt.
2100 3880 33 5 —
2152 3865 51 32 Die

1184 3896 132 35 oͤffentliche
1335 3897 186 38 Verſteigerung
1548 3901 42 28 der
1613 3902 133 30 Gemaͤlde⸗
1776 3904 52 29 und
1853 3901 352 48 Curioñtaten⸗Sammlung

1184 3941 44 28 des
1245 3941 100 33 Grafen
1363 3942 141 35 Bourtales
1523 3945 104 35 beginnt
1650 3953 44 21 am
1721 3947 26 29 6.
1765 3947 114 36 Februar
1906 3950 36 29 im
1963 3951 103 36 Pariſer
2085 3953 73 34 Hotel
2177 3950 29 33 de

1186 3985 86 30 VBente.
1291 3986 54 29 Der
1363 3987 108 36 Berkauf
1487 3988 77 35 ſindet
1580 3997 62 23 vom
1658 3992 26 28 6.
1702 3991 114 36 Februar
1833 3993 42 29 bis
1892 3996 27 27 4.
1939 3995 88 36 April,

1186 4036 54 29 gen,
1259 4030 67 34 ſlatt.
2025 4035 31 32 J

1270 4074 94 36 Eine
1393 4076 330 40 Scandalgeſchichte;
1754 4081 41 36 Jn
1827 4083 49 29 den
1901 4084 136 30 Mabrider
2051 4083 154 45 Hofkreiſen

1185 4118 101 37 dertſcht
1313 4120 90 36 großer
1420 4120 114 37 Unmuth
1552 4124 60 29 uͤber
1636 4123 47 30 den
1699 4124 126 37 Seandal,
1855 4128 105 35 welchen
1990 4130 36 28 die
2045 4131 88 34 Heirat
2160 4133 46 28 des

1184 4164 109 36 Herzogs
1311 4171 52 22 von
1381 4165 85 35 Frias,
1485 4166 123 31 Granden
1625 4168 74 35 erſter
1717 4169 87 36 Claſfe,
1819 4171 51 28 mit,
1881 4171 163 36 Fraͤulein⸗
2059 4175 85 36 Balfe,
2163 4175 43 30 der

1170 4204 179 44 geſchiedenen
1374 4210 92 44 Gattin
1493 4211 50 29 Sir
1561 4213 30 35 J.
1609 4213 179 36 Cramptoms,
1817 4216 137 35 engliſchen
1987 4218 145 36 Geſandten
2162 4227 44 31 am

1185 4253 138 36 ſpaniſchen
1331 4253 74 36 Hofe,
1422 4256 133 32 veranlatzt
1573 4257 50 36 hat.
1643 4258 49 29 Die
1700 4258 112 36 Konigin
1831 4260 45 34 ſoll
1888 4261 55 29 dem
1953 4262 103 38 Herzog,
2077 4264 30 29 in
2126 4264 79 35 deſſen

1185 4298 86 29 Adern
1289 4299 50 28 das
1355 4298 87 35 reinſte
1461 4309 111 26 usangre
1589 4303 78 27 azul⸗
1687 4303 99 34 (blaues
1804 4304 75 36 Blut)
1897 4305 78 36 fließt,
2006 4315 29 27 zu
2060 4308 88 35 wiffen
2150 4304 55 44 ge⸗

1185 4342 78 35 macht
1280 4342 92 36 haben,
1402 4342 48 36 daß
1467 4343 31 35 ſie
1517 4345 38 28 die
1573 4346 122 36 Herzogin
1723 4347 64 35 nicht
1813 4349 153 36 empfangen
1985 4352 85 35 koͤnne,
2098 4353 59 29 weil
2162 4349 44 44 ſie

1185 4387 46 28 den
1248 4387 144 35 Geſandten
1408 4387 66 29 einer
1492 4388 152 38 Großmacht
1670 4390 63 36 nicht
1759 4392 42 29 der
1817 4394 246 38 Unannehmlichkeit
2083 4398 123 33 ausſezen

1185 4430 79 35 wolle,
1282 4432 48 28 mit
1348 4432 77 34 ſeiner
1442 4433 152 36 ehemaligen
1607 4435 95 30 Gattin
1723 4437 270 38 zuſammenzutreffen.
2012 4442 52 29 Als
2086 4443 42 28 der
2145 4443 61 35 Her⸗

1185 4483 43 28 zos
1245 4475 63 35 dieſe
1324 4476 169 36 Mittheilung
1511 4478 95 37 erhielt,
1634 4480 91 35 ſchidte
1741 4488 27 21 er
1786 4482 39 28 der
1843 4483 114 37 Königin
1975 4485 80 34 ſoſort
2075 4487 49 29 alle
2141 4487 65 35 ſeine

1186 4519 92 35 Orden,
1309 4520 73 34 ſowie
1412 4521 80 32 ſeinen
1510 4522 299 38 Kammerherrnſchluͤſſel
1837 4529 89 33 zuruc
1957 4529 72 36 Fräu
2036 4531 53 29 lein
2117 4532 88 35 Balfe,

1186 4563 101 36 Tochter
1305 4565 43 28 des
1366 4565 146 36 berühmten
1530 4567 178 36 Componiften
1726 4569 76 36 dieſes
1819 4572 117 31 Namens
1963 4575 53 28 Und
2034 4576 54 29 eine
2105 4577 42 29 der
2166 4577 40 29 be⸗

1187 4608 124 34 liebteſten
1330 4609 183 35 Saͤngerinnen
1530 4611 43 29 der
1588 4613 71 38 Oper
1677 4614 27 28 in
1723 4614 162 38 Petersburg,
1915 4618 68 34 hatte
2014 4620 41 35 ſich
2089 4622 48 28 mit
2156 4620 50 30 Sir

1186 4653 30 36 J
1234 4653 154 36 Crampton,
1406 4654 152 36 damaligem
1575 4655 142 37 Geſandten
1735 4658 135 36 Englands
1888 4662 66 29 beim
1972 4663 68 35 Czar
2044 4661 162 44 Alexander,

1186 4697 117 29 vermaͤlt.
1334 4698 68 35 Nach
1418 4699 168 37 zweijaͤhriger
1604 4702 59 35 Che,
1688 4703 84 35 welche
1789 4704 69 36 ihren
1877 4707 161 36 berechtigten
2056 4710 150 29 Erwartun⸗

1187 4748 46 28 gen
1250 4742 65 35 nicht
1333 4742 132 36 entſprach,
1484 4743 104 36 ſtrengte
1606 4746 69 36 Lady
1693 4747 141 36 Crampton
1851 4758 76 29 gegen
1945 4752 72 34 ihren
2029 4753 87 31 Mann
2134 4754 72 30 einen

1187 4783 247 40 Scheidungsproceß
1452 4794 43 28 an,
1525 4789 39 29 bei
1589 4791 56 29 dem
1672 4794 27 26 es
1717 4799 30 27 zu
1766 4792 157 38 ſeandaloͤjen
1942 4796 191 37 Enthüllungen
2151 4799 55 28 kam

1188 4831 52 28 und
1258 4831 48 29 den
1323 4831 32 35 ſie
1373 4831 75 37 daͤher
1466 4832 68 36 leicht
1552 4841 115 28 gewann.
1696 4836 52 29 Sir
1765 4837 73 37 John
1856 4839 143 36 Crampton
2017 4842 69 29 blieb
2104 4843 102 28 demun⸗

1189 4875 102 34 geachtet
1308 4876 29 28 in
1354 4876 81 34 ſeiner
1452 4877 201 38 diplomatiſchen
1670 4880 132 37 Stellung
1831 4883 63 36 ohne
1911 4892 31 27 zu
1961 4885 91 35 ahnen,
2086 4886 49 34 daß
2152 4886 54 28 eine

1189 4919 80 34 zweite
1285 4921 53 35 Che
1355 4920 78 36 ſeiner
1450 4920 71 36 Frau
1539 4923 46 29 mit
1602 4925 81 40 einem
1699 4924 138 37 jpaniſchen
1849 4927 127 31 Granden
1996 4929 56 36 ihm
2069 4937 65 22 neue
2143 4930 63 29 Ver⸗

1189 4963 190 35 drießlichteiten
1395 4965 108 30 bereiten
1521 4968 91 30 werde.
1717 4970 15 30 1

1275 5008 70 35 lEin
1363 5009 170 36 ruſſiſcher
1550 5012 265 39 Unterfähnrich]
1845 5010 71 38 Man
1943 5018 91 34 meldet
2059 5020 54 27 aus
2129 5018 77 30 War⸗

1189 5051 80 35 ſchau:
1300 5053 50 29 Ein
1366 5054 164 36 Tagesbefehl
1547 5063 35 24 an
1600 5058 50 28 das
1667 5058 106 30 Militaͤr
1791 5060 76 34 macht
1885 5061 116 34 bekannt,
2020 5062 54 35 daß
2092 5062 41 29 der
2150 5063 55 30 Un⸗

1189 5096 147 39 —
1351 5096 137 44 ——
1581 5100 28 51 ⏑
1691 5102 150 45 —
1858 5105 189 48 2
2059 5112 64 40 1
2153 5115 51 40 —

2052 3998 28 28 in
2097 3999 40 38 29
2152 3998 69 30 Ta⸗

1999 345 143 51 Eruhis
2154 350 70 39 mit]

2226 5187 4 15 l

2431 139 54 31 .
2612 143 224 26 .Greßyprott
2868 114 68 54 des
2954 137 80 33 ole
3063 137 10 28 l
3178 137 105 35 )Herr

2236 167 94 45 Franz
2337 138 74 64 J
2421 167 42 44 er
2481 137 80 65 —
2555 136 397 71 n
2965 167 74 45 Bole
3125 144 80 57 —
3223 173 57 29 —

2248 208 105 35 —
2373 208 232 36 —
2555 199 29 55 ⏑
2631 209 42 29 —⏑
2704 208 17 35 ⏑
2780 206 146 37 —
2945 208 140 42 —
3100 203 132 47 ——
3197 199 38 55 —

2248 244 83 29 Siadt
2350 244 138 32 Newcaſtle
2506 245 54 28 und
2577 245 41 29 der
2635 243 150 36 Aufnahme
2803 244 71 28 eines
2893 244 111 29 anderen
3017 243 107 30 Artikels
3143 248 30 24 in
3186 244 49 30 Rr

2248 281 54 27 und
2320 280 81 32 4ua.
2416 279 38 35 3.
2530 286 3 33 .
2548 280 201 35 Landesgerichte
2779 280 29 28 in
2827 279 72 35 Brag.
2931 279 151 33 bekanntlich
3111 287 85 28 wegen
3216 280 65 30 Ber⸗

2233 307 136 48 btechene
2373 307 60 48 der
2480 347 2 2 KMoats
2534 316 224 35 Beleldigung
2777 315 61 35 nach
2858 315 71 35 g63
2949 315 45 29 St.
3016 316 34 29 G.
3068 315 33 30 B.
3121 315 56 29 und
3194 323 87 28 wegen

2277 354 139 34 erbrehens
2423 347 59 45 der
2490 351 125 35 Störung
2634 352 43 28 der
2695 351 155 35 oͤfentlichen
2860 351 74 35 Ruhe
2953 351 60 34 nach
3031 352 25 34 S.
3065 353 59 27 65
3105 347 23 45 4
3135 351 47 29 St.
3196 352 34 29 G.
3244 352 61 30 B.

2248 386 39 37 ju
2305 383 239 37 fuͤrftonatlechem
2562 387 116 42 ſchweren
2687 387 97 33 Kerker,
2803 387 133 34 verſcharft
2957 387 65 34 mit
3031 387 88 35 Zaften
3137 394 45 21 am
3198 386 83 42 erſten

2249 422 58 33 und
2324 423 98 31 dritten
2435 421 117 37 Freitage
2570 426 68 25 eines
2658 423 69 34 jeden
2746 423 215 35 Strafmonats⸗,
2979 422 71 29 dann
3067 430 56 28 zum
3136 423 96 29 Cautio

2211 448 101 80 ——
2360 455 52 31 von
2412 450 64 48 coc
2493 450 45 48 fl.
2567 458 74 34 ſowie
2668 458 60 35 auch
2746 466 60 26 zum
2822 458 174 33 Koſtenerſabe
3015 458 157 35 verürtheilt.
3209 459 42 28 Au

2306 495 28 27 de
2347 493 37 29 die
2397 492 256 38 Weierverbreitung
2666 495 43 28 der
2718 493 195 43 Mrtninirten
2926 493 143 31 Nummern.
3088 494 146 30 verboten.

2249 528 78 37 Jhe
2356 530 40 27 der
2415 529 79 35 lowol
2514 536 49 21 von
2582 530 81 33 Hertn
2682 528 121 34 Winttet.
2834 530 44 29 als
2905 530 60 34 auch
2992 537 53 21 ven
3072 529 40 28 der
3132 525 148 47 Staatsa

2355 559 34 43 ft
2493 574 28 23 ei
2536 565 183 34 eingebrachten
2731 566 140 34 Berufung
2890 566 44 35 hat
2953 566 47 29 das
3010 565 271 35 Ober⸗Landesgericht

2249 600 49 29 das
2317 600 190 35 erſtrichterliche
2526 600 151 35 Ertenntnit
2697 601 149 36 higſictlich
2864 602 42 28 der
2925 601 175 38 Schuldfrage,
3109 596 56 48 des
3171 602 109 38 Koſteſ⸗

2248 636 101 34 erſates
2379 636 54 28 und
2464 637 45 27 des
2539 636 122 29 Verbotes
2692 638 28 27 der
2789 635 227 38 Weiterverbreituͤng
3045 637 53 39 det
3109 636 122 30 etteffen

2248 671 146 29 Nummern
2412 673 45 27 des
2476 671 162 30 Boleslavan
2657 672 125 35 beſtätigt,
2812 672 147 36 hinſichtlich
2983 673 42 29 der
3045 670 157 35 Strafdauer
3220 672 62 29 aber

2248 707 162 34 abgeaͤndert,
2441 707 85 28 indem
2553 709 28 26 es
2700 708 115 29 Winkler
2837 716 59 27 zum
2914 709 119 35 ſchweren
3052 708 86 30 Kerker
3155 714 53 22 von
3226 715 17 21 a

2249 742 140 33 Monaten,
2407 743 134 34 verſchaͤrft
2559 743 71 34 durch
2648 743 144 35 Einzelhaft
2811 745 28 27 in
2863 745 42 28 der
2923 744 78 37 erſten
3020 745 51 29 und
3090 744 133 35 letzten
3266 751 14 22 Woche

2248 778 42 28 der
2300 778 132 35 Strafzeit,
2452 779 53 28 und
2523 786 29 27 zu
2569 778 79 28 einem
2667 779 239 34 Cautionsverfalle
2925 783 52 26 von
2995 781 54 29 500
3061 780 26 34 ſ.
3106 779 174 36 vernitheilte.

2249 814 90 34 Dieſes
2359 814 155 34 Erkenntniß
2544 814 43 35 hat
2614 814 40 28 der
2682 814 91 34 oberſte.
2802 815 161 36 Gerichtshof
2992 816 50 29 mit
3060 815 152 65 —
3233 815 49 42 der

2249 848 136 36 Strafzeit,
2403 850 86 35 welche
2508 849 89 30 wieder
2614 849 46 35 auf
2678 849 60 34 fuͤnf
2749 849 114 30 Monate
2881 851 141 36 reſtringirt
3042 851 91 34 wurde,
3170 851 110 34 beſtaͤtigt.

2248 884 41 70 *
2310 886 48 27 den
2378 886 127 29 Gruͤnden
2530 894 30 28 zu
2587 885 87 34 Dieſem
2692 885 117 35 Urtheile
2836 886 45 34 ſoll
2902 888 125 34 uͤbrigens
3045 888 40 28 ein,
3103 886 177 41 intereſſanter

2275 920 72 35 aſſus
2366 922 168 28 vorkommen.
2571 921 38 30 Es
2632 921 45 34 ſoll
2704 921 111 32 nämlich
2842 922 39 27 die
2909 923 87 35 höchſte
3016 922 209 36 Gerichtsinſtanz
3252 929 30 21 in

2249 956 89 32 dieſem
2348 956 71 35 Jalle
2431 957 39 28 die
2481 957 180 35 Verſchaͤrfung
2680 957 42 28 der
2740 956 203 36 Freiheitsſtrafe
2962 959 71 34 durch
3055 957 141 36 Einzelhaft
3223 958 59 41 (an⸗

2248 991 60 33 ſtatt
2327 992 74 35 duͤrch
2418 992 103 36 Faſten)
2548 994 27 27 in,
2605 993 46 29 den
2681 992 237 42 hinausgegebenen
2938 995 126 30 Grunden
3081 993 106 35 dadurch
3205 995 78 27 moti⸗

2248 1026 51 29 dict
2319 1027 91 35 haben,
2441 1028 50 34 daß.
2510 1029 38 28 die
2566 1028 159 36 Sinzelnhaft
2748 1028 40 29 bei
2806 1027 144 37 folitiſchen
2968 1029 164 37 Verbrecheru
3149 1028 134 43 angemeſ⸗

2247 1062 69 35 ſener
2334 1063 42 35 ſei,
2395 1063 44 30 als
2458 1064 48 28 das
2524 1063 96 37 Faſten
3193 1093 90 20 5

2336 1133 140 36 ITelegr.
2507 1134 23 29 b.
2556 1134 49 35 „N.
2624 1134 49 36 Fr.
2690 1134 90 36 Br.4]
2816 1134 100 36 Prag,
2946 1135 28 28 8.
2998 1133 116 37 Januar.
3151 1134 57 40 Jn
3224 1128 58 37 deü

2247 1184 79 29 gegen
2356 1177 39 29 die
2415 1178 156 29 Rarodni
2599 1178 83 37 Liſty
2712 1179 166 36 abgefuͤhrten
2897 1175 173 40 Preßproceſſe
3098 1178 88 31 wurde
3212 1177 71 37 Herr

2248 1221 114 36 Gregr
2392 1230 30 27 zu
2443 1223 52 29 100
2512 1221 36 37 fl.
2566 1222 95 36 Strafe
2690 1224 55 29 und
2773 1224 36 30 60
2828 1224 27 35 fl.
2874 1221 236 45 Cautionsverluſt,
3141 1223 66 45 —
3225 1222 58 48 —

2248 1264 104 32 linta
2368 1274 31 28 zu
2419 1267 18 28 s
2455 1267 89 36 Tagen
2560 1267 117 39 ſtrengen
2687 1268 96 36 Arreft,
2804 1256 66 58 Hert
2886 1268 88 31 Raut
2995 1276 31 34 zu
3046 1267 33 31 11
3090 1267 96 45 —

2248 1319 47 28 gen
2317 1311 88 34 Arteſt
2423 1312 157 36 verurtheilt.
2951 1308 332 18 m.

2259 1382 209 35 Auſſig.
2487 1384 25 27 5.
2530 1382 116 36 Jauuar.
2678 1384 110 35 Cobel
2812 1385 66 28 und
2896 1384 105 36 Molf)
3037 1385 52 30 Der
3115 1380 168 40 Betrugsfc

2251 1418 93 34 „Loͤbel
2362 1419 53 27 und
2435 1389 79 64 ——
2560 1418 99 35 welcher
2688 1420 27 34 ſo,
2734 1420 52 29 viel
2804 1420 149 32 Senſation
2968 1423 100 34 erregte,
3097 1420 31 33 ift
3146 1427 58 34 gun
3222 1419 61 42 deſ⸗

2248 1454 70 28 nitiv
2337 1454 156 35 entſchieden.
2528 1454 162 34 Belanntlich
2717 1455 45 35 hat
2791 1456 49 28 das
2868 1456 17 27 1.
2907 1456 19 28 .
2954 1456 164 36 Kreisgericht
3148 1455 136 38 Leitmeritz

2248 1490 47 27 den
2316 1489 110 33 Vincenz
2445 1489 76 30 Löbel
2540 1490 183 34 losgeſprochen
2743 1490 53 30 und
2808 1491 124 35 ſchuldlos
2945 1492 104 29 erkannt
3066 1492 52 28 und
3141 1491 142 65 u3

2248 1524 75 32 Bolf
2342 1524 77 36 theils
2438 1525 61 35 los⸗,
2518 1525 76 35 theil?
2613 1526 199 35 freigeſptochen.
2836 1526 87 35 Gegen,
2942 1526 79 36 dieſes
3040 1526 154 41 Erkenntniß
3213 1526 55 35 hatt

2250 1560 38 29 die
2306 1560 19 29 l.
2345 1561 20 27 E.
2384 1555 188 46 Staatsanwalt
2575 1555 83 46 ſchaft
2676 1562 28 28 in
2716 1562 138 33 Leitmeritz
2872 1561 40 30 die
2924 1562 137 35 Beruͤfung
3073 1561 126 36 ergriffen.
3220 1559 66 32 Das

2294 1596 19 28 t.
2332 1595 270 37 Ober⸗Landesgericht
2630 1598 28 28 in
2685 1598 72 35 Prag
2786 1598 44 36 hat
2861 1605 57 21 nun
2948 1598 77 34 dieſer
3050 1598 120 33 Berüfung
3216 1597 67 36 nicht

2251 1632 167 35 ſtatigegeben
2449 1632 54 29 und
2532 1633 49 29 das
2608 1632 60 34 erſte
2684 1633 158 35 Erkenntniß
2868 1633 95 35 ſeinem
2990 1634 86 29 vollen
3091 1633 112 36 Jnhalte
3219 1633 66 36 aach

2215 1655 82 57 ——
3256 1685 26 20 —

3081 1724 50 25 —
3137 1727 78 20 —
3229 1724 54 22 5

2467 1771 85 21 15.
2638 1740 231 52 Amtliches.
3128 1788 2 2 —
3253 1763 35 27 u

2331 1809 98 18 u
2918 1799 142 33 Wien,
3079 1799 26 28 S.
3125 1798 156 36 Januar.

2341 1842 48 29 Se.
2408 1843 124 34 Majeſtat
2551 1843 42 28 der
2610 1843 87 32 Karſer
2716 1843 45 34 hat
2781 1838 66 51 dem.
2855 1838 119 51 Ditector
2988 1843 46 42 der
3052 1842 66 37 priv.
3137 1843 148 39 oſterreichi⸗

2249 1877 68 35 ſchen
2329 1878 201 35 Nationalbant,
2540 1878 95 36 Joieyh
2653 1879 94 30 Naria
2765 1879 122 31 Miller
2906 1887 31 26 zu
2954 1878 157 35 Aichholz,
3130 1879 47 28 den
3196 1879 89 41 Orden

2249 1913 42 28 der
2310 1913 112 35 eiſernen
2441 1915 86 28 Krone
2557 1914 84 29 dritter
2660 1914 94 35 Claſſe;
2788 1915 54 29 dem
2872 1915 141 35 geweſenen
3032 1915 117 28 Secretär
3168 1915 115 33 weilang

2250 1948 49 29 St.
2358 1949 93 35 Soheit
2470 1950 148 35 Erzherzogs
2635 1949 107 36 Ludwig
2752 1951 107 35 Joſeph,
2869 1944 175 52 Hofſecretãt
3047 1950 102 29 Eduard
3167 1950 95 38 Habe

2248 1984 180 35 Malinski,
2449 1986 48 28 das
2517 1985 148 35 Ritterkreuz
2692 1986 45 28 des
2767 1986 121 34 kaiferlich
2916 1985 197 35 öſterreichiſchen
3131 1985 139 36 Franz⸗Jd

2249 2018 188 37 ſeph⸗Ordens;
2465 2022 55 27 dem
2539 2021 95 29 Gurler
2661 2021 226 35 fuͤrftbiſchöflichen
2908 2022 198 35 Domcapitular
3130 2022 54 40 und
3205 2022 79 41 Con⸗

2249 2055 179 35 ſiſtorialrathe
2439 2056 115 34 Heinrich
2570 2057 208 35 Herrmann
2751 2051 31 45 /
2797 2058 30 27 in
2845 2057 189 35 Anerkennung
3052 2057 79 32 ſeines
3150 2057 121 34 vieljaͤhri

2249 2098 47 27 ſen,
2328 2091 199 34 derdienftlichen
2546 2091 114 30 Witkens
2679 2093 43 34 fuͤr
2741 2093 39 28 die
2799 2093 84 32 Kirche
2904 2093 54 29 und
2977 2093 46 29 den
3043 2092 89 35 Staat,
3151 2093 55 41 und
3224 2093 28 28 de

2250 2120 127 41 Btofeffor
2395 2127 43 28 der
2456 2127 164 30 Onamentt
2638 2135 36 21 an
2675 2116 60 51 der
2743 2128 83 29 Arade
2828 2128 47 29 mie
2895 2129 43 28 der
2956 2128 99 34 ſoznen
3073 2128 93 33 Ranſte
3184 2135 29 21 n
3232 2128 54 30 Be-

2249 2162 83 36 nedig,
2344 2163 126 29 Ludodico
2488 2163 152 34 Cadori,
2660 2164 47 28 das
2725 2164 154 34 Ritterkreuz
2890 2165 45 27 des
2962 2163 319 42 Franz⸗Joſeph⸗Ordens

2249 2197 56 29 dem
2332 2198 118 35 Caplane
2476 2199 53 29 und
2556 2199 123 34 deutſchen
2705 2199 206 34 Ordensprieſter
2921 2199 122 30 Dominit
3061 2199 171 36 Freiberg,
3253 2202 30 26 ii

2250 2233 187 36 Anerkennung
2464 2234 79 35 ſeiner
2572 2235 197 35 verdienſtlichen
2800 2235 148 35 Leiſtungen
2978 2235 29 28 in
3038 2236 41 28 der
3107 2235 89 36 Pflege
3228 2242 57 31 von

2250 2268 187 30 Verwundeten
2485 2270 117 34 wahrend
2650 2271 45 28 des
2743 2271 168 42 letztiährigen,
2950 2271 162 41 Feldzuges,
3142 2270 54 29 und

2252 2304 66 65 —
2325 2312 48 27 —
2429 2305 229 34 Obercommiſſär
2693 2306 91 29 Anton
2802 2301 96 44 Dein
2898 2301 170 44 hardſtein
3104 2314 30 21 in
3166 2306 119 29 Kornen⸗

2270 2347 59 28 urg,
2348 2341 28 28 in
2394 2341 187 35 Anerkennung
2600 2341 76 33 ſeiner
2693 2342 170 35 vieljährigen
2881 2342 213 35 ausgezeichneten
3118 2341 54 29 und
3190 2342 53 31 erfo

2253 2375 95 35 teichen
2366 2376 204 34 Dienſtleiſtung/
2590 2377 38 29 bei
2654 2377 79 34 deſſen
2750 2378 152 29 Uebertritte
2920 2378 29 28 iñ
2967 2378 48 28 den
3034 2377 147 41 bleibenden
3196 2377 87 33 Ruhe⸗

2254 2411 72 33 ſtand
2344 2411 49 29 das
2412 2412 106 34 goldene
2536 2412 194 35 Verdienſtkreuz
2748 2413 49 28 mit
2815 2414 42 28 der
2867 2414 98 33 Krone;
2984 2413 47 29 den
3049 2413 234 35 Linienſchiffs⸗Ea⸗

2251 2446 78 35 pitän
2359 2446 78 30 Alois
2467 2447 150 36 Pokorny
2644 2456 58 27 zum
2729 2449 195 34 proviſoriſchen
2944 2448 127 34 Vorſtand
3097 2448 42 29 der
3164 2448 120 31 Central⸗

2251 2481 94 35 tanzlei/
2364 2482 28 28 in
2410 2483 44 28 der
2473 2483 240 36 Kriegsabthellung
2731 2485 45 27 des
2795 2484 294 34 Marineminiſteriums
3116 2484 55 28 und
3188 2484 47 41 den
3253 2485 30 36 in

2251 2517 42 28 der,
2325 2518 77 33 erſten
2433 2518 157 36 Abtheilang,
2620 2520 163 34 proviſoriſch
2818 2520 172 29 verwendeten
3020 2520 135 35 Fregatten
3167 2521 118 40 Capitan

2253 2552 100 35 Guſtav
2372 2554 86 29 Ritter
2475 2562 25 20 v.
2521 2555 137 29 Gröller
2676 2555 118 34 definitiv
2804 2563 58 27 zum
2875 2556 129 32 Vorſtand
3022 2556 72 33 dieſet
3113 2555 171 36 Abtheilung;

2252 2588 152 35 desbleichen
2436 2590 28 28 in
2494 2590 41 28 der
2553 2590 242 37 Kriegsabtheilung'
2826 2591 45 28 des
2902 2591 293 35 Marineminiſteriums
3224 2598 60 30 zum̃

2254 2623 128 31 Vorſtand
2400 2625 43 28 der
2461 2625 101 35 zweiten
2581 2626 154 36 Abtheilung
2755 2627 47 28 den
2821 2626 144 36 bisherigen
2985 2626 222 36 Juſtizteferenten
3219 2626 66 30 Ma⸗

2252 2659 164 34 jor⸗Auditor
2434 2661 101 34 Auguſt
2552 2661 83 28 Ritter
2653 2669 24 21 v.
2696 2662 157 35 Allram,
2883 2669 58 27 zum
2960 2662 128 33 Voͤrſtand
3118 2662 43 29 der
3185 2662 100 29 vierten

2252 2694 158 36 Abtheilung
2421 2696 55 37 den
2495 2696 344 37 Schiffban⸗Oberingenieur
2858 2697 80 35 zn
2975 2698 140 29 Romato
3145 2698 55 28 und
3225 2705 60 26 zum

2252 2729 130 33 Borſtand,
2401 2731 42 28 der
2461 2739 51 21 geu
2536 2732 206 35 aufzuſtellenden
2769 2733 124 33 ſiebenten
2913 2733 157 35 Abtheilung
3088 2733 48 28 den
3154 2733 132 41 Oberſten⸗

2254 2764 183 38 Marine⸗Arzt
2455 2767 50 29 Dr.
2524 2767 99 34 Auguſt
2638 2769 21 35 J
2670 2768 74 36 ile
2716 2760 39 50 t,
2762 2769 77 32 ſowie
2854 2760 59 50 den
2914 2769 151 28 Canonicus
3083 2769 44 28 des
3146 2765 138 41 Collegiat;

2251 2801 119 35 Capitels
2395 2809 30 27 zů
2444 2802 98 35 Cherſo,
2563 2803 90 35 Loren;
2671 2804 133 35 Betris,
2834 2811 57 27 zum
2910 2805 151 27 Canonicus
3085 2806 142 33 Arcipreté
3245 2803 41 38 eti

2251 2839 86 26 naunt,
2356 2838 52 28 und
2428 2839 121 34 geſtattet,
2567 2838 50 35 daß
2635 2839 42 29 der
2689 2840 25 28 1.
2773 2839 119 35 wirkliche
2910 2840 111 35 gebeime
3038 2840 78 35 Rath,
3135 2839 148 42 frammerer

2251 2872 54 29 und,
2323 2873 127 32 Geſandie
2467 2874 102 36 Adolph
2590 2874 111 35 Freiherr
2720 2883 27 22 v.
2767 2876 153 28 Brenner
2938 2876 47 28 den
2997 2876 115 35 koͤniglich
3125 2875 159 38 preußiſchen

2251 2908 102 34 Kothen
2371 2904 80 51 Adler
2455 2909 94 30 Orden
2578 2910 70 33 erſter
2667 2910 92 34 Claſſe,
2790 2911 42 28 der
2863 2911 57 28 ..
2950 2912 195 35 Legationsrath
3170 2911 67 29 Larl
3256 2918 27 33 ⸗

2251 2943 111 35 Fäger,
2380 2944 48 28 das
2448 2945 150 34 Ritterkreuz
2616 2946 43 28 des
2677 2945 120 37 koͤniglich
2815 2946 228 35 niederlandiſchen
3068 2947 217 36 Löwen⸗Ordens

2251 2978 42 28 der
2311 2979 160 34 Hofſeeretaͤr
2497 2981 55 28 und
2569 2981 118 29 Sirector
2713 2981 44 28 det
2785 2981 145 36 politiſchen
2962 2982 148 35 Expedition
3140 2983 38 27 im
3196 2980 87 32 Mini⸗

2251 3014 102 33 ſterium
2371 3015 45 28 des
2435 3015 127 35 Aeußern,
2580 3016 82 36 Franz
2680 3016 168 36 Reilteich,
2868 3018 47 28 den
2925 3018 118 34 königlich
3052 3018 155 34 preußiſchen
3218 3018 66 29 Kro⸗

2251 3049 147 41 nen⸗Orden
2408 3050 89 29 dritter
2506 3052 81 33 Claſſe
2605 3052 52 29 und
2668 3052 38 29 die
2718 3052 288 36 Miniſtetial⸗Officiale
3019 3054 111 35 Heinrich
3139 3053 147 37 hußian

2251 3085 91 29 Victor
2359 3086 125 35 öerzog
2512 3088 51 28 und
2588 3088 68 35 Felix
2674 3089 157 34 Grognet
2858 3088 174 30 dOrleans
3049 3089 129 35 denſeiben
3188 3089 95 30 Orden

2250 3121 93 28 vierter
2361 3121 82 35 Claſſe
2462 3123 140 35 annehmen
2620 3123 52 29 und
2689 3125 94 34 tragen
2802 3124 100 35 dürfen.
3221 3135 59 26 —

2278 3165 120 41 Das
2418 3166 266 36 Staatsminiſterium
2703 3167 45 37 hat
2773 3168 55 28 dem
2846 3168 329 36 Minifterial⸗Concipiſten
3192 3166 94 69 J

2249 3201 86 28 Ritter
2356 3209 33 21 v.
2419 3202 222 36 Madurowicz
2672 3204 55 28 eine
2752 3203 117 36 erledigte
2888 3204 362 37 Statthalterei⸗Secretärsſte

2249 3236 29 28 in
2296 3236 118 36 Lemberg
2433 3239 135 34 verliehen.

2293 1764 60 10 ...

2268 1774 40 17 .

3167 3280 10 4 D

2248 3332 137 33 demſelben
2402 3334 108 35 ſchuldig
2523 3334 120 35 befunden
2662 3336 55 34 iſt:
2728 3337 25 28 1.
2772 3336 168 36 zweimaliger
2950 3335 180 31 Brutalitaͤten
3148 3337 30 29 in
3196 3337 87 31 einem

2248 3376 94 36 Kruge,
2373 3386 40 21 wo
2431 3386 27 21 er
2477 3379 76 30 Leute
2568 3380 154 35 mißhandelt
2742 3381 84 34 hatte,
2857 3381 24 28 2.
2914 3381 123 35 während
3054 3381 76 35 ſeiner
3149 3382 65 35 Haft
3232 3383 52 36 auf

2248 3421 42 30 der
2308 3421 90 37 Wache
2414 3424 83 29 einem
2516 3424 127 29 Soldaten
2673 3426 49 28 mit
2752 3425 58 30 dem
2828 3425 100 30 folben
2957 3425 73 29 einen
3049 3426 95 35 Schlag
3156 3431 51 26 an
3233 3428 50 29 den

2248 3465 70 36 Kopf
2336 3467 95 34 verſetzt
2460 3469 55 29 und
2531 3468 53 36 ihm
2603 3469 45 29 den
2667 3469 109 36 Schädel
2794 3471 131 34 geſpalten
2944 3477 30 28 zu
2992 3470 90 36 haben,
3113 3471 104 35 worauf
3234 3473 48 29 der

2250 3510 97 38 Soldat
2378 3511 75 36 ſtarb,
2483 3513 53 29 und
2566 3514 24 28 3.
2620 3514 42 30 der
2680 3514 179 36 Trunkenheit.
2879 3514 133 33 Podernia
3041 3515 85 29 wurde
3145 3523 40 28 zu
3195 3517 90 35 zwölß⸗

2248 3554 114 37 jähriger
2380 3557 112 34 ſchwerer
2510 3558 205 37 Feftungsarbeit
2734 3559 160 37 verurtheilt.
3223 3565 58 33 J

2338 3601 327 39 lDampferzeugung
2683 3604 144 33 mittelſt
2845 3597 163 48 Petroleu
3015 3605 66 35 ms.]
3099 3604 52 30 Die
3163 3606 120 35 englijche

2248 3644 171 34 Admiralitaͤt
2437 3646 45 35 hat
2500 3647 54 29 eine
2570 3655 63 22 neue
2652 3648 121 36 Methode
2800 3648 43 29 der
2869 3648 240 37 Dampferzeugung
3127 3650 156 34 vermittelſt

2248 3688 164 35 Petroleums
2431 3691 59 33 ſtatt
2508 3691 42 29 der
2566 3692 96 35 Kohlen
2681 3693 53 28 und
2747 3693 95 30 Coals
2848 3701 45 27 zur
2908 3692 131 36 Kenntniß
3057 3701 148 27 genommen
3223 3694 58 30 und

2248 3733 46 35 den
2314 3734 126 35 Erfinder,
2471 3735 47 29 den
2548 3735 141 37 Jngenieur
2708 3737 164 36 Richardjon,
2888 3729 56 48 auf
2944 3738 139 35 gefordert,
3104 3738 69 34 ſeine
3190 3738 93 35 Blaͤnd

2246 3785 47 27 zur
2305 3778 177 37 Anfertigung
2499 3780 69 29 eines
2579 3781 211 36 ſchmiedeiſernen
2808 3782 93 34 Roſtes
2920 3782 159 34 vorzulegen,
3097 3781 48 35 auf
3165 3783 115 34 welchem

2247 3823 50 32 das
2316 3823 162 35 Experiment
2496 3825 28 28 in
2542 3825 126 36 groͤßerem
2686 3827 131 35 Umfange
2827 3834 48 21 vor
2887 3827 48 27 den
2946 3826 336 36 Admiralitaͤts⸗Behörden

2247 3868 31 28 in
2296 3867 137 36 Woolwich
2452 3876 191 28 vorgenommen
2671 3871 101 29 werden
2792 3872 55 34 ſoll.
2881 3871 67 35 Herr
2966 3870 152 36 Richardſon
3147 3872 135 36 verſichert

2248 3912 51 35 daß
2317 3913 186 35 Feuersgefahr
2521 3914 47 28 mit
2586 3915 40 29 der
2641 3915 217 36 Aufbewahrung
2875 3915 45 28 des
2940 3914 78 31 Oeles
3036 3916 45 34 auf
3098 3915 49 29 den
3164 3916 117 36 Schifen

2247 3956 65 35 nicht
2335 3957 146 29 verbunden
2498 3957 42 36 ſei,
2569 3958 33 29 da
2629 3960 54 29 eine
2713 3959 133 35 vorherige
2881 3959 134 36 Erhitung
3032 3960 45 34 auf
3106 3952 64 49 80-
3169 3952 59 49 900
3245 3961 34 36 5.

2248 4001 92 35 nöthig
2360 4001 42 35 ſei,
2433 4009 46 21 um
2510 4001 47 29 das
2587 4003 146 35 Petroleum
2752 4003 174 36 anzuzünden.
2945 4003 86 30 Wenn
3048 4003 68 36 ſelbſt
3134 4004 56 29 eine
3207 4006 74 35 roth⸗

2248 4045 123 36 gluͤhende
2399 4046 196 36 Kanonenkugel
2623 4048 27 30 in
2682 4049 49 29 das
2757 4041 83 48 Petro
2847 4041 214 48 leum⸗Reſervoir
3089 4048 144 36 einſchlage,
3250 4049 32 36 in

2249 4090 80 29 werde
2348 4091 32 33 ſie
2398 4098 52 20 nur
2468 4091 53 28 eine
2540 4091 193 38 Verdampfung
2764 4094 45 28 des
2843 4092 79 31 Oeles
2950 4100 43 27 zut
3011 4092 77 36 Folge
3115 4093 90 37 haben,
3224 4095 56 31 und

2248 4142 52 20 nur
2318 4134 71 29 dann
2407 4135 33 34 ſei
2459 4136 98 35 Gefahr
2572 4138 156 35 vorhanden,
2748 4145 78 21 wenn
2845 4138 42 28 der
2899 4137 87 35 Rauch
3004 4137 72 35 durch
3092 4137 56 29 eine
3159 4138 121 37 Flamme

2248 4179 101 35 geleitet
2369 4180 89 29 werde.
2489 4180 86 30 Sollte
2599 4182 41 29 der
2656 4182 195 30 Coumandeur
2876 4181 72 29 eines
2966 4181 185 37 Kriegsſchiffes
3169 4184 110 36 dennoch

2249 4223 131 31 Bedenken
2398 4224 90 36 haben,
2515 4225 24 35 ſo
2566 4228 72 35 moͤge
2665 4235 26 20 er
2716 4233 47 22 vor
2785 4226 56 28 dem
2859 4225 130 35 Gebrauch
3007 4226 48 29 den
3071 4227 209 37 Petroleumgein

2248 4271 53 28 aus
2320 4268 57 29 dem
2395 4268 63 30 Oele
2476 4271 132 35 ausziehen
2626 4271 87 34 laſſen,
2731 4270 72 29 dann
2824 4270 105 29 würden
2947 4270 127 35 Hunderte
3095 4279 53 22 von
3166 4272 113 31 Tonnen

2248 4311 76 35 diefer
2342 4312 143 36 Fluͤßigkeit
2503 4315 63 30 keine
2584 4315 100 34 groͤßere
2702 4314 100 36 Gefahr
2820 4314 44 35 fuͤr
2874 4315 51 28 das
2937 4314 82 37 Schiff
3027 4307 97 50 haben,
3131 4307 46 50 als
3190 4317 92 36 ebenſa

2248 4356 65 30 viele
2329 4356 111 30 Tonnen
2459 4356 94 32 Butter
2570 4359 58 28 oder
2645 4359 86 35 Speck.

2341 4401 93 35 WVom
2454 4401 166 36 Thegter]
2642 4403 50 35 Jm
2710 4403 227 36 Hofoperntheater
2954 4405 64 36 ſang
3059 4406 77 32 geſtern
3154 4405 128 35 Fraulein

2247 4443 26 22 v.
2291 4434 100 33 Nuͤrs
2401 4438 32 28 ka
2453 4438 38 29 die
2509 4438 111 33 Martha
2638 4438 42 29 dis
2699 4438 179 36 Antriitsrolie
2896 4441 48 29 mit
2952 4415 107 61 Jhad
3070 4441 59 28 —
3141 4442 139 39 —

2249 4471 89 29 leerem
2358 4472 91 36 Hauſe,
2488 4473 63 35 Herr
2569 4473 49 35 Th.
2637 4474 136 35 Wachtel
2803 4474 51 36 hat,
2884 4477 48 28 wie
2959 4478 105 34 derjebe
3093 4479 54 25 uns
3156 4473 114 46 anzeigt

2248 4507 74 34 heute
2341 4509 37 27 die
2398 4509 132 33 verlangte
2558 4508 152 38 Entlaſtung!
2734 4518 60 21 vom
2807 4503 152 49 Oberſtlaͤm
2967 4520 81 21 merer
3073 4511 83 34 herrn
3173 4511 108 36 Furſun

2248 4543 151 35 Auersperg
2418 4545 50 27 mit
2487 4545 55 27 dem
2559 4544 133 30 Bemerten
2713 4546 121 36 erhalten,
2852 4549 59 34 noch
2930 4549 42 28 bis
2991 4547 70 29 Ende
3073 4547 75 34 Maͤrz
3161 4546 36 30 im
3217 4549 63 30 Ver⸗

2248 4578 81 29 bande
2347 4579 46 28 des
2421 4579 243 35 Hofoperntbeaters
2692 4589 29 27 zu
2750 4582 106 31 bleiben.
2875 4600 33 5 —
2929 4584 63 35 Serr
3019 4582 156 34 Dawiſoͤn
3193 4584 88 36 ſpleln

2248 4614 93 35 geſtern
2358 4614 49 38 den
2426 4614 108 35 Shylock
2551 4615 39 28 im
2606 4616 108 35 Theater
2731 4626 36 21 an
2796 4620 41 29 der
2868 4620 78 29 Wien
2977 4619 48 27 mit
3055 4618 101 35 großem
3162 4616 120 46 Erfols:

2248 4651 51 26 das
2327 4650 167 34 dichtgefuͤllte
2521 4651 78 41 Haus
2629 4659 55 22 war
2713 4655 191 35 nnerſchoͤpflich
2932 4661 35 21 an
2981 4646 125 50 Beifalle
3110 4671 191 3 bezeigungen

2249 4684 53 41 fuͤr
2312 4685 47 28 den
2379 4684 72 35 Gaft,
2470 4685 41 28 der
2528 4693 29 21 in
2575 4686 73 35 dieſer
2666 4689 72 30 Rolle
2757 4690 84 34 felnen
2860 4680 100 49 Sarkas
2967 4692 60 25 mus
3054 4690 49 28 und
3130 4690 64 33 ſein
3212 4692 68 29 Bia⸗

2249 4720 68 28 lettit
2334 4720 116 41 uberqus
2468 4721 115 33 wirkjam
2600 4724 95 35 gellend
2713 4728 99 32 machte
2824 4725 108 28 An
2960 4725 46 27 den
3031 4725 145 34 Tenoriſten
3194 4728 85 34 Seren

2249 4755 127 34 Steger
2393 4755 30 33 iſt
2435 4757 53 40 auf
2506 4757 207 38 telegraphiſchen
2741 4763 86 33 Wege
2848 4760 39 28 die
2917 4760 150 36 Einladung
3094 4763 61 32 nach
3174 4762 105 35 Vacma

2266 4798 124 34 egangen,
2407 4792 92 29 wieder
2516 4800 35 22 an
2568 4794 48 30 das
2642 4797 103 29 Wiener
2768 4795 226 37 Hofoperntheater
3017 4798 205 35 zurüdzulebren.
3250 4788 17 49 —

2267 4833 54 33 tau.
2341 4825 129 44 Clitlag
2485 4830 111 29 verweilt
2614 4834 57 34 noc
2690 4833 29 28 in
2737 4832 89 33 Wen,
2843 4830 56 29 und
2917 4833 28 26 es
2964 4831 88 36 ſcheünt
3068 4841 56 20 min
3143 4833 65 34 doch
3226 4813 54 86 7

2249 4861 103 33 dieſelbe
2370 4861 52 35 hier
2440 4871 36 21 im
2494 4865 226 38 Hofoperntheater
2747 4866 128 31 auftreten
2893 4866 102 29 wird.
2998 4884 21 4 —
3039 4869 67 35 Zum
3124 4868 106 34 Beſren

2251 4896 216 42 Concordias
2488 4901 43 34 foll
2549 4903 28 28 in
2596 4903 105 34 Kucem
2713 4902 40 28 die
2769 4901 235 34 Cameliendame
2992 4892 26 50 -
3025 4912 51 21 n
3101 4904 109 29 Dumas
3221 4905 58 29 nũ

2268 4931 35 66 —
2305 4932 38 29 —
2393 4934 123 32 Wolter
2533 4938 29 29 in
2580 4939 43 28 der
2652 4937 132 30 Titelrolle
2809 4937 57 34 dier
2895 4945 43 27 zur
2969 4940 166 35 Aufführung
3154 4939 123 32 kommen

2254 4970 55 39 Das
2329 4968 158 38 Carltheater
2505 4974 45 34 ſoll
2567 4973 186 40 beabſichtigen,
2772 4972 112 33 dasſelbe
2898 4974 76 30 Stud
2986 4977 48 28 mi
3052 4941 164 99 —
3223 4984 54 23 —

2248 5003 104 30 telive,
2380 5014 30 28 u
2440 5009 86 35 geer
2555 5009 43 29 ein
2627 5008 161 35 erment
2804 5001 120 48 bebenlũ
3006 5012 49 30 Arii
3097 5026 34 4 —
3159 5009 118 37 Thomas

2247 5038 118 33 —
2447 5034 43 51 —
2536 5034 13 51 —⏑
2587 5043 5 36 ⏑
2595 5044 10 28 ⏑
2609 5043 74 29 N
2702 5041 125 40 —
2884 5034 27 51 —⏑
2945 5047 46 29 ⏑
3018 5047 76 34 —
3216 5047 60 34 —

2248 5075 82 41 Scene
2348 5079 85 35 gehen.
2453 5096 138 5 Ficht
2602 5071 84 52 ger's
2706 5079 82 33 letztes
2802 5071 151 52 Aunreten
2958 5071 66 52 ſin
3039 5086 44 26 an
3100 5082 53 29 i.
3164 5081 114 37 Jnudi

2248 5119 38 28 im
2305 5114 96 36 „leſten
2419 5115 108 32 Mittel/
2547 5113 267 36 fiattůnden.
3229 5130 64 18 3.,

2420 5157 50 49 —
2716 5172 76 20 ——
2815 5168 21 3 —
3043 5172 70 22 4
3134 5168 59 29 Gui
3223 5165 51 29 4

2894 5176 68 17 —
