3508 5310
1 4118 9 156 —
0 4182 18 36 —
0 4147 18 22 —
0 4114 18 31 —

318 163 67 32 zem
401 164 81 33 Dua
500 164 24 30 d
524 164 105 32 Orlan.
658 165 50 29 um
732 163 42 30 im
790 162 117 32 Raien,
916 153 75 56 des
991 157 251 37 deutſcci

244 195 139 52 ichafters
472 199 108 41 ragen.
615 197 40 31 26
687 197 46 31 die
765 194 175 43 ſanſſche/
969 193 166 37 Regiergas
1163 196 79 30 keine

271 242 115 23 —
439 236 37 27 —
483 233 29 30 ⏑
598 232 71 30 ——
692 228 270 37 ————
925 224 62 52 ⏑
988 236 59 23 —
1063 228 178 36 —

261 269 65 32 e
358 267 66 33 Der
441 266 196 33 Kabmertger
663 266 154 31 erwidente.
841 263 57 32 das
923 258 66 51 dem
996 258 154 51 deutichen
1165 263 76 32 Bot⸗

394 302 93 33 Sern
513 310 28 21 v.
568 299 118 34 Schoen
718 299 174 41 beſttnmte.
1034 298 50 29 ten
1116 297 124 36 gegeben

250 337 117 41 —
394 334 255 42 ——
516 326 20 56 ⏑
568 326 10 56 :
591 326 71 56 ——
678 334 55 31 —
792 333 77 32 —
876 326 114 56 —
1042 331 117 33 —
1186 332 54 30 —

250 371 192 31 deſamerten
470 368 113 35 Bericht
612 368 129 33 erbalten
769 366 93 34 daben
895 365 106 41 wurde,
1031 365 91 33 defien.
1150 365 91 32 Lber⸗

249 407 131 65 —
397 413 57 22 —
559 403 17 42 —
596 403 193 34 ——
735 395 45 54 ⏑:
807 401 41 31 —
888 414 20 8 ⏑
933 399 148 34 —
1105 399 135 32 ——
1212 395 9 54 ⏑

325 439 122 34 Ecnoen
468 438 120 32 Blater
614 438 47 30 die
678 435 141 35 Angaben
842 434 50 30 der
917 433 146 34 deatichen
1081 433 158 33 Reiſenden

423 473 70 31 edben
511 472 107 32 Tiart
637 471 114 31 Serdben
768 470 34 32 fie
820 476 67 23 pom
906 467 102 42 -Beft
1026 469 143 33 Bariien
1189 469 48 29 als

335 516 63 26 Des
413 507 97 34 richtis
527 506 142 34 vcnaigt.
703 504 68 32 Das
789 502 85 32 Blatt.
900 501 113 34 ſchreibt
1034 511 28 22 4.
1080 511 37 22 :
1144 502 94 34 Man

249 544 75 34 vec
339 542 38 33 ñi
455 541 122 33 deutfch?
598 540 131 33 Bffuier?
755 537 60 31 und
840 535 179 42 hebauptete.
1046 537 55 33 das.
1128 537 34 32 ſie
1189 536 47 34 ſich

310 576 205 35 Tiageſangel
603 575 76 29 einct
703 570 311 43 franzolenfeindlichen
1037 570 200 35 Kundarbuna

249 613 104 33 Dtten
371 610 148 33 dimeigen
537 609 96 34 laſſen.
670 607 84 32 Dieſe
773 606 195 63 —
980 614 62 21 war
1067 605 89 33 jedgch
1183 613 55 22 un⸗

306 647 51 33 na.
375 645 59 32 nd
453 644 74 33 in
539 643 95 33 Nemlich
675 641 85 33 ſichet,
778 639 55 33 daß
845 639 46 30 hie
904 639 102 30 heſhen
1017 639 76 30 keine
1104 639 133 33 Offglere

446 679 43 31 dſe
517 677 102 31 beiden
683 673 124 34 Deutſchen
834 673 45 31 die
909 672 145 34 Bierballe
1087 673 150 33 verlieben.

313 717 27 29 te
357 714 88 33 inen
461 712 47 31 pis
525 719 65 25 um
610 708 136 34 Bahnbof
769 709 46 29 ein
832 707 102 34 Trupt
952 708 102 34 iunger
1069 706 96 35 Leute.
1193 707 45 31 die

250 716 82 68 —
349 747 143 32 Ernende
509 745 49 31 alẽ
576 744 88 34 ernſte
680 741 240 35 Lundgebungen
937 741 240 33 veranitalteten

333 813 47 32 —
443 809 121 41 ——
602 807 19 32 ⏑
627 806 204 32 ———
850 805 27 31 ⏑
916 808 22 35 —
940 805 223 37 —

321 859 152 33 Remhert,
510 857 41 29 15.
576 852 95 34 April.
716 852 63 31 Bie
815 853 56 40 gus
901 850 175 34 Chibuabua
1123 851 121 31 gemeldet

253 894 83 31 wirt.
361 892 90 33 Srang
480 898 46 22 am
557 888 141 41 Sonntag
727 886 49 30 der,
791 885 124 42 Fubrer,
949 886 49 29 der
1032 886 211 32 merlgniſchen

242 914 133 51 Euman
380 914 102 51 dijchen
495 923 141 32 Baclodio
652 922 120 32 Serrera
790 928 31 22 in
838 920 56 41 das
906 918 94 36 Lager
1011 927 60 23 von
1084 919 158 33 Acbeitert

253 963 47 30 D
318 962 55 30 en
391 960 74 32 Flus
485 958 131 33 Eonchoz
635 955 166 40 eindeichen,
828 962 47 22 ein
900 955 60 29 und
986 953 150 35 verangte
1151 956 32 29 2
1182 949 63 50 d06

254 996 108 33 Soliat
391 996 82 29 uner
502 992 48 30 der
579 989 156 34 Stonung.
770 989 44 30 die,
842 987 155 35 englichen,
1027 987 138 35 Aufſeben.
1194 988 50 31 der

254 1030 134 32 Uüxbeiter
405 1029 88 30 toten
519 1034 36 56 .
580 1025 98 32 Effen
707 1031 86 23 wenn
820 1022 59 33 ibm
905 1021 54 31 bas
979 1021 76 32 Geld
1077 1023 166 31 verweigert

253 1064 107 32 —
412 1062 55 30 ——D—
552 1059 40 32 —⏑
605 1059 14 31 ⏑:
640 1059 69 41 —
825 1056 131 42 —
903 1052 35 52 ⏑
990 1057 160 34 —
1181 1031 61 59 *

253 1099 124 33 Scccera
402 1097 82 30 eineg
502 1093 137 42 Eufſeber,
665 1092 105 31 binden
796 1091 59 30 und
883 1090 125 34 erklãrte.
1036 1099 29 22 e
1082 1091 91 31 Perde
1191 1091 51 33 ibn

252 1141 61 23 Ta
342 1133 91 29 einem
460 1129 78 34 Berg
567 1126 198 35 hinabwerſen
794 1125 96 33 laſſen.
936 1125 119 33 Darauf
1082 1124 84 32 boten
1197 1125 45 31 Hie

253 1165 180 34 Zameraden
450 1165 66 30 dooo
527 1162 117 32 Dollar.
679 1160 56 31 Als
748 1160 122 32 Serrera
887 1159 68 31 aber
972 1159 52 33 auf
1040 1161 26 28 40
1075 1160 49 30 &ι
1138 1159 105 32 ꝗꝛollat

252 1201 125 33 denand
393 1198 118 32 Vurden
528 1197 60 41 ſhm
607 1196 72 40 diele
717 1194 100 41 gesablt
834 1194 115 32 porauf
966 1193 48 31 der
1027 1192 132 35 Aufehe
1176 1193 66 33 feei-

251 1236 68 65 Ee
342 1242 36 23 en
377 1232 131 66 —
544 1231 60 32 Die
622 1230 118 31 Räuber
766 1228 173 33 pluͤnderten
966 1228 79 30 dann
1071 1227 43 33 die
1133 1228 109 33 Sauſer

360 1276 107 23 emben.

217 1295 138 55 —
542 1295 198 55 —
1051 1295 157 55 —

334 1379 240 90 Attentat
611 1381 91 66 auf
737 1379 176 66 Uönig
947 1377 206 66 Alfons.

833 1460 174 37 Madrid,
1033 1462 49 29 18.
1104 1459 97 39 April.

330 1518 63 38 Auf
412 1518 99 39 Koͤnig
546 1517 113 37 Alfons
682 1513 95 34 XJJJ.
812 1522 60 23 von
895 1512 144 39 Spanien
1060 1512 99 31 wurde
1183 1511 83 38 heute

244 1562 108 40 mittag
387 1570 51 23 um
460 1564 18 28 2
501 1561 61 40 Uhr
596 1569 62 23 von
691 1559 93 31 einem
823 1558 113 39 jungen
958 1556 226 39 Zimmermann
1218 1554 47 31 ein

244 1606 278 33 Revowerattentat
545 1604 114 36 verlibt,
681 1605 57 29 das
763 1600 245 41 glückicherweiſe
1032 1600 74 31 keine
1129 1599 138 39 ſchweren

245 1650 115 41 Folgen
385 1649 86 40 hatte.
503 1648 98 38 Durch
624 1648 47 31 die
684 1646 120 40 Kugeln
826 1645 103 31 wurde
949 1652 60 24 nur
1032 1644 56 29 das
1103 1643 88 38 Bferd
1214 1643 51 30 des

243 1694 120 39 Königs
388 1693 148 40 getroffen.
582 1692 79 31 Eine
692 1691 87 31 dritte
814 1688 105 39 Kugel,
953 1687 46 32 die
1032 1687 49 31 der
1101 1686 166 32 Attentäter

246 1738 50 32 bei
319 1737 91 39 ſeincr
431 1736 188 41 Verhaftung
644 1734 155 37 abfeuerte,
822 1732 61 38 traf
905 1731 87 32 einen
1014 1730 168 40 Boliziſten,
1205 1738 62 23 ver⸗

243 1782 78 38 letzte
343 1781 68 32 aber
433 1781 94 38 dieſen
552 1780 69 38 auch
644 1787 59 22 nur
725 1777 91 39 leicht.

329 1825 63 38 Auf
413 1826 54 31 den
490 1824 55 39 erſt
567 1826 41 28 27
629 1822 97 40 Jahre
756 1822 80 30 alten
858 1819 100 40 König
986 1827 60 22 von
1070 1817 139 40 Spanien
1232 1817 35 39 iſt

243 1868 84 41 ſchon
343 1870 64 30 eine
422 1877 90 32 ganze
526 1867 93 39 Reihe
638 1875 61 22 von
714 1866 175 31 Attentaten
911 1862 104 32 veriibt
1036 1863 126 36 worden,
1187 1860 80 39 mehr

243 1913 59 32 wie
318 1913 53 37 auf
386 1913 81 40 jeden
484 1913 72 30 aller
570 1911 125 38 übrigen
707 1908 193 39 Monarchen.
930 1907 61 32 Die
1006 1906 95 38 letzten
1117 1906 149 31 Attentate

244 1957 144 39 erfolgten
409 1957 43 31 im
471 1956 128 40 Januar
623 1956 80 29 1811
727 1954 34 30 in
780 1952 133 39 Malaga
935 1951 62 30 und
1021 1950 42 31 im
1080 1949 80 40 Juni
1186 1951 80 29 1910

245 2002 33 31 in
293 2000 182 33 Valladolid.
495 2000 61 31 Am
570 1997 203 37 bekannteſten
788 1996 35 37 iſt
837 1997 50 30 der
899 1988 145 51 Anſchlag,
1056 1995 47 30 der
1119 2002 48 22 am
1179 1992 88 39 Hoch⸗

243 2044 143 41 zeitstage
404 2045 51 30 des
469 2043 129 39 Königs,
622 2051 51 22 am
693 2043 29 29 2.
737 2040 83 40 Juni
840 2041 93 34 1906,
956 2046 90 32 gegen
1067 2037 55 31 das
1137 2036 130 39 Königs⸗

244 2097 78 32 paar
343 2087 104 32 verlbt
465 2088 109 35 wurde,
599 2086 50 31 als
672 2085 98 37 König
785 2083 113 38 Alfons
920 2082 63 31 und
1007 2081 76 39 ſeine
1097 2081 98 32 Braut
1204 2075 60 48 ſich

246 2133 54 38 auf
323 2132 64 32 dem
409 2131 88 40 Wege
518 2139 53 31 zur
589 2128 178 40 Kathedrale
789 2127 154 37 befanden,
967 2126 34 30 in
1024 2125 48 31 der
1093 2126 37 37 ſie
1151 2127 117 36 getraut

245 2176 135 32 wurden.
423 2176 56 32 Beĩ
497 2176 99 39 jenem
611 2171 289 39 Bombenanſchlage
919 2170 124 31 wurden
1064 2170 38 29 24
1118 2168 149 39 Perſonen

245 2221 109 39 getötet
377 2220 59 30 und
460 2219 70 31 über
553 2220 41 29 50
617 2216 102 40 ſchwer
739 2216 120 38 verletzt.

640 2266 81 38 Der
744 2265 128 36 Täter.

331 2325 63 32 Der
408 2324 98 37 Täter,
525 2324 50 31 der
591 2323 142 39 übrigens
748 2330 60 22 von
829 2321 49 30 der
893 2318 113 39 Menge
1020 2317 68 32 übel
1102 2316 167 41 zugerichtet

246 2369 110 37 wurde,
372 2368 34 38 iſt
427 2369 48 31 der
495 2370 39 28 27
550 2367 98 40 Jahre
668 2367 59 30 alte
740 2365 229 39 Zimmermann
984 2362 113 39 Allegre
1118 2364 57 28 aus
1192 2361 75 31 Bat⸗

247 2413 113 32 celona.
404 2412 87 33 Beim
513 2411 114 39 Vechör
655 2409 120 32 erklärte
802 2417 30 22 er
859 2406 182 38 wiederholt.
1079 2413 28 23 er
1129 2404 72 39 habe
1222 2403 46 32 die

247 2456 195 40 Hinrichtung
469 2455 121 39 Ferrers
619 2454 102 39 rächen
750 2453 119 30 wollen.
919 2450 84 32 Man
1033 2449 70 38 fand
1134 2448 45 31 bei,
1204 2447 62 40 ihm

245 2501 129 39 mehrere
392 2500 52 36 auf
457 2500 102 39 Ferrer
581 2497 159 40 bezügliche
754 2493 251 42 Zeitungsartikel
1020 2493 61 31 und
1104 2493 62 31 eine
1182 2491 84 38 Voſt⸗

245 2545 79 31 karle
338 2543 57 32 mit
413 2543 95 32 einem
521 2540 249 42 Frauenporträt,
793 2539 45 31 die
861 2539 46 30 die
929 2546 61 23 von
1013 2537 90 38 ſeiner
1117 2536 87 39 Hand
1221 2544 44 30 ge⸗

244 2587 179 41 ſchriebenen
438 2587 103 32 Wortẽ
555 2589 85 36 trug:
666 2584 172 40 „Henriette,
863 2590 88 23 wenn
967 2582 41 30 du
1030 2580 69 40 mich
1122 2579 89 39 liebſt,
1236 2579 28 37 ſo

244 2631 82 41 ruche
357 2631 117 32 meinen
501 2630 76 33 Tod.
623 2628 47 33 Es
701 2628 62 32 lebe
789 2627 47 31 die
865 2624 170 41 Anarchie.“
1081 2623 76 40 Nach
1188 2623 79 31 einer

245 2676 115 32 andern
375 2675 122 38 Verſion
497 2664 88 53 ſoll
585 2664 129 53 Allegre
725 2664 160 53 behauptet
905 2669 108 39 haben,
1033 2676 30 23 er
1084 2668 38 38 jei
1142 2676 38 31 zu
1201 2668 66 29 dem

246 2718 159 40 Entſchluß
427 2727 51 31 zur
500 2718 62 33 Tat
584 2717 54 38 erſt
662 2716 174 40 gekommen,
872 2714 48 30 als
943 2721 31 23 er
995 2712 56 31 den
1073 2710 97 40 König
1194 2709 73 38 habe

244 2762 216 33 vorüberreitẽn
477 2761 92 40 ſehen,
593 2761 63 30 und
679 2759 38 39 ſei
732 2757 127 41 glucklich
876 2756 133 35 darüber,
1033 2754 56 38 daß
1104 2756 48 30 der
1165 2753 100 39 König

245 2806 156 38 unverletzt
424 2806 46 38 ſei.
515 2805 67 31 Aus
607 2804 97 38 ſeinen
726 2802 138 31 weiteren
886 2800 157 39 Ausſagen
1068 2799 66 39 geht
1153 2798 111 39 hervor,

246 2851 58 38 daß
340 2859 30 22 er
403 2851 73 30 alles
510 2847 159 41 Mögliche,
703 2847 140 30 darunter
865 2842 224 40 philoſophiſche
1110 2841 154 40 Schriften,

246 2894 112 41 geleſen
381 2894 60 31 und
456 2892 92 39 falſch
571 2891 173 38 derſtanden
772 2890 61 39 hat.
879 2888 43 32 Er
943 2887 82 41 wird
1042 2886 93 40 jedoch
1157 2885 108 31 keines⸗

245 2940 84 38 wegs
353 2937 49 32 als
425 2936 190 40 geiſteskrank
639 2934 171 40 angeſehen.

1078 2981 100 37 —
1205 2981 62 37 —

348 3058 210 54 Cokales
595 3056 105 53 und
759 3052 381 69 Provinzielles.

440 3137 126 34 Kolmar
589 3136 22 33 i.
633 3134 52 43 P.,
707 3136 57 31 den
787 3137 49 29 16.
860 3133 89 40 April
973 3134 92 29 1918.

331 3189 113 35 Die
456 3189 184 42 Stiftungen
662 3187 145 42 auläßlich
828 3187 53 32 des
898 3183 364 43 Regiernugsjubilänms

244 3238 54 32 des
313 3234 126 41 Kaiſers
461 3235 117 31 werden
600 3233 73 38 recht
691 3230 219 40 mannigfacher
929 3230 100 31 Natur
1051 3228 69 39 ſein.
1162 3228 101 32 Kreis⸗

242 3281 236 38 verwaltuͤngen.
515 3278 175 32 Gemeinde⸗
723 3277 61 30 und
823 3273 320 39 Gutsverwaltungen,
1185 3271 78 36 kauf⸗

243 3322 166 40 männiſche
423 3323 61 31 und
501 3323 107 30 andere
621 3320 251 38 Korporationen,
893 3319 32 39 ja
940 3316 83 39 ſelbſt
1039 3316 88 32 kleine
1141 3316 122 32 Beteine

242 3369 97 40 haben
362 3367 105 31 bereits
484 3366 120 31 kleinere
626 3365 69 30 oder
718 3363 116 40 größere
849 3361 129 40 Beträge
1001 3360 47 37 für
1072 3359 84 39 ſolche
1170 3354 92 49 Jubi⸗

243 3411 265 40 läumsſtiftungen
524 3409 154 38 bewilligt.
722 3408 78 37 Nach
821 3407 78 30 einer
918 3404 182 39 ſtatiſtiſchen
1119 3403 143 39 Aufzeich⸗

242 3466 86 30 nung
362 3455 114 37 beträgt
508 3454 47 30 die
574 3452 81 39 Zahl
680 3454 49 28 der
754 3448 356 42 Jubiläumsſtiftungen,
1147 3447 56 31 wie
1226 3446 36 35 ſie

556 3544 424 85 Syielgefaͤhrlen.

508 3647 121 32 Roman
654 3652 58 23 von
733 3643 36 31 B.
793 3650 27 23 v.
843 3642 28 30 d.
894 3639 131 33 Lancken.
1230 3635 40 31 46

319 3700 122 38 „Sprich
467 3699 55 31 mit
549 3698 148 33 Wasmer,
723 3695 41 37 ich
790 3694 61 39 lege
877 3693 63 30 dem
968 3691 60 30 kein
1053 3688 161 38 Hindernis
1236 3687 32 30 in

256 3739 59 32 den
335 3739 99 38 Veg
457 3741 167 36 enigegnete
645 3734 150 39 Marwell.
830 3732 44 32 Et
895 3731 107 34 machte
1028 3729 97 44 keinen
1149 3726 119 38 Verſuch

256 3778 91 36 mehr
369 3777 36 37 ſi
426 3777 233 38 umzuftinmen,
679 3774 59 30 und
762 3771 115 31 wandte
891 3770 48 36 lich
961 3769 49 29 der
1037 3767 62 32 Tür
1131 3775 43 30 zu.
1204 3764 65 32 Do⸗

255 3817 99 37 toiher
382 3816 79 36 ſtand
489 3814 191 40 regungslos,
714 3813 36 33 ſie
776 3810 92 37 ſprach
893 3808 59 31 kein
980 3807 93 34 Wott,
1099 3806 37 36 ſte
1161 3804 108 45 machte

255 3856 79 31 ĩeiie
351 3854 179 39 Bewegung?
557 3854 51 35 ihn
635 3847 306 42 zurichuhalten
883 3842 56 55 als
956 3846 69 31 aber
1038 3845 46 30 die
1097 3844 61 32 Tür
1171 3843 95 38 hinter

255 3894 65 39 ihm
333 3894 52 30 ins
405 3893 109 37 Schloß
543 3892 121 35 klappie,
691 3891 49 28 als
774 3888 56 36 ſein,
865 3886 111 37 Schritt
1013 3884 43 30 im
1082 3882 187 32 Nebenraum

254 3932 129 38 derhallt
406 3941 72 27 war,
516 3932 39 29 da
569 3929 104 37 ſtreckte
698 3928 36 35 ſie
758 3927 46 30 die
825 3926 89 31 Arme
939 3926 69 32 aus,
1029 3915 240 48 leidenſchaftlich.

255 3972 179 38 declangend
448 3970 60 31 und
536 3969 132 38 ſehnend,
701 3966 61 31 und
788 3966 41 30 im
857 3963 68 32 Ton
959 3962 97 39 heiber
1082 3960 90 36 Liebe,
1199 3958 69 39 halb

255 4011 102 36 erſtici
371 4018 58 22 von
443 4009 129 35 Traͤnen/
597 4008 110 37 Zitterte
733 4008 33 28 es
780 4012 59 23 von
860 4003 82 38 ihren
969 4000 125 38 Lippen:
1110 3993 158 47 „Edmund

254 4065 40 7 —
307 4050 81 29 mein
399 4048 128 31 Mann.“
544 4063 37 6 —

312 4099 179 38 Rittmeiſter
516 4107 60 21 von
604 4095 141 40 Maxwell
772 4095 66 37 ſtieg
866 4094 46 29 ein
926 4100 75 29 pagt
1014 4089 138 32 Stunden
1177 4088 94 37 ſpater

253 4139 49 31 die
324 4138 110 31 vreiten
455 4138 135 36 Treppen
613 4136 81 30 einẽs
717 4134 113 37 Hauſes
846 4133 31 28 in
892 4132 48 29 der
964 4129 175 39 Ringſtraße
1164 4127 106 38 hinauf

254 4179 64 30 und
343 4177 134 39 ingelte
503 4185 40 21 an
564 4175 79 30 einer
681 4173 63 31 Tür
770 4174 49 28 der
845 4171 88 34 erſten
961 4168 104 38 Etage.
1103 4167 62 31 Bär
1193 4166 78 38 hatte

254 4217 64 34 diec
331 4217 64 29 eine
414 4216 55 30 it
489 4214 88 30 aem
605 4212 136 33 Komfort
768 4209 193 39 eingerichtete
989 4207 158 36 Wohnung.
1184 4204 86 39 inne;

253 4254 146 39 Mazwell
424 4255 142 37 klingelte,
595 4252 119 33 einmal,
728 4248 144 40 zweinial,
891 4248 59 29 und
972 4247 50 29 als
1034 4244 135 31 niemand
1195 4244 71 34 kam⸗

253 4295 64 37 fehr?
342 4293 177 38 ungeduldig
547 4300 68 30 zum
643 4290 106 30 dritten
783 4286 96 32 Male,
906 4285 82 31 Bärs
1014 4283 111 32 Diener
1150 4282 121 37 öffnete;

298 4341 65 22 Vvac
377 4332 41 30 in
432 4331 240 37 Stroenanzug,
683 4328 74 36 ohne
767 4328 80 37 jenes
857 4324 152 39 Abzeichen
1019 4323 88 35 ſeiner
1116 4321 155 36 Stellung.

253 4371 87 32 Stga
353 4371 60 29 und
428 4369 198 38 Aegenfchici
650 4367 69 37 hien
733 4375 29 21 er
775 4366 32 30 in
821 4365 49 29 der
883 4363 96 38 Hand,
991 4362 60 31 und
1068 4360 139 39 Maxwell
1221 4358 49 39 ſah

254 4411 85 31 Anen
352 4409 174 38 Handroffer
541 4408 60 29 und
616 4407 63 30 eine
693 4404 171 36 Reiſetaſche
877 4403 41 30 im
936 4401 145 32 Korridor
1092 4400 102 37 ſtehen.

313 4449 90 36 Hetr
417 4448 63 31 Bär
491 4456 35 29 zu
543 4447 135 35 ſprechen.
693 4443 173 38 Heiurich?“

312 4488 91 36 Sert
429 4486 85 32 Baͤr?
541 4485 87 34 Kein.
656 4483 72 38 Herr
754 4480 186 35 Rittmeiſtex.
968 4478 73 37 Herr
1055 4476 63 32 Bär
1140 4477 34 35 iſt
1188 4476 83 36 heute

252 4534 126 23 morgen
403 4527 67 34 nach
497 4523 153 33 Karlsbad
683 4520 147 40 abgereiſt.
865 4518 102 37 Haben
994 4517 74 36 Herr
1093 4514 178 37 Rittmeiſter

251 4566 49 30 die
336 4568 61 28 Karte
406 4566 68 33 noch
489 4563 76 36 nicht
573 4562 166 30 bekonimeñ
749 4560 31 29 ??

312 4603 120 37 Nichts
446 4602 71 36 habe
532 4602 39 35 ich
588 4602 174 28 bekommen.
773 4597 64 31 Und
854 4603 90 23 wann
958 4595 109 29 kommt
1077 4602 28 21 er
1123 4591 105 31 wieder
1236 4591 32 29 2

315 4642 90 37 Bert
418 4641 63 31 Baͤr
501 4641 51 37 hat
566 4640 45 29 die
625 4637 161 37 Wohnung
802 4635 60 38 hier
876 4633 162 40 gekündigt⸗
1066 4632 58 30 und
1139 4631 38 36 ich
1193 4625 78 47 fahre

253 4680 85 40 heule
353 4680 103 39 mittag
466 4680 68 35 nach
545 4678 106 37 Hauſe,
664 4678 37 34 ich
717 4676 49 30 bin
782 4672 147 38 voͤrläufig
947 4671 72 38 ohne
1027 4670 150 38 Stellung.
1192 4669 78 37 Zum

252 4719 103 38 Hetbſt
370 4719 105 30 konnt
488 4718 74 37 Her?
576 4716 64 31 Bar
654 4715 92 38 zurüc
761 4714 58 29 und
829 4713 38 30 ich
877 4716 68 26 treie
954 4710 105 30 wieder
1053 4703 58 47 bei
1118 4708 57 36 ihm
1195 4708 74 29 ein.“

314 4758 66 36 So
406 4774 36 6 —
469 4766 47 27 nä,
545 4757 80 29 dann
656 4754 33 36 ſſt
703 4757 32 26 es
757 4755 61 36 gut.
844 4750 103 34 Adieu,
961 4748 141 37 Heinrich,
1124 4748 45 29 die
1182 4746 89 31 Karte

254 4797 76 32 wird
358 4796 162 37 inzwiſchen
549 4795 47 30 fuͤr
623 4793 70 37 inich
720 4799 35 30 zu
780 4789 97 39 Hauſe
903 4789 205 37 angekommen
1123 4786 85 36 ſein.

315 4835 119 36 „Adieu,
448 4835 72 32 Herr
533 4832 206 35 Rittmeiſter.“

312 4874 143 37 Maxwell
469 4873 67 38 griff
550 4873 30 29 in
596 4872 73 34 ſeine
683 4869 102 36 Taſche
801 4883 35 7 —
851 4874 70 22 man
936 4867 103 29 tonnte
1052 4863 47 32 nie
1112 4862 108 38 wiſſen.

316 4913 95 37 Hier,
425 4912 140 37 Heinrich,
583 4910 88 36 laſſen
686 4908 55 31 Sie
756 4910 32 27 es
804 4906 49 35 ſich
868 4908 51 35 gut
933 4899 117 48 gehen.“

314 4952 125 36 aad
465 4952 64 28 dem
558 4949 117 30 Manne
702 4948 46 29 ein
772 4944 144 35 Geldſrück
940 4942 60 30 und
1015 4941 70 39 ging
1099 4940 46 31 die
1157 4940 113 36 Treppe

255 4992 102 38 hinab.
383 4988 59 33 Die
453 4989 148 36 Nachricht
623 4988 78 37 hatte
727 4984 50 38 ihn
794 4984 186 29 unerwactet.
1007 4980 57 30 wie
1086 4980 48 30 ein
1158 4978 110 38 Schlag

278 5029 128 37 etroffen.
433 5029 57 29 Als
505 5036 29 21 er
549 5030 89 26 unten
653 5026 40 29 im
708 5022 149 39 Hausflur
870 5028 70 26 war.
956 5019 95 37 lehnte
1072 5026 28 22 er
1121 5017 49 38 ſich
1187 5017 83 30 einen

299 5072 99 28 oment
418 5076 39 22 an
481 5066 45 30 die
550 5066 109 32 Wand
672 5072 29 22 er
714 5063 108 39 zitterie
836 5068 50 22 am
901 5066 111 37 gauzen
1025 5056 120 36 Körper,

313 5106 63 37 Auf
399 5107 49 31 der
472 5104 113 38 Etaß?
611 5102 91 38 nahm
708 5090 52 57 er
772 5090 103 57 einen
881 5097 111 40 Fatet,
1007 5104 52 23 um
1081 5104 35 30 zu
1130 5094 141 42 Wasmer

1309 151 115 41 einzeln
1443 150 36 32 in
1499 149 52 33 der
1570 149 98 39 Breſſe
1688 148 127 33 bekannt
1840 145 156 44 geworden
2021 145 75 42 fiub.
2129 143 203 44 gegerwarrig

1309 197 108 31 bereits
1440 195 72 31 über
1534 196 95 29 3000.
1677 193 60 32 Die
1757 193 97 37 daflr
1873 192 194 40 gezeichneten
2087 189 130 40 Beträge
2236 189 97 38 haben

1310 242 64 30 eine
1387 238 85 40 Söhe
1485 247 61 22 von
1561 237 72 31 über
1646 237 63 31 drei
1722 236 166 32 Millionen
1901 235 92 33 Mark
2012 234 125 39 erreicht.
2179 232 155 39 Bewilligt

1309 284 126 31 wurden
1457 290 30 23 u.
1511 290 28 23 a.
1566 281 48 31 die
1634 280 107 32 Mittel
1762 289 53 31 zur
1838 279 174 40 Errichtung
2034 288 63 22 von
2119 280 61 29 478
2195 275 138 41 Sugend.

1310 326 126 39 heimen,
1462 327 80 29 1158
1557 324 310 40 Jugendſpielplätzen
1886 324 63 31 und
1962 321 309 42 Jugendturnhallen.
2293 321 39 29 73

1310 369 216 36 Volksbädern,
1559 368 96 38 ferner
1676 376 52 31 zur
1748 367 207 41 Begründung
1976 376 63 22 von
2064 368 40 29 73
2124 365 117 40 Fonds,
2279 366 59 28 aus

1310 415 96 31 denen
1436 414 56 30 den
1526 411 256 39 ſchulentlaſſenen
1812 411 134 32 Kindern
1979 409 220 33 unbemittelter
2233 407 104 33 Eltern

1309 458 49 32 die
1371 456 108 34 Mittel
1496 465 53 31 zur
1564 456 172 38 Erlernung
1756 456 83 31 eines
1853 455 182 39 Handwerks
2058 452 143 40 dewilligt
2222 451 115 32 werden

1311 502 102 39 ſollen.
1452 500 110 34 Wliter
1577 500 63 36 ſind
1655 499 180 40 Stiftungen
1851 499 160 40 begründet
2024 498 122 32 worden
2160 505 53 30 zur
2227 493 110 40 Errich⸗

1311 551 76 34 tung
1399 535 57 54 von
1465 544 227 39 Altersheimen.
1704 543 299 40 Sauglingsheimen,
2014 540 245 42 Ferienkolonien
2265 539 72 37 uſw.

1311 591 64 31 Der
1397 589 103 38 Kaiſer
1522 588 53 40 hat
1597 588 107 31 bereits
1727 587 141 40 mehrfach
1891 587 54 39 die
1961 585 170 34 Erlaubnis
2154 584 104 35 erteilt,
2280 581 58 38 daß

1311 634 76 38 dieſe
1411 632 180 40 Stiftungen
1614 632 98 37 ſeinen
1737 631 117 31 Namen
1877 634 102 36 tragen
2002 630 116 37 dürfen.

1399 692 33 7 —
1431 676 115 42 Zum
1569 675 109 40 Beſten
1709 676 52 30 des
1783 674 264 39 Veteranenheims
2080 674 34 30 in
2135 673 50 30 der
2207 671 131 38 Brovinz

1312 721 102 38 Poſen
1437 721 62 37 ſind
1523 721 49 30 bis
1593 728 71 31 zum
1688 721 49 29 10.
1759 719 88 39 April
1868 719 28 30 d.
1918 718 55 39 JS.
1996 717 47 32 bei
2069 718 49 30 der
2139 715 131 38 Oſtbank
2291 713 48 36 für

1313 764 124 40 Handel
1470 764 60 31 und
1555 763 142 32 Gewerbe
1730 762 33 31 in
1794 762 99 39 Boſen
1928 764 37 28 71
1981 764 62 28 784
2065 760 91 32 Mark
2190 761 39 28 17
2253 757 84 40 Pfge.

1313 809 213 39 eingegangen.
1572 807 60 32 Die
1653 807 189 38 Sammlung
1859 806 90 42 wird
1982 804 71 39 noch
2089 803 155 39 fortgeſetzt
2278 801 60 32 und

1313 852 76 32 wird
1414 860 53 23 um
1490 852 115 30 weitere
1627 847 243 43 Zuwendungen
1888 848 125 39 höflichſt
2036 848 130 40 gebeten.

1466 894 60 35 dDie
1549 893 163 42 öffenliche
1735 891 320 43 Bolksverſammlang
2089 892 52 32 der
2167 888 172 43 chriſtlichen

1316 938 215 42 Gewerkſchaft
1559 938 72 36 fand
1644 938 122 43 geſtern
1794 938 96 31 abend
1923 937 43 31 im
2000 934 229 40 Schützenhauſe
2262 933 77 37 ſtatt.

1315 983 60 33 Die
1390 983 242 38 Verſammlung,
1658 991 39 22 an
1719 981 116 40 welcher
1857 990 42 22 ca.
1918 983 40 28 70
1972 980 153 38 Berſonen
2147 977 192 38 teilnahmen,

1316 1029 120 37 begann
1466 1035 53 23 um
1542 1027 56 35 Su
1626 1025 71 39 Uhr.
1741 1025 151 39 Perſonen
1925 1028 87 27 unter
2037 1025 39 30 18
2098 1022 118 40 Jahren
2239 1021 101 38 hatten

1315 1071 102 31 keinen
1439 1070 124 38 Zutritt.
1591 1070 49 39 Jn
1664 1069 49 31 der
1735 1068 230 39 Verſammlung
1988 1068 124 31 wurden
2133 1074 72 23 vom
2221 1065 120 32 Redner

1314 1115 96 39 Herrn
1432 1113 49 33 M.
1505 1113 219 39 Fromm⸗Cöln
1756 1113 46 31 die
1823 1112 213 39 verſchiedenen
2059 1111 117 39 Fragen
2199 1109 55 37 auf
2274 1109 65 31 dem

1316 1159 123 32 Gebiete
1461 1159 51 30 des
1534 1156 246 38 Arbeiterweſens
1803 1157 129 31 erbrtert.
1961 1156 57 31 Um
2036 1156 57 36 94
2112 1154 60 38 Uhr
2193 1156 63 28 trat
2277 1152 62 31 eine

1316 1203 92 31 kleine
1429 1201 99 39 Pauſe
1552 1201 57 31 ein.
1640 1200 79 38 Nach
1741 1200 91 39 dieſer
1854 1200 100 39 kurzen
1970 1198 236 39 Unterbrechung
2227 1196 112 38 richtete

1316 1246 120 33 Redner
1459 1255 39 22 an
1521 1245 46 32 die
1589 1244 202 38 Anweſenden
1826 1244 61 31 und
1922 1252 39 22 an
1996 1243 48 31 die
2066 1240 200 41 Gegenpartei
2293 1239 47 32 die

1316 1291 106 39 Frage,
1458 1290 35 31 ob
1528 1290 120 39 jemand
1673 1297 52 22 um
1751 1288 56 31 das
1832 1287 86 32 Wort
1940 1287 75 31 bäte.
2063 1285 60 33 Ein
2145 1284 195 37 Anweſender

1317 1336 49 30 der
1389 1333 200 40 Begenpartei
1611 1332 89 36 ſtellte
1722 1332 61 31 drei
1804 1331 127 39 Fragen,
1961 1331 47 32 die
2029 1338 72 24 vom
2122 1328 118 33 Redner
2263 1327 76 39 ſorg⸗

1318 1378 96 39 fältig
1442 1378 61 30 und
1538 1375 181 40 ausführlich
1743 1375 194 32 beantwortet
1959 1375 135 31 wurden.
2137 1372 57 31 Um
2219 1374 40 28 10
2280 1370 60 39 Uhr

1318 1422 103 31 wurde
1443 1421 46 31 die
1511 1419 231 39 Verſammlung
1765 1418 174 41 geſchloſſen.

1404 1480 32 7 —
1435 1462 364 42 Schlachthausbericht.
1840 1463 49 39 Jn
1910 1464 50 30 der
1980 1461 68 40 Zeit
2068 1469 71 23 vom
2163 1463 28 27 7.
2216 1459 49 32 bis
2290 1460 48 29 12.

1318 1510 29 30 d.
1370 1508 93 32 Mis.
1477 1508 61 35 ſind
1562 1508 43 30 im
1621 1507 124 39 hieſigen
1761 1506 221 39 Schlachthauſe
2005 1504 178 41 geſchlachtet
2205 1502 134 32 worden:

1319 1555 21 29 5
1362 1552 123 37 Rinder,
1521 1554 39 28 28
1584 1551 117 36 Kälber,
1737 1552 17 28 2
1777 1550 111 40 Ziegen
1928 1550 62 31 und
2024 1550 39 30 78
2087 1547 161 39 Schweine.
2291 1545 48 40 Jn

1318 1596 148 38 derſelben
1487 1595 67 39 Zeit
1582 1596 62 34 ſind
1679 1594 154 38 vernichtet
1854 1593 135 32 worden:
2022 1595 19 28 3
2065 1591 274 39 Schweinelungen.

1320 1643 19 28 2
1362 1640 229 38 Kinderluͤngen
1614 1639 63 30 und
1699 1637 146 39 ſämtliche
1866 1637 121 40 Organe
2009 1645 62 22 von
2094 1636 92 31 einem
2210 1633 109 32 Rinde.

1406 1698 32 8 —
1438 1682 168 40 Schwere
1628 1681 109 42 Zeiten
1760 1682 61 37 ſind
1846 1685 42 32 es.
1917 1681 33 31 in
1973 1681 95 30 denen
2091 1680 56 30 wir
2168 1678 93 35 leben.
2294 1677 46 30 be⸗

1320 1729 123 38 ſonders
1468 1726 101 40 ſchwer
1590 1726 49 36 für
1661 1726 46 31 die
1721 1725 166 38 Hausfrau,
1908 1725 47 31 die
1977 1724 47 31 bei
2046 1723 57 31 den
2118 1730 103 24 enorm
2244 1721 95 38 hohen

1318 1771 122 39 Preiſen
1455 1771 47 37 füt
1513 1770 56 38 faſt
1577 1770 57 31 alle
1654 1769 154 40 Nahrungs
1812 1761 94 53 mittel
1917 1769 106 30 immer
2034 1766 71 40 noch
2115 1766 56 32 mit
2177 1765 162 39 demfelben

1318 1814 252 46 Wittſchaftsgeld
1587 1815 193 30 auskommen
1774 1807 114 57 ſoll;
1890 1807 168 57 manchmal
2073 1812 92 38 ſogar
2173 1809 58 32 mit
2245 1809 94 31 einem

1319 1860 181 39 geringeren.
1527 1855 140 40 Außerſte
1677 1857 202 38 Sparſamkeit
1886 1856 72 31 wird
1965 1857 40 30 da
2013 1863 37 32 zu
2060 1856 79 30 einer
2145 1853 193 40 zwingenden

1318 1903 244 39 Notwendigkeit,
1586 1901 69 39 auch
1679 1901 31 31 in
1733 1900 159 39 Familien,
1914 1900 46 31 die
1982 1902 32 28 es
2037 1898 99 40 früher
2157 1896 77 39 nicht
2256 1895 84 39 nötig

1319 1948 115 39 hatten.
1479 1947 67 30 Aus
1581 1945 106 38 dieſem
1709 1944 108 32 Grund
1841 1944 92 38 findet
1953 1944 61 40 jetzt
2037 1943 48 30 ein
2108 1941 141 39 Brodutt,
2282 1941 56 30 das

1320 1992 134 39 geeignet
1475 1990 43 37 iſt,
1552 1989 46 31 die
1621 1992 96 28 teuere
1738 1988 107 32 Butter
1878 1988 60 30 voll
1971 1987 62 31 und
2057 1994 75 32 ganz
2154 1994 36 30 zu
2213 1984 126 39 erſehen:

1319 2035 157 38 Balmona
1491 2030 484 42 (Bflanzen⸗Butter⸗Margarine)
1998 2030 85 37 heute
2099 2029 32 31 in
2147 2030 55 30 den
2218 2027 121 39 feinſten

1318 2077 258 40 Haushaltungen
1590 2077 106 31 immer
1710 2077 81 37 mehr
1802 2075 150 39 Eingang.
1979 2074 67 31 Mit
2056 2073 155 39 Palmona
2226 2072 114 31 können

1319 2121 126 39 wirklich
1480 2121 88 40 groͤße
1590 2119 183 40 Erſparniſſe
1796 2119 137 39 gemaͤcht
1955 2119 125 35 werden,
2116 2116 76 39 ohne
2214 2115 58 38 daß
2294 2114 46 32 die

1318 2165 160 40 Hausfrau
1501 2164 162 39 befürchten
1686 2163 80 38 muß,
1800 2163 60 39 ihre
1883 2162 127 39 Familie
2045 2160 68 38 auch
2136 2169 59 22 nur
2228 2160 44 30 im
2294 2167 46 31 ge⸗

1318 2208 132 41 tingſten
1472 2218 36 30 zu
1530 2207 237 39 benachteiligen.
1800 2207 166 37 Niemand
1990 2205 78 37 hat's
2091 2220 42 6 —
2155 2202 182 41 gemorken!“

1383 2268 28 7 —
1410 2251 287 42 Schmetterliuge.
1723 2250 63 39 Für
1800 2251 46 31 die
1860 2249 206 39 Bekämpfung
2077 2249 49 30 der
2138 2248 45 31 die
2194 2247 147 39 Bflanzen

1320 2296 206 40 ſchädigenden
1537 2295 141 40 Jnſekten
1694 2295 35 37 iſt
1744 2295 45 31 die
1802 2293 152 33 Kenntnis
1970 2293 76 38 ihrer
2060 2291 200 37 Lebensweiſe
2281 2298 60 23 von

1320 2341 119 40 groͤßter
1454 2339 188 39 Wichtigleit.
1675 2338 126 39 Vielfach
1822 2338 71 39 fehlt
1913 2341 63 27 uns
1996 2336 75 37 dieſe
2085 2334 153 33 Kenntnis
2261 2333 78 38 noch.

1318 2385 37 31 A.
1372 2394 29 22 4.
1417 2384 99 38 wiſſen
1531 2383 56 31 wir
1602 2382 94 39 nichts
1712 2382 71 31 über
1798 2382 46 31 die
1857 2381 231 39 Flugweiten
2104 2379 50 31 der
2167 2378 173 38 Schmetter⸗

1321 2429 91 39 linge.
1436 2428 49 30 An
1508 2427 49 31 der
1571 2426 164 39 Abteilung
1758 2427 46 36 für
1820 2423 329 41 Pflanzenkrankheiten
2172 2424 51 30 des
2238 2421 103 37 Kaiſer

1319 2471 327 39 Wilhelms⸗Jnſtituts
1682 2470 47 38 für
1755 2468 241 39 Landwirtſchoft
2027 2476 38 31 zu
2086 2466 164 39 Bromberg
2277 2465 62 35 ſind

1319 2516 108 31 bereits
1451 2515 40 31 im
1516 2514 121 40 vorigen
1652 2513 96 40 Zahre
1763 2513 136 38 Verſuche
1922 2511 69 39 nach
2013 2511 91 38 dieſer
2117 2509 149 40 Richtung
2287 2509 52 39 hin

1320 2559 153 40 angeſtellt
1494 2558 130 37 worden,
1658 2558 46 31 die
1726 2557 32 31 in
1781 2557 104 38 dieſem
1906 2556 98 39 Jahre
2037 2554 155 39 fortgeſetzt
2214 2553 125 31 werden.

1317 2604 49 40 Zu
1390 2603 106 38 dieſem
1517 2603 110 40 Zwecke
1650 2602 117 31 werden
1787 2598 466 41 Lohlweißlingsſchmetterlinge
2275 2592 64 47 auf⸗

1317 2647 112 38 fallend
1455 2646 120 40 gefärbt,
1596 2649 57 33 rot,
1686 2644 72 32 blau
1780 2646 68 31 oder
1871 2644 85 39 grün,
1990 2643 62 31 und
2075 2642 105 40 fliegen
2205 2640 134 40 gelaſſen.

1317 2691 60 31 Die
1401 2690 162 38 Abreilung
1585 2689 50 38 für
1655 2688 328 40 Pflanzenkrankheiten
2005 2687 87 31 bittet
2112 2694 65 23 nun
2199 2685 47 31 die
2260 2684 82 37 Leſer

1318 2734 93 39 dieſes
1435 2734 130 35 Blattes,
1589 2733 53 38 auf
1665 2732 141 39 derartige
1830 2730 241 40 Schmetterlinge
2092 2738 36 30 zu
2152 2729 98 39 achten
2277 2728 61 31 und

1317 2779 51 30 der
1390 2777 164 39 Abteilung
1577 2776 180 38 Mitteilung
1779 2784 37 31 zu
1838 2775 125 38 machen.
2005 2774 60 31 Am
2088 2773 94 38 beſten
2206 2771 135 40 geſchieht

1317 2822 65 31 dies
1406 2820 133 39 dadurch,
1573 2820 58 36 daß
1664 2819 46 31 die
1731 2819 104 39 Falter
1867 2819 144 39 gefangen
2042 2817 63 31 und
2138 2816 58 31 mit
2216 2816 124 39 Angabe

1317 2867 53 30 des
1395 2865 161 39 Flugortes
1580 2864 62 31 und
1666 2864 50 30 der
1738 2863 134 40 Flugzeit
1894 2863 48 30 als
1979 2861 136 37 „Muſter
2137 2860 77 38 ohne
2236 2858 99 32 Wert“

1318 2918 42 23 an
1388 2909 48 31 die
1458 2908 163 38 Abteilung
1644 2908 122 38 geſandt
1787 2908 125 30 werden.
1957 2905 70 32 Das
2053 2903 168 40 ausgelegte
2244 2902 94 38 Porto

1317 2953 75 32 wird
1409 2951 220 41 zurückgezahlt.
1659 2951 165 36 Außerdem
1845 2950 80 40 zahlt
1946 2950 46 31 die
2005 2948 164 39 Abteilung
2185 2947 49 37 für
2256 2947 83 39 jeden

1318 2996 163 40 außerhalb
1493 2995 184 39 Brombergs
1693 2995 182 40 gefangenen
1886 2993 102 40 Falter
2002 2993 64 31 eine
2077 2992 132 37 Brämie.
2240 2990 99 32 Wenn

1317 3044 34 28 es
1373 3040 79 40 nicht
1473 3039 120 40 möglich
1618 3039 43 38 iſt,
1685 3039 45 31 die
1750 3038 102 40 Falter
1874 3036 35 41 zu
1932 3037 120 39 fangen,
2075 3036 30 38 ſo
2128 3036 113 31 können
2266 3033 74 38 dieſe

1317 3085 172 31 wertvollen
1513 3083 138 38 Berfuche
1685 3083 69 38 auch
1788 3081 122 39 dadurch
1934 3080 169 39 unterſtützt
2122 3080 124 35 werden,
2281 3077 58 38 daß

1315 3130 50 30 der
1380 3128 165 39 Abteilung
1567 3136 52 28 per
1633 3127 149 38 Poſtkarte
1803 3125 155 40 mitgeteilt
1980 3125 85 36 wird,
2089 3132 91 23 wann
2205 3123 62 30 und
2290 3130 46 22 wo

1315 3173 49 31 ein
1386 3172 161 38 derartiger
1568 3170 104 40 Falter
1694 3170 162 34 beobachtet
1871 3170 117 39 wurde.

1423 3222 70 29 Das
1512 3221 62 28 evle
1591 3218 174 39 Handwerk.
1800 3215 77 33 Auch.
1902 3214 55 40 fuͤr
1974 3213 55 29 das
2049 3209 161 42 Handwerz
2229 3208 100 34 bringt

1337 3257 45 30 dic
1402 3256 137 30 wãcnecc
1558 3252 169 41 Jancescnt
1751 3250 126 41 nanc
1884 3238 209 59 Sanderui;
2118 3246 54 29 Mit
2190 3243 56 34 ichn
2281 3242 47 33 du

1337 3296 203 28 —
1557 3285 244 35 ⏑—
1822 3282 186 41 ẽnᷣ—
2026 3279 70 31 —1
2145 3279 19 41 ⏑
2191 3279 4 30 :
2201 3286 17 21 —

1339 3324 117 32 is
1493 3324 88 33 aen
1598 3321 46 29 die
1663 3318 128 42 Geſelen
1818 3318 39 29 in
1876 3315 142 34 dxbins
2046 3314 52 30 auf
2122 3313 43 40 die
2189 3311 140 43 Banger.

1338 3359 91 34 aff
1503 3359 16 28 Fe
1549 3364 62 21 Var
1640 3355 46 32 f
1715 3352 80 34 en
1827 3350 203 40 audmertec,
2044 3347 175 39 unbedingte
2255 3345 74 31 Vet⸗

1338 3392 178 33 Fndiakaĩ
1534 3390 95 32 elnige
1647 3388 93 32 Sabie
1760 3386 74 40 auf
1836 3383 221 43 Gandercait
2072 3388 126 28 gewelen
2217 3388 35 26 zu
2264 3379 65 32 ſein

1340 3428 44 31 zzð
1404 3435 62 21 ve
1491 3425 63 29 dies
1582 3424 61 29 Ane
1663 3422 55 29 A
1736 3418 320 42 Scbiſgunaafurſus,
2084 3416 74 29 denn
2184 3423 30 21 er,
2240 3414 90 41 lernte

1340 3461 91 31 debel
1451 3460 53 30 viẽ
1523 3466 68 22 an
1611 3457 58 31 ſaͤn
1682 3455 159 32 Handweck
1858 3462 31 21 in
1900 3452 125 31 anderen
2039 3449 158 32 Geaenden
2214 3446 115 32 betrieb.

2403 139 113 52 Selcke
2520 139 118 52 Serbch
2856 136 333 42 cern

2406 187 74 23 Bar·
2514 178 76 41 Fert,
2616 178 79 34 ſorat
2799 171 96 50 Stat
2992 173 47 31 die
3063 174 114 30 meiter?

2525 211 194 34 Reierkarie
2751 210 67 39 and
2842 209 47 33 Be
2992 216 27 27 .
3050 207 84 33 Err
3163 206 30 31 8

2408 245 109 36 —
2780 243 125 34 eœeti

2407 426 89 23 wern
2512 421 34 27 es
2563 418 76 32 ſagt
2870 423 64 22 Der
2947 415 70 30 was
3030 412 109 33 erigm

2408 455 67 29 was
2492 453 83 32 kent
2592 427 190 89 —
2796 449 179 34 ledermann
3009 461 33 7 —
3283 444 118 35 ——

2408 488 78 30 —
2561 474 41 54 —⏑
2615 485 19 35 ⏑
2655 484 169 33 ——
2930 483 19 34 —
2966 481 49 32 —⏑
3029 480 93 33 —
3138 480 171 34 —
3325 478 74 33 1

2410 520 130 33 —
2590 522 87 39 —
2731 518 98 34 —
2843 516 113 45 —
3024 510 56 55 ———
3167 515 68 33 ——

2411 554 76 32 —
2504 555 45 30 —
2594 557 40 28 ⏑:
2658 554 9 31 p
2670 553 113 33 —
2757 542 19 52 ⏑
2811 553 56 29 —
2892 550 18 32 —
2923 550 203 33 —
3100 542 66 52 n—
3195 549 20 33 —
3290 556 7 22 ⏑
3308 542 18 52 ⏑

2410 589 116 33 ſtellungen
2581 588 62 30 und
2736 587 71 30 inen
2830 585 77 31 wirz
3005 579 80 45 aber
3197 583 56 31 dasz

2411 626 66 30 —
2489 598 34 57 —
2651 595 139 60 ⏑
2804 627 60 25 ⏑
2883 593 197 59 —
3172 584 28 67 —
3214 578 58 85 ⏑
3270 582 130 67 —

2477 689 240 43 Schneidemůhl,
2740 693 51 27 14.
2806 688 102 39 April.
2937 679 227 57 Gerſchiede
3173 679 90 57 nes)
3292 683 46 33 An
3342 679 81 57 den
3451 701 13 2 8

2390 736 116 40 Folgen
2528 737 80 30 einer
2621 734 181 39 Vergiftung
2824 731 150 40 geſtorben
2996 730 35 37 iſt
3053 729 43 31 im
3117 729 127 39 hieſigen
3263 726 148 34 Kranken-

2390 780 90 40 daufe
2493 780 48 32 die
2563 781 39 29 28
2618 778 97 39 Jahre
2729 777 62 40 alte
2803 776 69 40 Da
2894 774 115 37 Welle,
3022 773 48 43 die
3090 781 62 24 dvon
3174 772 80 45 einer
3268 770 143 40 Norchel
3396 766 10 58 .

2391 825 92 38 fuppe
2504 822 128 42 gegeffen
2653 822 91 39 hatte.
2768 819 128 32 Der
2916 813 335 45 Fundumterſchlagung
3284 814 54 39 hat
3361 814 50 40 ſich

2391 868 49 31 ein
2461 868 111 40 junges
2586 865 146 39 Madchen
2754 863 128 40 ſchuldig
2906 861 134 41 gemacht.
3064 860 57 32 das
3142 867 55 24 dor
3218 863 79 27 etwa
3319 858 93 33 einem

2393 912 99 39 Jahte
2524 911 65 31 eine
2611 911 122 38 goldene
2754 908 63 39 Uhr
2838 907 75 38 fand
2945 906 63 31 und
3028 904 76 38 dieſe
3132 904 51 37 für
3213 903 52 39 fich
3298 901 113 40 behielt.

2392 1008 54 31 Fur
2478 999 128 39 Anzeige
2638 995 132 42 gebracht
2803 995 131 32 worden.
2957 1009 42 6 —
3020 991 77 33 Eine
3129 990 158 41 etgötzliche
3319 989 94 40 Szene

2391 1043 54 32 dot
2466 1043 49 38 ſich
2543 1043 84 39 heute
2649 1040 107 39 mittag
2790 1039 57 31 den
2868 1037 164 39 Baſſanten
3065 1035 53 32 des
3137 1035 106 32 Neuen
3264 1033 146 33 Marktes.

2391 1089 20 29 5
2428 1086 141 40 Galiziet,
2591 1086 143 31 darunter
2748 1084 65 30 eine
2827 1082 95 40 Frau.
2944 1080 125 32 wurden
3084 1088 61 23 von
3161 1078 250 40 Volizeibeaiten

2392 1131 54 38 auf
2478 1131 85 30 einen
2596 1129 216 38 Kaſtenwagen
2846 1125 139 40 gehoben,
3019 1132 52 22 um
3104 1126 90 28 unter
3195 1117 145 56 polizeil
3344 1117 67 56 icher

2390 1174 167 38 Bedeckung
2589 1172 70 39 nach
2693 1172 65 32 Gut
2791 1171 144 38 Hammer
2967 1165 240 42 zurückgebracht
3225 1174 38 31 zu
3285 1165 124 32 werden.

2390 1218 60 32 Die
2473 1217 132 40 Galizier
2626 1224 102 23 waren
2751 1213 128 39 nämlich
2890 1204 269 53 kontrattbruͤchig
3171 1204 157 53 geworden
3350 1210 64 43 und

2392 1349 127 39 machen,
2552 1348 58 37 daß
2632 1356 73 23 man
2726 1347 34 30 in
2782 1342 200 41 Deutſchland
3006 1341 75 39 nicht
3102 1342 77 38 ohne
3199 1338 137 34 weiteres
3357 1340 54 32 den

2390 1393 107 37 Dienſt
2520 1392 141 38 verlaſſen
2694 1390 75 36 darf.
2812 1388 60 32 Als
2909 1386 69 39 auch
3001 1385 83 37 dieſe
3115 1384 172 40 Belehrung
3320 1383 90 40 nichts

2391 1438 144 37 fruchtete,
2572 1435 120 39 erfolgte
2712 1437 89 28 unter
2822 1432 105 40 großer
2948 1429 151 40 deiterkeit
3131 1430 51 30 der
3201 1428 211 39 Umſtehenden

2392 1481 47 31 die
2464 1479 223 39 Verladung“.
2711 1493 38 19 —
2774 1477 72 31 Das
2860 1474 183 34 Sominium
3060 1472 121 39 Schrotz.
3203 1471 103 39 bisher
3319 1470 93 40 Herrn

2391 1523 112 33 Wasto
2538 1522 127 42 gehörig,
2699 1522 36 38 iſt
2767 1520 50 38 füt
2841 1521 94 29 1973
2942 1510 79 58 900
3030 1515 91 33 Mark
3153 1525 42 22 an
3216 1516 96 38 Herrn
3339 1514 73 41 Mer

2390 1568 90 40 Jahn
2510 1571 59 28 aus
2592 1565 182 37 Gramsdorf
2797 1564 46 31 bei
2864 1560 232 40 Ritſchenwalde
3129 1559 131 34 verkauft
3283 1559 128 31 worden.
3458 1578 19 15 4

2391 1612 65 32 Vot
2478 1616 77 27 etwa
2578 1611 94 30 einem
2694 1608 98 41 Jahre
2813 1607 117 37 erſtand
2953 1606 71 39 derr
3046 1603 110 32 Waslo
3185 1605 57 30 das
3266 1602 68 32 Gut
3353 1611 58 23 von
3445 1603 35 17 71

2394 1702 60 30 175
2467 1701 64 29 000
2551 1697 91 33 Mark
2664 1696 94 40 mehr!

2478 1749 200 42 Samutſchin,
2703 1751 48 29 14.
2776 1747 97 40 April.
2912 1746 63 32 Der
2996 1743 116 41 heutige
3134 1742 171 41 Biehmartt
3325 1742 86 40 zeigte

2391 1796 87 32 einen
2500 1795 77 38 nicht
2608 1802 37 32 zu
2678 1792 110 39 ſtarken
2809 1790 138 39 Auftrieb
2979 1789 61 31 und
3074 1787 37 39 iſt
3142 1789 50 31 der
3217 1786 112 39 Umſatz
3362 1786 47 31 als

2392 1839 198 39 mittelmäßig
2623 1846 37 30 zu
2693 1835 176 41 bezeichnen.

2391 1883 208 40 hochtragende
2621 1881 84 39 Kuhe
2727 1882 65 29 150
2813 1879 49 31 bis
2886 1880 64 29 500
2964 1876 99 36 Mark!
3083 1875 35 32 in
3139 1874 153 40 einzeinen
3306 1873 103 40 Falen

2392 1928 71 39 —
2590 1926 80 32 —
2681 1923 209 40 ——
2901 1921 83 39 —
2996 1918 206 40 —
3282 1918 30 31 —

2392 1973 62 30 und
2488 1969 172 39 Mittelvieh
2694 1970 61 40 260
2790 1967 49 31 bis
2873 1968 64 28 300
2970 1963 99 33 Mark.
3117 1962 131 38 Obwohl
3280 1960 129 41 Händler

2392 2014 153 40 genügend
2569 2021 127 32 zugegen
2718 2010 111 37 waren,
2853 2009 77 32 blieb
2953 2007 67 39 doch
3041 2007 59 31 viel
3123 2005 183 38 unverkauft.
3341 2005 68 40 auch

2392 2067 65 23 var
2489 2066 102 31 wegen
2612 2057 53 31 des
2699 2055 96 32 kalten
2816 2053 132 33 Wetters
2970 2051 61 32 und
3054 2051 50 31 der
3136 2050 141 40 geringen
3299 2047 111 34 Weide⸗

2393 2103 163 39 ausſichten
2578 2101 56 31 das
2650 2099 135 39 Geſchäft
2807 2098 49 31 ein
2878 2096 198 40 ſchwaches.
3075 2110 31 6 —
3128 2093 62 38 Auf
3211 2092 67 32 dem
3279 2087 130 50 Pferde⸗

2392 2147 108 31 markté
2531 2154 65 22 war
2616 2153 59 23 nur
2708 2144 48 30 ein
2790 2141 134 40 geringer
2945 2139 144 37 Auftrieb,
3123 2138 146 38 trozdem
3290 2136 119 32 wurden

2391 2190 97 38 einige
2502 2188 114 40 leichte
2637 2188 106 38 Pferde
2776 2186 49 38 für
2848 2186 64 30 360
2934 2183 47 31 bis
3016 2184 62 29 400
3100 2181 90 32 Mark
3222 2180 63 32 und
3319 2179 91 39 einige

2392 2233 231 40 Schrachtpferde
2644 2232 49 38 für
2715 2231 41 30 20
2779 2229 49 31 bis
2852 2231 42 28 30
2915 2227 90 32 Mark
3025 2226 140 36 verkauft.

2478 2283 183 42 Margonin,
2695 2285 49 29 15.
2779 2281 97 40 April.
2921 2280 48 40 Jn
3002 2279 49 31 der
3082 2277 142 40 geſtrigen
3256 2276 154 33 Stadtver⸗

2392 2315 154 56 ordneten.
2560 2315 228 56 Serſanmlung,
2822 2326 34 31 in
2889 2323 117 39 welcher
3037 2322 92 38 außer
3160 2321 95 39 Herrn
3286 2319 124 40 Bürger-

2393 2374 112 38 meiſter
2537 2373 208 38 Baumgarten
2768 2372 19 28 5
2816 2367 265 34 Stadtverordnete,
3114 2365 155 38 anweſend
3303 2371 107 29 waten,

2393 2418 100 31 wurde
2529 2415 151 40 folgendes
2714 2412 184 41 beſchloſſen:
2930 2411 59 32 Die
3021 2409 95 39 Sache
3147 2410 71 30 betr.
3241 2407 169 39 Aufnahme

2392 2461 83 32 eines
2497 2456 353 43 Bflaſterungsdarlehns
2872 2455 103 31 wurde
2998 2453 177 38 einſtweilen
3197 2455 126 36 vertagt.
3352 2450 56 33 Die

2392 2548 180 39 Grundſtück
2587 2547 91 36 follen
2694 2544 167 41 gepflaſtert
2879 2543 127 36 werden,
3027 2541 103 37 ebenſo
3146 2540 55 39 ſoll
3216 2539 58 32 das
3285 2538 125 40 Bflalter

2392 2594 55 37 auf
2468 2593 57 31 den
2547 2591 102 32 beiden
2671 2589 128 40 hieſigen
2817 2587 142 33 Märkten
2981 2584 194 40 ausgebefſert
3196 2584 128 31 werden.
3336 2578 71 47 Die

2390 2636 200 39 Anſchaffung
2605 2634 82 36 eines
2706 2632 240 39 Waſſerwagens
2967 2638 36 31 zu
3015 2627 286 43 deuerlöſchzwecen
3311 2626 99 32 wurde

2391 2775 59 24 neu
2472 2776 37 31 zu
2540 2765 192 41 gründenden
2753 2759 277 43 Ruhegehaltskaſſe
3052 2760 33 31 in
3106 2759 99 39 Boſen
3227 2758 103 31 wurde
3350 2765 59 24 ver⸗

2391 2815 74 36 tagt.
2509 2810 71 32 Voͤn
2602 2810 65 31 dem
2682 2807 120 40 Projekt
2822 2806 85 32 eines
2928 2804 186 39 Bahnbaues
3135 2796 171 59 Margonin
3311 2796 94 59 NKo⸗-

2391 2856 90 38 gajen
2513 2854 92 38 nahm
2639 2853 47 31 die
2717 2849 233 40 Verſammlung
2981 2847 162 33 Kenntais.
3189 2845 62 33 Ein
3272 2844 135 39 Beſchluß

2391 2899 101 31 wurde
2515 2897 77 39 nicht
2624 2896 106 40 gefaßt,
2764 2896 40 30 da
2825 2894 48 30 die
2896 2891 243 40 Eiſenbahnlinie
3160 2898 62 24 von
3244 2889 80 32 einer
3345 2888 63 40 thu⸗

2390 2943 160 40 ringiſchen
2573 2939 183 40 Gefeliſchaft
2780 2936 179 40 ausgeführt
2979 2935 115 32 werden
3105 2930 74 47 ſoll.

2476 2993 101 43 —
2597 2992 111 42 —
2712 2994 30 29 ⏑
2757 2989 101 40 —
2888 2987 273 37 :—
3176 2987 57 31 —
3250 2984 157 39 —

2391 3039 96 38 ſyrach
2509 3039 41 30 im
2570 3033 334 41 Landwirtſchaftlichen
2920 3032 104 34 Berein
3047 3032 49 31 der
3111 3029 297 34 Gartenbaudirektot

2390 3081 232 40 Reifſert⸗Boſen
2639 3078 231 39 überAnlage
2889 3074 314 40 Landwirtſchaftlicher
3224 3074 103 39 Haus⸗
3348 3073 58 31 und

2389 3126 208 40 Obſtgärten?.
2641 3124 113 40 Vorher
2774 3122 73 39 fand
2867 3121 66 31 eine
2947 3119 201 40 Beſichtigung
3169 3117 142 38 mehrerer
3325 3116 81 43 Obſt.

2390 3170 104 39 gärten
2517 3170 42 31 im
2582 3169 73 32 Orte
2677 3167 77 38 ſtatt.
2770 3182 44 7 —
2827 3165 192 39 Pflaſterung
3045 3163 63 32 und
3130 3162 210 39 Bepflansung
3355 3160 52 31 der
3445 3161 33 12 f

2389 3214 174 38 Sorfſtraße
2585 3213 61 37 ſind
2674 3210 205 41 fertiggeſtellt.
2923 3209 57 39 Jm
2996 3207 153 33 Sommer
3175 3206 75 31 wird
3273 3213 68 23 nun
3360 3204 47 31 der

2389 3258 151 38 Dorfplaß
2564 3257 56 31 mit
2641 3256 92 38 ſeiner
2747 3253 162 39 vierfachen
2935 3260 95 23 neuen
3048 3249 191 39 Lindenreihe
3259 3249 64 31 und
3345 3248 60 32 dem

2388 3302 146 37 Beſtandẽ
2553 3302 49 30 der
2614 3300 80 31 alten
2706 3298 162 40 mächtigen
2879 3295 140 40 Bappeln
3034 3294 95 40 gewiß
3143 3293 87 32 einen
3243 3292 164 40 prächtigen

2388 3346 117 31 Anblick
2527 3344 155 40 gewähren
2698 3343 61 31 und
2783 3342 53 38 ihn
2857 3341 46 31 im
2920 3339 94 36 Laufe
3033 3340 50 29 der
3101 3338 67 39 Zeit
3187 3345 38 32 zu
3246 3336 97 32 einem
3363 3343 43 32 ge⸗

2388 3391 107 37 radezu
2517 3388 115 32 idealen
2654 3386 139 43 Feſtplatz
2816 3383 216 42 geſtalten.
3052 3381 193 36 Oftmarlen⸗
3278 3379 128 40 Krieger.

2389 3436 62 29 und
2467 3428 495 40 Landwirtſchafts⸗
2742 3419 116 53 Verein
2857 3419 103 53 haben
2976 3425 173 39 beſchloſſen,
3166 3427 60 28 aus
3240 3423 102 38 Anlaß
3356 3425 49 29 des

2850 3481 108 36 —
3312 3481 54 36 ——

2387 3530 58 39 „ich
2472 3530 73 38 habe
2570 3528 71 38 Dich
2667 3535 103 33 —
2789 3515 85 50 —
2896 3525 73 37 habe
2994 3524 132 39 verſucht.
3155 3524 74 37 Dich
3253 3523 143 40 zurückzu⸗

1319 3541 168 40 Nfanreu.
1521 3540 76 32 Ene
1623 3537 173 39 entſetzliche,
1828 3535 168 40 angſtvolle,
2031 3532 151 33 erregende
2217 3526 119 49 Unruhe

1321 3582 81 36 hatie
1426 3580 52 36 ihn
1505 3578 185 40 ergriffen
1654 3570 36 52 —
1712 3576 78 32 nein.
1816 3576 54 36 erſt
1890 3574 98 31 wollte
2001 3582 30 22 er
2058 3541 107 68 J
2192 3574 68 28 was
2286 3571 50 29 der

1321 3619 85 35 Beict
1420 3618 127 34 euhien
1561 3625 60 22 voͤn
1632 3617 64 29 dem
1710 3615 49 30 der
1772 3615 110 32 Diener
1894 3613 167 40 geſprochen
2068 3611 88 38 haite.
2171 3610 62 32 Ein
2245 3608 91 32 Druc

1321 3659 53 36 Auf
1387 3659 56 29 den
1458 3656 188 33 Gummiball
1660 3654 56 38 gab
1730 3654 64 30 dem
1807 3652 132 37 Kutſcher
1952 3652 57 30 das
2023 3650 121 39 Zeichen
2169 3657 67 31 zum
2262 3643 73 46 Hal⸗

1319 3702 66 34 ſen;
1401 3705 29 23 E
1444 3697 55 38 gab
1514 3696 60 38 ihm
1589 3695 47 40 die
1646 3693 147 39 Beiſung.
1803 3693 69 37 nach
1883 3691 88 37 ſeiner
1980 3689 162 39 Woͤhnung
2155 3696 36 30 zu
2204 3686 112 40 fahren.

1381 3736 167 36 „Warten.“

1378 3774 44 31 Er
1449 3774 65 30 eilte
1539 3774 51 29 ins
1618 3772 87 39 Haus
1731 3771 61 30 und
1815 3769 118 38 ſtürmte
1944 3768 47 31 die
2007 3768 114 36 Treppe
2135 3765 114 38 hinauf,
2263 3764 73 36 ſeine

1320 3814 159 40 zitteraden
1502 3811 110 39 Finger
1624 3809 179 37 dermochten
1824 3809 83 30 kaum
1920 3807 56 31 den
1990 3805 144 39 Schluͤſſel
2146 3805 32 30 in
2191 3804 47 30 die
2263 3797 72 48 Nor⸗

1320 3853 133 32 ridortiir
1465 3860 35 30 zu
1514 3851 106 37 ſtecken.

1380 3890 137 38 Woift
1543 3890 45 29 Ne
1615 3888 113 37 Boſt??
1755 3887 53 36 rief
1834 3894 30 23 er
1889 3885 65 31 dem
1976 3882 113 33 Diener
2114 3884 149 38 entgegen,
2288 3880 50 31 der

1322 3930 104 39 gerade
1454 3931 58 28 aus
1538 3929 65 29 dem
1625 3926 223 37 Speiſezimmier
1874 3927 67 33 trat,
1967 3923 49 30 ein
2038 3921 120 33 Tablettũ
2184 3920 57 31 mit
2268 3918 69 33 Tel⸗

1323 3972 62 29 lern
1401 3968 60 31 und
1476 3967 124 37 Gläſern
1614 3966 33 30 in
1660 3966 56 29 den
1728 3965 134 37 Händen.

1381 4007 67 71 —
1461 4007 94 37 Herrn
1569 4004 197 36 Rittmeiſters
1779 4001 158 41 Zimmer.“

1382 4045 120 37 Gebẽn
1516 4044 56 32 Sie
1587 4043 74 31 mal
1675 4043 48 37 her
1735 4058 37 6 —
1786 4042 108 36 taſch!⸗

1378 4085 64 31 Der
1455 4083 101 32 Mann
1570 4082 89 35 ſtellte
1674 4081 55 30 das
1745 4080 127 37 Geſchitr
1885 4079 66 35 fort,
1973 4079 61 29 und
2055 4077 68 38 nach
2151 4075 187 31 kaum,einer

1322 4124 124 32 Miſe
1466 4123 79 36 datte
1566 4121 143 38 Maxwell
1724 4120 81 30 einen
1820 4118 81 33 Brie!
1924 4117 61 30 und
1999 4117 49 30 ein
2072 4123 76 30 paar.
2174 4113 164 38 Geſchäfts.

1323 4163 139 38 anzeigen
1472 4163 32 29 in
1523 4159 152 38 Empfang
1690 4166 191 31 genommen:
1893 4157 46 30 die
1952 4156 125 36 letzteren
2092 4153 74 35 warf
2179 4161 31 22 er
2223 4152 112 37 achtlos

1325 4211 38 22 71
1399 4201 55 31 den
1474 4199 78 38 Tiſch
1566 4199 43 31 im
1635 4197 151 34 Kortidor,
1812 4196 56 30 den
1882 4194 80 36 Brief
1988 4193 88 37 ſtecte,
2103 4201 29 22 er
2149 4200 35 30 zu
2211 4190 49 37 ſich
2275 4190 60 30 und

1323 4241 108 36 öffnele
1457 4239 51 38 ihn
1533 4237 54 38 erft
1613 4236 53 35 auf
1690 4236 49 30 der
1765 4235 122 36 Treppe.
1908 4233 43 31 Er
1976 4231 122 39 enthielt
2111 4231 93 37 nichts
2217 4229 52 31 alz
2292 4228 46 31 die

1323 4280 119 31 Worte:
1459 4277 121 36 Nimm
1601 4275 73 34 Dich
1688 4275 33 30 in
1734 4275 96 36 acht!“

1379 4317 74 32 Run
1466 4316 66 37 ſuhr
1547 4324 29 21 er
1588 4323 35 30 zu
1638 4313 149 35 Wasmer,
1800 4312 61 31 und
1883 4312 168 37 unterwegs
2065 4307 159 40 zerpflücte
2238 4314 30 23 er
2281 4307 58 29 das

1324 4357 157 38 Schreiben
1508 4355 32 29 in
1574 4362 54 29 ganz
1641 4352 89 31 kleine
1756 4351 106 39 Fetzen,
1874 4344 59 55 die
1946 4344 39 55 er
2001 4348 92 38 rechts
2107 4346 59 31 und
2181 4346 78 30 links
2271 4353 68 31 zum

1307 4390 236 47 Wagenfenſter
1714 4362 54 68 en
1803 4389 68 35 ließ.

1380 4427 44 37 Er
1437 4432 70 37 fand
1522 4433 55 29 den
1592 4430 128 38 Freund
1736 4430 38 30 da
1787 4432 32 27 es
1836 4428 140 38 Sonntag
1988 4433 73 27 war,
2075 4433 74 31 ganz
2162 4422 102 35 allein,
2278 4421 61 31 und

1322 4481 81 31 zwar
1429 4471 75 38 nicht
1529 4471 32 29 in
1576 4470 106 37 feinem
1696 4467 131 34 Buregu,
1841 4467 121 37 ſondern
1975 4465 32 29 in
2022 4464 106 35 ſeiuem
2147 4457 192 47 Arbeitszim⸗

1325 4520 72 22 Nec.
1423 4510 77 33 Ran
1527 4510 51 29 der
1605 4508 140 37 geſtrigen
1763 4506 94 39 Szene
1884 4505 76 36 hatte
1974 4503 140 31 Wasmer
2140 4501 50 38 ſich
2213 4499 125 40 ziemlich

1324 4550 67 39 tuhf
1405 4557 60 23 von
1479 4546 142 40 Maxwen
1636 4549 139 35 getrennt.
1792 4544 86 37 Das
1892 4545 72 29 lann
1961 4536 54 57 ſie
2023 4540 58 32 Dit
2075 4534 90 48 nicht
2171 4538 149 39 vergeben.

1325 4589 80 35 halte
1418 4596 31 22 er
1463 4587 105 39 geſagi.
1584 4585 96 37 nein,
1693 4585 57 29 das
1764 4584 100 36 nicht.
1896 4582 63 31 Der
1985 4578 179 37 Rittmeiſter
2190 4578 79 36 hatte
2294 4576 46 30 die

1325 4627 118 37 Achſein
1470 4625 104 38 gezuct
1601 4623 60 30 und
1677 4622 194 39 geſchwiegen.
1896 4621 57 30 Um
1967 4620 29 35 ſo
2018 4618 82 38 mehr
2125 4625 64 22 war
2203 4615 137 39 Stephan

1326 4668 58 38 jeßt
1399 4664 166 36 überraſcht,
1580 4661 50 32 als
1646 4662 86 32 dieſer
1745 4660 49 38 ſich
1831 4660 23 30 bei
1869 4659 38 70 za
1944 4658 115 30 melden
2074 4656 66 37 ließ.
2154 4655 61 31 Ein
2224 4653 117 37 Dienſt⸗

1329 4712 93 23 munn
1438 4703 78 37 hatte
1529 4702 62 37 ihm
1606 4701 70 30 eben
1689 4699 166 37 Dorothees
1899 4697 51 35 Brief
1943 4689 157 51 gebracht,
2107 4693 53 31 und
2177 4702 30 22 er
2220 4693 119 39 glaubte

1324 4745 77 37 nicht
1414 4742 118 34 anders,
1548 4741 49 29 als
1613 4738 142 40 Maxwell
1770 4738 77 30 kame
1860 4737 31 29 in
1904 4735 146 37 derfelben
2063 4733 93 37 Sache
2169 4740 36 31 zu
2217 4732 71 37 ihm.

1382 4781 78 30 Aber
1481 4781 68 33 noch
1575 4779 49 37 ehe
1647 4778 47 30 ein
1709 4777 123 30 anderes
1845 4775 86 31 Wort
1944 4773 161 40 gewechſelt
2124 4771 121 31 worden
2267 4777 71 29 war,

1324 4825 60 27 trat
1410 4818 153 40 Narwel.
1590 4817 46 30 die
1648 4816 66 31 Tut
1739 4816 94 37 hinter
1859 4814 48 35 ſic
1935 4813 50 36 felt
2009 4813 53 29 ins
2076 4810 110 37 Schloß
2213 4808 126 40 ziehend.

1324 4860 53 33 Af
1404 4859 52 38 ihn
1469 4865 35 31 z
1518 4857 55 30 mit
1599 4856 56 30 den
1682 4854 137 32 Botten:
1843 4852 164 37 Wasmer,
2033 4850 41 37 ich
2101 4849 51 30 bin,
2178 4847 160 34 verloren

1324 4899 63 29 and
1414 4896 50 39 Hed
1490 4896 89 31 dieier
1604 4894 70 33 noch
1701 4896 94 27 etwas
1810 4896 160 34 enigegnen
1996 4890 112 33 tontite,
2125 4887 68 38 fuhr.
2213 4895 29 21 er
2267 4885 72 36 fxr:

1325 4936 100 36 Man
1440 4934 34 37 iſt
1488 4935 52 33 auf
1562 4933 100 34 unſere
1676 4931 199 36 Spielabendẽ
1894 4928 189 35 aufmertſam
2100 4921 163 54 geworden.
2277 4919 64 45 Bär

1326 4975 35 36 ift
1374 4975 60 36 fort
1449 4989 35 7 —
1499 4972 89 31 Siort
1601 4971 35 35 iſt
1649 4971 59 31 fort
1720 4985 37 7 —
1771 4969 38 36 ich
1834 4968 136 36 befürchte
1982 4966 58 30 das
2054 4964 174 39 ſchümmſte.
2254 4961 87 33 Dazu

1323 5015 50 68 5*
1404 5012 127 38 unſelige
1547 5009 111 37 Schuͤd
1673 5017 59 23 von
1745 5003 378 42 fünfundzwanzigtauſend
2139 5002 129 31 Gulden
2323 5003 17 27 Es

1345 5052 67 37 richt
1427 5052 75 30 alles
1516 5050 71 30 über
1601 5049 71 36 mich
1687 5047 122 38 herein
1822 5045 42 32 Er
1878 5048 58 27 rrat
1948 5013 89 69 —
2053 5042 55 31 mit
2120 5042 65 30 dem
2199 5039 68 40 Fuß
2280 5038 62 33 aul.

1382 5089 75 40 Jch
1471 5088 75 41 habe
1558 5091 33 27 es
1606 5087 133 31 kommen
1751 5085 91 38 ſehen,
1855 5084 103 35 alles,
1974 5084 168 37 entgesnete
2161 5079 52 32 der
2225 5078 116 37 andert,

2386 3569 108 45 halten.
2520 3568 146 38 Lielleicht/
2691 3566 79 42 habe
2791 3566 39 39 ich
2844 3574 36 31 it
2898 3565 65 38 ſnat
2986 3563 128 33 Einblic
3137 3571 172 32 gewonnen,
3323 3561 70 32 viel⸗

2387 3609 82 38 leicht
2487 3607 79 37 hätte
2592 3610 32 28 es
2650 3606 69 31 aber
2733 3605 68 38 auch
2828 3604 99 37 früher
2939 3603 96 34 nichts
3043 3603 136 39 genutzt

2445 3646 115 37 Wenn
2586 3649 33 28 es
2643 3653 67 31 zum
2737 3644 177 36 Aeußerſten
2937 3643 118 33 kommt.
3078 3640 166 38 Stephan.
3271 3639 55 35 rief.
3350 3639 47 31 der

2387 3684 189 38 Ritimeifter.
2600 3691 104 30 wenn
2718 3690 139 23 wenn
2882 3681 41 37 ich
2936 3681 81 31 eines
3035 3679 199 39 Verteidigers
3262 3677 135 35 bedürfen

2387 3725 91 35 fonte
2504 3723 89 36 Siũſt/
2615 3722 54 31 Du
2695 3721 80 32 mein
2788 3720 126 32 Anwalt
2925 3720 68 37 ſein,
3018 3719 74 31 kann
3117 3719 39 38 ich
3171 3717 53 37 zuf
3247 3717 73 36 Dich
3333 3715 65 40 zah⸗

2388 3763 72 31 len?
2485 3763 52 31 Du
2551 3762 62 38 haſt
2627 3760 69 36 Ruf,
2722 3761 61 30 und
2797 3760 52 32 Du
2863 3759 64 38 haſt
2952 3757 128 39 Anſehen
3093 3758 61 30 und
3168 3756 191 33 Bertrauen.

2444 3802 112 31 Dortor
2577 3809 60 22 von
2655 3799 142 32 Wasmer
2821 3798 85 36 ſtaüd
2931 3797 56 31 mit
3012 3796 63 31 dem
3095 3795 110 32 Rücken
3226 3803 92 30 gegen
3342 3793 56 31 das

2387 3840 125 39 Fenfter.
2539 3849 31 21 er
2596 3843 105 27 atmete
2727 3837 100 37 ſchwer
2853 3836 63 32 und
2941 3843 75 29 rang
3040 3835 57 30 mit
3129 3836 78 30 einer
3220 3834 112 38 groen
3345 3832 54 31 Ei⸗

2387 3888 121 30 degung.
2522 3879 47 30 die
2590 3879 104 37 Augen
2706 3876 162 39 Maxwells
2882 3875 110 39 hingen
3003 3882 41 22 an
3057 3873 105 37 ſeinem
3175 3873 116 37 Antlit,
3305 3870 95 41 angſt⸗

2388 3920 71 34 vou,
2474 3917 202 38 beſchwörend.
3291 3919 71 11 —

2447 3956 144 36 Waͤram
2605 3954 170 37 antworteſt
2795 3953 54 32 Du
2861 3952 77 38 nicht
2944 3952 32 31 ?⸗
2989 3950 94 40 fragte
3095 3959 31 23 er
3137 3950 83 32 dann
3246 3949 57 32 mit
3324 3948 76 31 einer

2388 3998 152 32 trockenen,
2556 3994 122 38 heiſeren
2690 3993 142 31 Stimme.

2448 4033 157 38 Weile
2631 4033 58 30 mir
2701 4032 101 36 ſchwer
2816 4030 86 36 wird,
2926 4028 60 33 Dir
3006 4036 36 31 zu
3067 4031 177 31 antworten,
3271 4026 70 31 weil
3360 4024 38 37 ich

2389 4072 59 32 Dir
2475 4073 46 30 die
2546 4072 139 30 Antwort
2698 4070 75 38 nicht
2799 4069 91 39 geben
2904 4069 82 34 kann,
3013 4067 46 31 die
3082 4066 53 33 Du
3161 4065 162 40 wünſcheſt.
3343 4064 56 32 Ed⸗

2389 4112 103 36 muͤnd,
2513 4111 39 37 ich
2567 4112 74 29 kann
2661 4109 80 31 Dein
2763 4107 182 39 Verteidiger
2958 4106 74 38 nicht
3044 4105 133 36 werden,
3188 4105 70 31 weil
3289 4104 41 37 ich
3359 4105 39 29 an

2372 4145 114 48 Deine
2502 4143 248 70 SZchuldloſigkeit
2775 4147 77 37 nicht
2863 4145 136 40 glaube.

2447 4198 79 27 „Ha!

2447 4226 144 39 Naxwell
2615 4225 70 35 ſtieß
2707 4225 57 30 das
2778 4223 88 32 Wort
2879 4223 113 38 hervor,
3006 4223 72 37 kurz.
3101 4222 122 37 beinahe
3236 4219 137 39 drohend⸗

2449 4266 71 36 Dů
2545 4265 63 38 haſt
2633 4263 126 41 gefpielt,
2783 4262 151 36 Edmund,
2967 4261 55 30 wie
3047 4261 49 29 der
3123 4259 180 33 Genileman
3329 4257 72 36 nicht

2390 4305 109 37 ſpielen
2512 4303 91 36 darf.

2447 4342 144 39 Maxwell
2610 4342 66 38 juhr
2687 4340 59 36 auf,
2774 4340 70 31 aber
2868 4347 56 23 por
2937 4339 66 30 dem
3020 4337 119 38 ernſten,
3152 4336 248 39 durchbohrenden

2392 4381 76 32 Blic
2481 4382 157 36 Stephans
2652 4381 89 36 ſenkte
2753 4388 31 22 er
2797 4379 56 30 den
2865 4378 106 36 ſeinen.

2449 4421 73 37 y
2536 4420 108 37 üng,
2658 4420 39 33 ich
2706 4418 117 36 dergaß
2830 4417 60 36 daß
2897 4416 54 32 Du
2961 4407 52 55 auf
3018 4415 64 30 dem
3091 4414 114 31 idealen
3214 4411 188 38 Standpuntt

2392 4459 90 40 ſtehft.
2496 4466 58 23 iur
2566 4458 46 31 die
2622 4457 134 36 lauterſte
2792 4455 114 36 Lnjchuĩd
2914 4463 35 30 zu
2959 4453 200 36 vetteidigen.
3168 4452 54 33 tien
3229 4462 29 21 er
3267 4446 131 46 ſvöttiſch.

2450 4497 71 36 Du
2546 4498 74 35 irrſt.
2645 4496 55 39 Jch
2727 4495 75 37 habe
2813 4493 146 39 Nachſicht
2982 4492 61 31 und
3069 4491 195 37 Verſtändnis,
3284 4491 46 33 kir
3346 4490 54 29 ale

2393 4536 200 37 meüfchlichen
2606 4534 158 39 Bergehen
2791 4533 47 31 die
2862 4533 35 30 in
2923 4532 78 30 einer
3025 4530 109 39 großen
3160 4527 239 39 Leidenſchaft.
3361 4523 41 54 in

2389 4575 96 31 einem
2499 4574 209 39 ungezügelien
2721 4572 238 36 Temperament,
2972 4570 33 30 in
3025 4569 112 37 heißem
3164 4567 76 32 Blut
3253 4568 82 35 ihren
3349 4567 49 29 ur⸗

2391 4614 107 39 ſprung
2527 4613 102 35 haͤben
2643 4611 60 31 und
2721 4611 96 30 einem
2831 4609 127 38 derartig
2972 4607 230 38 Geſtrauchelten
3228 4607 60 29 und
3290 4600 110 47 Gefal⸗

2392 4653 85 30 lenen
2491 4652 101 30 wůrde
2605 4651 49 37 ich/
2668 4650 29 33 ſo
2712 4651 89 37 lange
2813 4648 70 36 noch
2898 4648 47 29 ein
2960 4646 82 32 eim
3062 4654 51 30 zur
3126 4645 158 37 Seſſerung
3298 4645 31 30 in
3344 4643 55 36 ihm

2391 4691 51 37 ſich
2469 4695 68 29 regt.
2559 4690 78 30 mein
2657 4687 86 32 Wort
2756 4688 76 36 nicht
2857 4686 152 38 verſagen:
3026 4684 70 31 aber
3108 4685 38 36 ich
3162 4684 74 30 kann
3263 4683 75 36 nicht
3357 4679 44 34 füt

2392 4729 84 31 Anien
2543 4737 61 22 Mann
2627 4728 31 30 in
2671 4727 46 30 die
2732 4726 166 36 Schranken
2911 4728 100 31 treten,
3035 4723 50 30 der
3108 4723 54 30 mit
3184 4722 138 36 ſehenden
3343 4720 56 30 Au⸗

2391 4776 56 60 g
2471 4767 110 37 Schritt
2593 4766 48 36 für
2666 4765 112 38 Schritt
2804 4764 52 35 auf
2882 4763 80 30 einer
2973 4762 88 36 Bahn
3081 4762 250 37 weitergegangen
3360 4753 40 45 iſt.

2414 4815 65 22 eren
2492 4806 85 31 Ende
2612 4814 29 21 er
2666 4803 198 38 oorausſehen
2893 4801 107 36 mußte.
3025 4800 55 38 Jch
3108 4800 101 36 nehnie
3234 4806 36 31 zu
3296 4798 105 31 Deiner

2393 4844 78 39 Ehre
2490 4853 49 26 an
2566 4844 58 36 daß
2649 4843 71 34 Dich
2736 4842 131 37 anfangs
2889 4848 58 22 nur
2972 4839 46 30 die
3043 4837 190 36 Leidenſchaft
3256 4836 145 39 beherrlot

2393 4883 68 69 3
2480 4884 82 29 dann
2575 4883 68 30 aber
2662 4883 61 29 kam
2735 4879 191 40 ungezůgelte
2944 4877 181 36 Genußſucht
3137 4877 61 30 und
3212 4876 46 30 ein
3274 4879 127 26 verwerſ⸗

2407 4922 70 35 Wer
2500 4922 89 37 Haug
2614 4920 48 35 für
2687 4919 100 39 Luxus
2801 4918 60 30 und
2885 4916 166 39 Ueypigteit
3075 4915 83 34 dazu.
3173 4914 60 30 und
3247 4914 53 31 Du
3323 4912 77 35 ſpiel⸗

2476 4969 52 22 un
2541 4967 119 23 von
2673 4958 88 37 Scn
2825 4956 93 31 leben.
2931 4954 64 31 n
3008 4955 92 29 enem
3155 4958 53 29 Kort/
3234 4954 58 29 das
3320 4946 81 39 Sxie

2393 4999 101 31 Sude
2516 4998 80 32 Dein
2619 4996 149 32 Geinſerbe.
2795 4995 138 36 nachdem
2947 4994 46 30 die
3016 4992 107 32 Quelle
3142 4993 52 29 des
3207 4991 59 31 Dir
3281 4994 53 35 zu
3348 4988 52 31 Ge⸗

2393 5037 67 32 boie
2472 5036 151 38 ſtehenden
2635 5043 110 32 grohen
2757 5033 189 40 Bermoͤgens
2958 5031 109 33 Deiner
3086 5030 82 41 Ftau
3181 5028 129 40 verſiegt
3322 5029 76 28 durg

2391 5075 96 34 Deine
2513 5075 111 40 Schuld
2638 5076 119 37 derſiegt
2769 5073 92 31 war.
3358 5064 43 38 0

2389 956 78 40 Jeßt
2473 955 35 38 iſt
2517 956 58 30 das
2582 953 147 39 Nadchen
2737 961 61 22 von
2806 952 80 31 einer
2894 949 93 40 Frau,
2996 947 46 33 die
3055 956 61 23 von
3126 948 66 31 dem
3200 946 92 41 Sund
3304 946 106 38 wußte.

2391 1262 71 40 nach
2485 1259 228 41 Schůeidemühl
2734 1259 180 39 gekommen.
2945 1264 53 22 um
3028 1254 63 39 hier
3112 1253 103 32 Arbeit
3235 1261 38 32 zu
3302 1252 109 40 ſuchen.

2391 1305 62 32 Ein
2475 1303 196 40 Solmeiſcher
2704 1302 102 38 muͤßte
2838 1301 92 38 ihnen
2963 1298 54 38 auf
3047 1298 50 31 der
3119 1296 116 41 Bolizei
3267 1295 55 40 erſt
3353 1295 60 33 klar
3443 1293 28 26 ſ

2390 1654 243 41 —
2706 1625 26 74 ⏑
2724 1654 64 29 —
2799 1648 185 34 ⏑
3218 1647 33 40 ⏑
3352 1629 133 65 111

2920 1832 125 40 Gezahlt
3075 1832 125 31 wurden
3234 1830 49 39 für
3315 1830 96 38 prima
3447 1854 36 23 61

2390 2504 230 39 Kirchhofftraße
2635 2502 87 38 ſowie
2737 2501 47 31 die
2799 2499 114 38 Straße
2932 2506 69 32 zum
3015 2497 186 39 Acerbürger
3221 2494 188 40 Mönchſchen

2391 2680 177 39 beſchloffen,
2590 2668 73 55 falls
2675 2678 57 31 der
2746 2673 357 42 Feuerſozietätsdirektor
3125 2672 65 32 eine
3202 2670 136 39 Beihilfe
3353 2669 55 32 bei⸗
3444 2667 32 30 .

2392 2724 114 37 ſteuert.
2549 2722 61 32 Die
2623 2720 94 39 Sache
2739 2720 71 31 betr.
2833 2718 126 39 Beitrag
2980 2718 49 30 der
3051 2716 96 32 Stadt
3167 2714 173 40 Margonin
3360 2722 49 31 zur
3445 2723 23 40 7
