2134 3151
849 146 58 9 —t

96 248 150 45 verraͤther
268 246 86 41 ſeien.
398 245 68 35 Und
495 246 65 43 doch
588 244 88 45 ſteckte
703 244 73 42 dieſe
803 244 116 42 Farben
946 246 50 35 der

95 301 107 41 Kaiſer
222 300 81 43 ſelbſt
325 300 32 33 in
378 300 50 34 der
443 299 139 45 Hofburg
606 298 64 44 auf.
716 297 70 43 Alſo
778 293 61 55 iſt
846 300 55 33 der
914 298 81 34 Kai⸗

95 355 41 36 ſer
165 355 49 33 ein
240 353 163 42 Verräther
435 354 51 34 des
514 351 133 36 Landes!
693 350 156 44 Lächerlich
883 352 32 41 iſt
950 351 45 34 die

95 406 183 45 Anmaßung
316 407 81 34 eines
436 409 110 33 andern
576 404 116 43 Grafen
720 404 107 42 Thun,
867 404 47 34 der
943 403 49 35 als

92 460 255 44 Oberſtburggraf
372 460 136 43 Böhmen
536 457 150 45 beglücken
722 458 61 34 und
817 457 44 35 die
887 457 106 38 Rechte

92 514 51 33 der
165 513 163 43 Deutſchen
349 513 121 43 wahren
491 512 86 34 wird.
622 510 138 43 Derſelbe
788 511 113 34 deutete
928 511 65 34 dem

92 566 182 43 Deputirten
297 567 48 34 der
366 566 147 42 deutſchen
535 564 108 42 Partei
665 564 32 33 in
720 563 147 44 Böhmen,
892 562 100 45 Herrn

92 620 189 44 Hartmann,
308 630 54 32 an,
393 619 58 41 daß
480 627 29 25 er
536 617 43 34 die
601 617 170 34 benannten
792 616 61 34 drei
875 616 117 40 Farben

92 675 70 41 auch
193 674 76 42 nicht
298 683 70 33 gern
398 671 71 44 ſehe.
514 670 82 36 Dies
623 670 167 41 unterſtand
822 680 28 23 er
880 668 47 44 ſich
958 679 34 32 ze

92 726 100 43 Wien,
216 727 136 34 inmitten
368 726 77 33 einer
460 723 146 45 deutſchen
621 723 216 45 Bevölkerung,
862 723 50 34 als
928 722 63 34 Be⸗

92 784 92 29 amter
207 780 80 33 eines
311 778 121 41 Fuͤrſten
456 777 240 43 auszuſprechen,
730 777 46 33 der
800 777 45 33 die
867 775 124 43 dreifar⸗

91 831 64 45 bige
176 833 101 43 Fahne
299 830 81 44 ſelbſt
402 838 55 27 vor
479 830 88 35 allem
589 830 92 35 Volke
708 829 144 44 ſchwang.
900 828 92 35 Einer

90 886 50 33 der
168 884 218 44 Stimmführer
418 892 60 26 von
509 884 50 33 der
593 883 149 34 radikalen
770 881 221 45 Czechenpartei

90 938 173 44 behauptete
286 937 92 44 ſogar,
402 937 45 33 die
471 936 172 45 dreifarbige
658 935 102 45 Fahne
781 935 37 43 ſei
833 936 63 33 dem
911 935 79 34 Kai⸗

88 991 43 42 ſer
152 992 54 33 mit
228 989 124 36 Gewalt
375 990 223 44 aufgedrungen
619 993 131 31 worden.
790 987 60 36 Ein
871 988 117 42 ſchönes

89 1044 201 41 Compliment
312 1042 50 43 für
385 1043 43 34 die
449 1042 90 44 Kraft
561 1044 48 33 der
632 1042 191 49 Regierung!
861 1041 57 34 Am
935 1044 51 32 24.

88 1096 52 42 ſoll
164 1097 62 33 eine
249 1095 227 45 Verſammlung
506 1096 72 34 aller
604 1094 229 46 wohlgeſinnten
864 1094 125 35 Slaven

86 1150 34 33 in
142 1148 88 45 Prag
254 1149 305 42 zuſammenkommen,
589 1158 50 25 um
661 1148 73 34 uͤber
756 1149 44 34 die
822 1148 166 41 Jntereſſen

87 1204 51 32 der
164 1202 234 42 öſterreichiſchen
424 1195 178 48 Monarchie
629 1201 159 43 Beſchlüſſe
820 1212 34 32 zu
887 1200 99 44 faſſen,

86 1257 27 32 d.
138 1255 29 44 h.
192 1257 45 33 die
259 1255 162 44 Deutſchen
446 1251 58 39 aus
528 1254 137 42 Böhmen
688 1263 35 34 zu
746 1255 89 44 jagen
860 1255 58 32 und
943 1253 44 34 die

84 1306 177 44 Monarchie
285 1308 91 34 einem
392 1308 159 42 ſlaviſirten
570 1307 129 43 Scepter
718 1317 37 33 zu
776 1306 207 43 unterwerfen.

85 1360 51 35 So
160 1362 69 34 weit
250 1362 63 41 iſt's
338 1362 176 44 gekommen!
562 1360 67 35 Und
657 1362 132 42 dagegen
820 1359 97 42 wiſſen
941 1360 44 34 die

82 1413 164 44 Deutſchen
269 1415 93 44 nichts
387 1413 132 42 Beſſeres
543 1423 36 33 zu
602 1413 89 45 thun,
722 1414 50 33 als
796 1423 34 32 zu
852 1413 131 42 proteſti⸗

82 1468 73 33 ren?
203 1468 100 34 Wenn
337 1469 115 33 werden
481 1466 36 42 ſie
551 1476 50 32 zur
633 1466 180 42 Erkenntniß
846 1466 137 40 kommen,

84 1519 57 41 daß
158 1518 36 42 ſie
209 1529 58 24 nur
280 1521 32 33 in
328 1520 62 33 dem
404 1520 198 43 unbedingten
619 1519 145 42 Anſchluß
786 1529 41 24 an
843 1519 140 43 Deutſch⸗

84 1571 71 34 land
181 1572 45 41 ihr
240 1572 71 44 Heil
334 1572 97 42 finden
454 1572 136 34 können?
628 1570 129 35 Bleiben
780 1570 37 41 ſie
840 1576 140 39 getrennt,

81 1623 28 41 ſo
134 1625 116 32 werden
272 1624 35 40 ſie
329 1624 82 43 durch
435 1625 45 33 die
502 1624 174 42 Protektion
706 1625 49 32 der
778 1623 124 35 Slaven
924 1624 57 33 alle

79 1675 65 41 jene
173 1675 103 42 Uebel,
316 1676 104 43 welche
453 1675 35 41 ſie
521 1677 83 42 durch
639 1677 43 32 die
709 1675 269 42 Maͤrzrevolution,

80 1728 69 42 halb
174 1737 80 33 zwar
276 1734 78 36 nur,
370 1729 203 44 abgeſchüttelt
594 1728 107 43 haben,
724 1729 107 33 wieder
853 1728 55 42 auf
930 1728 50 40 ſich

570 1780 199 24 RaſſiritciiſGa
792 1781 177 21 Cinitiſatia,

264 1781 40 8 —2

228 1784 106 33 murfen
571 1803 80 20 5u51
660 1792 104 31 uniiche
793 1787 188 40 Eiviliaton

229 1805 123 18 muͤſſen,

79 1834 73 32 wird
177 1832 36 38 ſie
235 1835 69 42 noch
328 1834 145 43 fuͤgſamer
496 1835 126 42 machen,
648 1834 51 33 als
715 1833 36 41 ſie
768 1839 31 29 es
815 1834 61 41 jetzt
890 1844 90 35 gegen

79 1885 63 33 eine
169 1885 197 46 ohnmächtige
388 1886 173 45 Regierung
591 1886 71 41 ſind.
708 1886 70 35 Wir
805 1886 96 44 hoffen
929 1898 51 32 zur

80 1937 79 44 Ehre
181 1940 53 33 des
258 1939 147 44 deutſchen
427 1939 127 41 Volkes,
580 1940 56 41 daß
660 1938 50 43 ſich
735 1941 44 32 die
802 1949 89 35 ganze
914 1951 64 34 ger⸗

77 1991 139 43 maniſche
232 1992 117 35 Nation
366 1993 118 41 erheben
499 1993 83 41 wird,
606 2002 52 23 um
672 1993 44 32 die
733 1992 145 43 gaͤnzliche
888 1993 90 35 Voll⸗

78 2045 116 44 endung
218 2046 52 33 des
293 2045 176 43 Verrathes,
494 2048 53 32 den
571 2046 43 33 die
637 2044 211 45 öſterreichiſche
867 2046 108 45 Regie—

75 2106 78 34 tung
177 2107 40 24 an
239 2099 56 32 den
319 2099 144 41 deutſchen
484 2098 142 45 Buͤrgern
647 2098 198 42 Oeſterreichs
869 2108 34 32 zu
926 2099 49 33 be⸗

77 2150 91 43 gehen
190 2150 40 34 im
249 2150 132 44 Begriffe
402 2151 42 41 iſt,
468 2161 35 33 zu
526 2152 182 40 verhindern,
732 2152 59 33 und
807 2160 89 26 wenn
912 2152 62 33 dies

75 2202 76 41 nicht
172 2203 80 42 mehr
274 2203 122 45 möglich
419 2205 45 42 iſt,
494 2214 34 33 zu
556 2205 114 42 ſtrafen.
717 2203 62 35 Die
803 2203 171 45 Czechoma⸗

74 2262 67 31 nen,
165 2256 103 41 welche
291 2257 88 33 lieber
402 2263 84 28 unter
501 2261 50 31 der
567 2258 106 45 Aegide
688 2259 50 32 der
753 2257 111 42 Knute,
887 2264 86 29 unter

75 2306 47 32 der
145 2305 175 42 ſchützenden
342 2309 91 41 Lanze
462 2312 49 33 des
535 2311 131 42 Koſaken
695 2311 97 39 leben,
832 2312 51 32 als
912 2320 61 27 von

74 2360 57 31 den
152 2358 98 39 Jdeen
273 2361 50 34 der
344 2361 164 44 Deutſchen
536 2364 151 43 angeſteckt
715 2365 117 33 werden
854 2366 117 41 wollen,

417 1808 30 8 lV
480 1797 56 28 TStic

79 1780 124 43 nehmen

970 128 84 43 263

1038 246 116 35 werden
1174 243 158 44 jedenfalls
1355 244 45 33 die
1414 241 176 46 Erfahrung
1608 243 117 43 machen
1744 242 119 43 müſſen,
1886 243 57 43 daß

1037 298 45 34 die
1098 298 166 43 Deutſchen
1285 297 180 44 keineswegs
1490 296 181 44 entſchloſſen
1693 295 71 44 ſind,
1788 295 51 45 ſich
1856 297 84 42 durch

1036 352 45 34 die
1106 351 183 43 Anmaßung
1321 350 142 41 einzelner
1485 349 236 43 Parteimänner
1749 350 136 43 bewegen
1906 346 37 45 zu

1036 404 105 42 laffen,
1182 404 69 43 auch
1280 412 59 25 nur
1369 404 43 33 die
1436 402 105 35 Breite
1566 403 81 34 eines
1671 402 101 43 Fußes
1796 410 61 27 von
1878 404 65 33 dem

1035 457 149 42 deutſchen
1202 456 103 41 Reiche
1328 456 196 44 aufzugeben,
1549 457 62 33 und
1629 456 57 42 daß
1704 456 58 43 ihre
1780 455 161 44 Entſchloſ⸗

1035 510 123 43 ſenheit,
1198 510 44 34 die
1273 509 145 44 deutſchen
1446 508 122 42 Bruͤder
1595 518 55 26 vor
1676 510 50 34 der
1751 508 192 42 modificirten

1035 562 278 44 Knutenherrſchaft
1337 572 35 33 zu
1385 561 123 44 ſichern,
1532 563 176 43 mindeſtens
1733 562 70 35 eben
1824 562 28 42 ſo
1870 562 70 44 groß

1036 616 48 41 iſt,
1124 616 50 34 als
1210 616 42 34 die
1281 615 170 44 Antipathie
1481 617 48 33 der
1557 616 216 44 Czechomanen
1802 623 55 26 vor
1885 617 56 33 den

1035 669 177 42 Deutſchen.
1259 668 104 43 Schon
1392 668 96 43 haben
1514 668 52 44 ſich
1595 669 126 42 einzelne
1751 668 106 44 Theile
1878 669 62 34 des

1035 722 243 44 Boͤhmerlandes
1295 721 187 43 entſchloſſen,
1505 721 50 43 ſich
1576 722 194 35 unmittelbar
1784 727 88 30 unter
1886 722 55 34 den

1037 775 106 44 Schutz
1173 775 219 43 Deutſchlands
1421 785 35 32 zu
1486 775 128 45 begeben
1637 777 61 33 und
1726 772 50 47 ſich
1809 775 130 45 gänzlich

1035 836 62 27 von
1118 828 177 42 Oeſterreich
1319 828 192 44 loszuſagen,
1535 828 74 42 falls
1634 829 43 34 die
1698 828 134 43 flaviſche
1855 828 84 43 Par⸗

1035 882 38 34 tei
1096 882 33 34 in
1151 881 92 45 ihrem
1266 881 129 34 Treiben
1416 881 77 43 nicht
1515 882 33 34 in
1570 881 45 35 die
1639 881 152 45 gehoͤrigen
1803 881 136 43 Grenzen

1034 934 237 45 zurückgewieſen
1304 934 83 34 wird.
1433 933 69 35 Und
1531 935 40 33 da
1597 935 65 33 dies
1689 943 64 36 von
1780 935 79 35 einer
1881 945 57 25 un⸗

1034 988 218 43 entſchiedenen,
1278 986 152 44 kraftloſen
1446 987 208 44 Regentſchaft
1672 989 77 44 nicht
1769 998 36 33 zu
1828 996 110 27 erwar⸗

1032 1045 48 30 ten
1109 1041 83 45 ſteht,
1232 1041 29 42 ſo
1296 1041 73 33 wird
1398 1039 91 45 ihnen
1518 1041 82 43 wohl
1629 1041 82 34 kaum
1740 1042 47 34 ein
1815 1043 122 33 anderes

1031 1094 108 35 Mittel
1161 1094 87 43 uͤbrig
1273 1093 122 35 bleiben.
1431 1112 46 6 —
1514 1093 63 35 Ein
1605 1094 146 43 deutſches
1773 1094 81 45 Heer
1876 1103 61 26 von

1031 1150 116 38 20,000
1173 1146 120 42 Mann,
1319 1146 123 44 welches
1466 1146 138 44 Maͤhren
1627 1147 110 44 beſetzt,
1767 1148 72 35 wird
1867 1148 68 45 hin⸗

1028 1201 127 42 reichen,
1196 1201 43 33 die
1269 1200 213 42 Czechomanen
1506 1200 129 44 gänzlich
1659 1211 35 32 zu
1716 1201 128 42 iſoliren,
1874 1201 61 42 ihre

1030 1253 208 44 Propaganda
1254 1253 33 34 in
1303 1252 133 45 Maͤhren
1452 1253 239 43 niederzuhalten
1705 1255 59 33 und
1781 1255 61 44 ihre
1856 1254 78 35 Ver⸗

1029 1308 133 43 bindung
1178 1307 54 34 mit
1248 1305 203 45 Nordungarn
1467 1306 234 44 abzuſchneiden.
1731 1307 60 36 Die
1807 1308 128 45 Ungarn

1029 1361 71 33 aber
1127 1360 112 42 wiſſen,
1270 1369 48 24 um
1348 1364 67 29 was
1444 1364 33 30 es
1509 1359 51 43 ſich
1584 1359 133 44 handelt.
1765 1359 48 36 Es
1836 1360 34 42 iſt
1891 1360 43 36 die

1014 1413 157 42 Exiſtenz
1194 1413 76 42 ihrer
1299 1412 130 41 Nation,
1467 1413 45 34 die
1540 1413 56 43 auf
1624 1415 62 33 dem
1716 1413 108 42 Spiele
1843 1414 89 43 ſteht.

1027 1466 68 35 Der
1122 1466 77 45 Sieg
1233 1467 47 33 der
1311 1466 146 42 deutſchen
1493 1465 120 35 Nation
1645 1467 34 34 in
1706 1465 133 45 Maͤhren
1872 1468 59 34 und

1027 1519 139 43 Böhmen
1190 1517 94 45 ſichert
1308 1520 54 34 den
1385 1519 177 43 Magyaren
1584 1519 135 43 dieſelbe,
1760 1523 59 33 und
1843 1526 33 30 es
1898 1523 35 42 iſt

1026 1582 36 33 zu
1084 1572 114 43 hoffen,
1237 1573 58 40 daß
1324 1573 79 40 jeder
1429 1572 108 45 Ungar
1567 1573 64 34 dies
1654 1573 109 35 einmal
1785 1575 148 43 begreifen

1025 1626 86 33 wird.
1158 1625 81 43 Noch
1264 1626 31 40 iſt
1319 1626 31 32 in
1373 1635 73 34 ganz
1469 1626 179 43 Oeſterreich
1676 1627 62 34 kein
1762 1620 81 50 Jrt,
1882 1636 47 27 wo

1026 1679 47 33 ein
1088 1677 151 42 ſlaviſcher
1253 1678 104 43 Thron
1375 1678 186 43 aufgerichtet
1576 1680 115 33 werden
1707 1679 110 43 könnte,
1836 1682 95 34 weder

1025 1732 32 33 in
1084 1732 49 33 der
1162 1732 81 33 alten
1274 1730 197 43 Czechenſtadt
1499 1730 107 45 Prag,
1646 1733 76 34 denn
1751 1733 47 34 die
1828 1734 103 43 gehört

1024 1784 199 42 Deutſchland
1249 1793 54 31 an,
1331 1785 69 41 noch
1424 1793 34 32 zu
1482 1783 106 41 Wien,
1619 1792 46 27 wo
1693 1786 44 33 die
1764 1786 165 44 Deutſchen

1024 1837 95 44 gewiß
1144 1837 88 34 lieber
1253 1838 57 32 das
1333 1836 156 42 Aeußerſte
1511 1845 117 36 wagen,
1654 1838 51 34 als
1728 1838 50 44 ſich
1795 1847 62 27 von
1874 1841 54 33 den

1024 1890 125 34 Slaven
1165 1890 165 42 imponiren
1346 1889 87 42 laſſen
1450 1891 132 45 werden;
1610 1892 67 43 auch
1693 1892 77 43 nicht
1785 1902 33 33 zu
1818 1892 107 45 Peſth,

1021 1944 79 33 denn
1123 1945 64 32 dort
1203 1943 73 35 wird
1292 1944 48 32 der
1358 1941 154 45 Magyare
1527 1943 154 44 herrſchen,
1706 1944 29 42 ſo
1752 1946 89 44 lange
1857 1948 68 42 noch

1020 1996 126 43 hundert
1161 1995 139 35 Maͤnner
1321 1997 88 42 ſeiner
1425 1995 120 34 Nation
1566 1996 86 45 uͤbrig
1677 1997 70 41 ſind.
1787 1998 71 43 Alſo
1879 2000 48 34 der

1020 2048 213 44 öſterreichiſche
1256 2049 107 43 Thron
1389 2049 52 42 hat
1463 2048 177 44 Ausſichten
1666 2052 57 42 auf
1741 2052 182 43 Ambulanz!

1019 2101 68 34 Und
1112 2110 74 26 wem
1209 2102 52 44 hat
1285 2112 29 24 er
1335 2103 65 33 dies
1424 2111 35 32 zu
1481 2103 187 36 verdanken?
1714 2105 115 35 Seiner
1857 2106 65 34 Un—

1019 2155 226 43 aufrichtigkeit,
1277 2155 89 42 ſeiner
1388 2155 202 46 Weigerung,
1622 2155 50 44 ſich
1704 2157 52 35 mit
1778 2158 141 44 Deutſch⸗

1018 2208 69 33 land
1105 2218 35 32 zu
1155 2208 152 40 vereinen,
1330 2208 49 33 der
1394 2208 229 45 Begünſtigung
1641 2211 49 33 der
1707 2209 214 44 Czechomanen

1018 2271 92 34 gegen
1133 2261 42 33 die
1197 2260 171 43 Deutſchen.
1416 2261 43 35 Er
1481 2262 54 44 hat
1557 2263 85 34 kaum
1663 2263 80 45 mehr
1764 2264 81 42 Zeit,
1870 2264 48 45 ſich

1017 2314 83 34 eines
1122 2314 123 42 Beſſern
1268 2324 35 33 zu
1325 2313 145 42 beſinnen.

630 2617 256 67 Süchſiſche
917 2623 429 62 Reaktionsbriefe.

846 2723 76 39 Aus
953 2724 161 47 Zwickau.

126 2809 81 32 Viele
229 2812 109 39 unſerer
361 2813 304 44 Geſinnungégenoſſen
695 2818 98 32 wollen
822 2824 56 27 uns
903 2822 56 30 ein⸗

58 2855 95 35 reden,
192 2858 51 35 daß
274 2861 47 26 der
351 2858 112 32 Glaube
492 2869 35 22 an
556 2865 50 27 das
635 2862 224 36 Vorhandenfein
888 2865 71 32 einer

58 2897 187 33 reaktionären
268 2901 99 37 Partei
395 2903 55 31 eine
477 2904 132 40 kleinliche
640 2906 243 42 Geſpenſterfurcht
911 2909 44 40 ſei,

1004 2823 98 38 welche
1140 2822 41 31 die
1214 2821 152 35 Gemüther
1400 2824 68 35 obne
1496 2824 80 40 Noth
1606 2826 29 30 in
1661 2824 161 42 Aufregung
1850 2828 55 30 und

1003 2868 166 39 Spannung
1193 2867 114 38 erhalte.
1355 2867 65 31 Wir
1443 2870 98 29 wellen
1566 2879 57 20 nun
1645 2877 75 32 zwar
1742 2870 67 39 nicht
1826 2871 79 39 leug⸗

1001 2920 71 31 nen,
1104 2911 54 39 daß
1190 2921 36 22 an
1255 2912 43 32 ein
1328 2912 137 40 Gelingen
1493 2912 181 32 reaktionärer
1697 2913 208 43 Beſtrebungen
