2686 4432
151 96 106 44 Erſche
261 105 40 25 int
318 96 81 44 wüche
403 96 75 44 utlich

192 133 263 29 Sonnaben
393 129 62 41 ds.

185 209 277 35 Atonuementspreis:

94 268 39 21 pro
151 262 60 27 Jahr
227 261 33 24 Ls
277 262 20 24 5,
320 256 145 29 halbjährlich
482 255 71 33 Ls.3,

83 283 78 41 dierte
166 283 126 41 luͤhrlich
291 290 33 23 Ls
346 290 60 23 1.50,
434 287 118 25 monatlich

95 326 28 22 55
134 323 110 27 Santim;
263 322 28 24 im
301 320 121 24 Auslande
432 318 45 25 int!
495 318 60 27 Por⸗

110 358 22 20 fo
150 359 39 22 pro
206 353 62 29 Fahr
283 352 33 24 Ls
333 352 52 24 .850
402 349 97 25 RM.
517 350 22 24 6.

208 413 232 32 Zuſertionspreis:

96 469 39 22 pro
146 463 69 27 einſp.
227 461 119 31 Vetitzeile
359 461 33 24 od
404 462 64 23 deren
479 459 76 25 Raum

99 496 25 23 10
130 494 81 27 Sant,
221 494 30 24 im
256 493 58 30 Text
325 495 28 23 20
360 493 82 27 Saut,
450 497 37 19 am
497 490 59 26 Rorf

96 526 29 24 30
137 525 73 25 Sant
224 525 95 31 (uzügl.
331 524 58 25 1000
398 522 160 29 Stadtſteuer).

102 991 102 51 Nr.
238 990 92 71 22.

153 1113 296 58 Schwedens
475 1109 359 59 Gſtſeeſtellung.

163 1198 36 30 D.
242 1197 168 42 DerKonig
433 1206 51 19 von
528 1196 139 34 Schweden
711 1195 47 34 hat
799 1194 84 34 ſeinen

105 1237 186 34 Gegenbeſuch
317 1235 127 35 gemacht,
486 1235 124 34 nachdem
653 1232 233 35 Staatspräſident

104 1275 114 34 Semgal
245 1273 77 29 Ende
352 1272 69 28 Mai
461 1273 63 33 nach
567 1272 149 34 Stockholm
758 1270 125 35 gefahren

105 1313 68 30 war.
215 1311 94 29 Neben
353 1309 174 36 Deutſchland
568 1310 28 32 iſt
637 1309 139 34 Schweden
819 1308 67 35 ohne

104 1351 116 36 Zweifel
241 1351 39 27 die
303 1349 96 34 ſtärkſte
422 1348 98 34 Macht
542 1358 33 18 an
599 1349 43 26 der
673 1347 98 34 Oſtſee.
832 1346 55 37 Für

105 1391 39 27 die
167 1389 139 34 baltiſchen
329 1387 151 36 Jntereſſen
503 1388 27 31 iſt
552 1388 39 27 die
613 1386 101 34 Politik
736 1394 53 19 von
822 1393 65 19 aus—

105 1428 206 36 ſchaggebender
334 1426 169 34 Bedeutung,
525 1425 39 28 die
586 1426 26 26 in
655 1423 151 35 Stockholm
844 1432 42 25 ge—

106 1467 86 34 macht
213 1466 76 28 wird.
334 1464 63 31 Vor
428 1466 56 25 300
525 1463 109 35 JZahren
676 1471 58 18 war,
774 1470 28 19 es,
844 1462 43 26 der

106 1504 222 35 Schwedenkonig
350 1502 136 32 Guſtav
509 1501 124 34 Adolf,
656 1501 43 26 der
721 1500 37 27 die
794 1499 90 34 Oſtſee

106 1542 167 35 beherrſchte.
314 1540 83 36 Heute
419 1544 46 30 hat
487 1538 241 35 Deutſchlaud
751 1538 39 27 die
828 1538 57 33 ihm

106 1590 53 19 von
182 1581 43 27 der
247 1579 95 29 Natur
363 1578 203 35 vorgezeichnete
604 1577 122 33 Stellung
768 1585 35 18 an
845 1576 43 26 der

107 1618 90 36 Oſtſee
219 1618 254 34 wiedergewonſien.
516 1615 89 34 Dafür
641 1616 28 29 iſt
710 1613 177 36 Rußland

108 1667 34 19 an
166 1659 43 26 der
238 1656 90 34 Oſtſe?
370 1657 45 26 ins
456 1654 174 28 Binnenland
670 1652 218 36 zurückgedrängt

109 1696 117 28 worden.
268 1694 88 35 Zwar
377 1694 47 35 hat
445 1701 29 19 es
495 1693 62 34 noch
579 1693 47 26 den
666 1691 128 35 fchmalen
833 1690 56 35 Zu—

109 1743 72 26 gang
204 1743 58 26 zum
284 1732 138 36 finniſchen
446 1730 173 35 Meerbuſen,
641 1730 63 27 aber
742 1730 78 34 dieſer
860 1728 28 31 iſt

110 1781 53 20 von'
185 1771 112 30 Eſtland
320 1771 52 28 und
393 1769 134 38 Finnland
548 1768 127 35 flankiert,
697 1769 26 33 ſo
751 1769 52 34 daß
836 1766 53 33 ruſ⸗

109 1811 71 35 ſiſche
201 1809 187 36 Uriegsſchiffe
410 1808 52 28 und
482 1808 73 35 ſelbſt
576 1806 146 38 Flugzeuse
745 1807 47 26 den
819 1805 69 34 Wes

110 1850 26 27 in
159 1849 39 27 die
220 1849 61 32 frei?
305 1847 89 33 Oſtfee
416 1855 79 26 gegen
518 1847 46 26 den
588 1845 100 28 Willen
707 1843 79 36 dieſer
802 1842 90 35 Nach—

109 1887 152 31 barſtaaten
284 1886 67 34 nicht
373 1885 75 34 mehr
470 1885 74 33 leicht
566 1884 85 33 finden
674 1883 108 27 können.
834 1880 54 29 Ein

111 1923 192 37 Zahrhundert
325 1925 64 32 lang
411 1923 47 34 hat
492 1922 189 34 Schweden
723 1921 63 34 auch
828 1920 63 33 dieſe

110 1963 122 35 hemals
254 1961 133 35 ruſſiſchen
409 1960 199 34 Küſtengebiete
627 1959 153 34 beherrſcht.
823 1957 69 36 Heu⸗

111 2006 22 24 te
155 2001 69 34 ſucht
245 2009 28 19 es
291 2009 29 26 zu
339 2000 78 34 ihnen
436 1997 238 35 freundſchaftliche
694 1995 195 36 Beziehungen.

111 2039 74 34 Auch
209 2039 47 34 auf
277 2038 44 27 der
344 2037 80 34 Baſis
446 2038 69 26 einer
537 2036 98 34 ſolchen
658 2035 150 34 politiſchen
840 2033 51 28 und

113 2077 227 35 wirtſchaftlichen
361 2075 185 37 Freundſchaft
568 2075 49 26 mit
644 2072 174 35 Deutſchland
859 2072 34 26 ei—

112 2116 118 35 nerſeits,
251 2116 51 27 mit
323 2115 47 27 den
392 2114 97 27 kleinen
516 2112 139 35 baltiſchen
688 2111 114 33 Staaten
843 2119 51 18 .au⸗

112 2154 139 35 dererſeits
284 2154 58 35 läßt
364 2152 44 33 ſich
430 2152 96 27 wieder
547 2152 54 26 eine
622 2149 160 36 ſchwediſche
825 2147 69 28 Vor⸗

111 2192 198 34 machtſtellung
330 2191 160 34 begruͤnden.
534 2188 42 35 Jn
599 2189 93 32 dieſem
726 2187 84 28 Sinne
847 2186 46 35 hat

112 2239 29 19 es
163 2229 147 36 Hiſtoriſche
333 2228 168 34 Bedeutung,
524 2228 53 34 daß
599 2227 62 34 nach
689 2229 55 24 200,
786 2225 107 34 Jahren

112 2277 59 26 zum
186 2268 78 32 erſten
279 2266 69 29 Mal
370 2266 95 28 wieder
476 2266 40 26 ein
539 2264 174 34 ſchwediſcher
732 2263 93 34 Uönis
847 2263 46 25 den

114 2305 96 29 Boden
233 2305 46 28 des
301 2305 122 35 heutigen
452 2303 122 28 Lettland
611 2302 97 28 betritt.
752 2299 48 30 Die
831 2299 63 35 Gei⸗

113 2347 41 26 ten
177 2343 87 36 haben
287 2343 45 34 ſich
353 2342 158 36 gewandelt,
534 2341 40 27 die
601 2339 90 35 Oſtfee
733 2339 46 35 hat
821 2339 73 34 heute

114 2382 68 35 nicht
203 2382 76 35 mehr
301 2382 39 26 die
363 2380 158 33 Bedeutung
544 2380 37 27 im
622 2377 182 35 Weltwerkehr,
845 2377 49 27 wie

112 2422 26 26 in
162 2421 47 27 den
231 2418 96 36 Tagen
350 2418 106 33 Guſtav
478 2417 109 34 Adolfs,
624 2416 53 28 und
718 2417 50 26 mit
810 2415 82 33 deſſen

116 2457 151 36 Methoden
291 2457 91 28 würde
403 2457 51 27 das
480 2455 125 28 moderne
647 2454 139 34 Schweden
829 2452 66 34 nicht

115 2497 76 35 mehr
212 2496 118 28 arbeiten
353 2495 110 28 können.
504 2493 74 28 Aber
596 2501 28 19 es
647 2493 52 34 ſind
722 2492 60 33 doch
825 2490 71 29 Tra—

112 2535 118 28 ditionen
250 2534 86 35 ſeines
358 2533 115 34 Geiſtes,
495 2533 38 27 die
555 2540 29 19 es
606 2531 138 34 fortführt,
768 2538 76 20 wenn
864 2537 29 19 es

113 2574 67 33 ſeine
201 2571 125 35 Poſition
348 2580 35 19 an
405 2572 43 27 der
470 2570 90 33 Oſtſee
583 2578 29 26 zu
630 2569 135 34 befeſtigen
786 2568 109 29 beſtrebt

115 2612 37 31 iſt.
193 2610 116 34 Ariegs-⸗
340 2610 52 28 und
433 2606 335 37 Nachkriegsverhältniſſe.,
810 2606 85 34 haben

116 2650 66 34 dazu
203 2649 117 34 geführt,
342 2648 47 27 den
406 2647 179 34 ſchwediſchen
605 2645 102 36 Handel
726 2645 25 27 in
771 2645 42 26 der
833 2643 62 32 Oſt—

115 2688 37 32 ſee
175 2687 116 34 maͤchtig
312 2695 30 26 zu
364 2684 152 34 verſtaͤrken.
558 2683 175 35 Deutſchland
756 2690 58 20 war
851 2681 46 33 auf

242 2772 163 66 —
446 2746 404 89 JJJ

341 2853 52 24 Von
411 2851 138 30 Dorothea
571 2851 102 30 Ziegel.

175 2900 68 30 Was
266 2904 38 24 tut
326 2908 70 25 man,
419 2905 73 22 wenn
513 2898 44 35 ſich
581 2897 37 28 die
640 2896 102 35 Saiſon
784 2904 34 19 an
854 2895 42 28 der

116 2940 136 37 Azurküſte
275 2939 79 35 ihrem
376 2937 72 28 Ende
469 2937 91 34 nähert
582 2935 52 29 und
657 2935 37 28 die
716 2933 66 38 Hitze
820 2942 76 19 uner—

119 2979 92 36 täglich
232 2976 91 29 wird?
365 2975 70 29 Man
465 2975 61 34 muß
548 2975 25 35 ja,
596 2974 63 33 nicht
683 2973 142 36 unbedingt,
860 2971 37 28 die

117 3017 80 36 groͤße
214 3015 103 35 Straße
339 3014 190 29 mitwandern!
571 3012 61 28 Nur
643 3015 82 25 etwas
743 3010 97 35 abſeits
864 3027 31 2 —

119 3056 52 28 und
193 3062 60 21 man
275 3053 79 35 findei
376 3053 38 27 ein
449 3052 91 28 kleines
563 3051 142 35 Paradies,
748 3050 49 27 das
837 3057 61 19 man

119 3102 49 20 nur
208 3092 90 36 ſchwer
339 3091 101 34 verläßt
482 3090 51 28 und
576 3090 87 28 immer
704 3088 93 28 wieder
837 3095 60 28 gern

118 3131 121 36 aufſucht.

370 3167 27 31 I.
424 3166 224 31 auan-les-pins.

175 3223 51 28 Als
249 3222 43 29 der
313 3221 80 38 große
415 3220 81 35 Korſe
510 3221 58 28 vön
592 3220 42 27 der
655 3218 76 36 Jnſel
753 3218 68 28 Elba
856 3226 43 27 zu—

118 3261 144 35 rückkehrte,
286 3261 99 28 laudeie
422 3269 25 19 er
484 3259 25 28 in
552 3259 41 27 der
616 3257 82 34 Bucht
739 3264 50 21 von
812 3256 85 32 Juan,

118 3301 88 35 raſtete
227 3307 48 21 vor
305 3299 54 28 dem
389 3297 103 36 Marſch
531 3298 59 33 nach
613 3296 85 35 Paris
739 3300 73 23 unter,
854 3295 44 26 den

117 3340 106 36 rieſigen
245 3338 98 35 Pinien
365 3337 51 28 und
439 3335 287 34 Eukalyptusbäumen,
751 3334 37 27 die
830 3334 69 32 heute

119 3377 136 34 noch'dem
297 3374 239 37 unwahrſcheinlich
558 3373 105 37 ſchönen
686 3371 122 36 Fleckchen
832 3371 68 28 Erde

119 3416 46 28 den
188 3416 103 28 Namen
314 3413 87 38 geben.
443 3412 84 36 Trifft
548 3421 60 19 man
647 3420 33 19 an,
718 3411 42 27 der
802 3410 97 36 großen

119 3455 135 33 Corniche,
278 3454 43 27 der
342 3459 51 21 von
415 3451 140 34 Napoleon
597 3450 168 36 geſchaffenen
797 3448 102 34 Straße

118 3494 61 32 nach
201 3492 96 28 Monte
319 3490 91 32 Carlo,
434 3492 71 25 kaum
527 3489 69 27 einen
638 3488 132 36 güuſtigen.
813 3486 87 29 Bade—

119 3533 74 34 platz,
215 3530 26 35 ſo
262 3529 30 34 iſt
315 3529 52 36 hier
390 3544 32 4 —
447 3527 46 28 wie
515 3528 42 27 der
589 3526 163 37 frauhzöſiſche
763 3520 136 44 Proſpekt

120 3568 56 37 fag?
198 3584 37 4 —
257 3568 43 27 der!
342 3566 80 29 Sand,
464 3566 72 31 weich
578 3565 52 27 und,
673 3564 63 33 weiß.
775 3564 47 28 wie
863 3563 37 27 die

119 3607 73 37 Haͤut
214 3606 68 29 einer
304 3605 104 35 ſchönen
431 3604 148 29 Blondine!
622 3603 62 37 Hier
707 3603 55 34 läßt
791 3606 27 23 es
845 3597 53 42 ſich

119 3646 60 34 duch
222 3644 104 38 heißeſte
366 3643 228 29 Sommermonate
635 3641 163 37 verbringen,
839 3648 60 20 man

120 3686 71 28 kenüt
215 3692 49 20 nur
285 3683 104 34 Sonne,
431 3681 60 35 Luft
533 3682 51 27 und
614 3680 106 34 Waſſer.
763 3679 137 36 Nirgends

120 3724 30 33 ift
171 3723 49 28 das
242 3722 76 28 Meer
341 3721 25 36 ſo
388 3721 152 36 ſaphirblau
571 3720 51 28 und
661 3719 158 33 kriſtallklar,
863 3717 37 28 die

120 3760 181 35 ſchneeweißen
323 3760 195 36 Luxusjachten,
542 3758 37 29 die
601 3759 37 31 oft
657 3760 163 33 wochenlang
854 3763 47 21 vor

121 3799 83 29 Anker
227 3798 90 37 liegen,
339 3799 108 34 ſcheinen
469 3798 26 28 in
518 3798 43 27 der
599 3797 102 33 blauen,
733 3795 167 37 ſennenlicht—

120 3838 148 37 getränkten
291 3836 60 34 Luft
391 3845 29 27 zu
462 3836 132 35 ſchweben.
637 3834 71 29 Man
749 3835 59 35 liegt,
850 3840 50 21 von

119 3877 60 36 früh
217 3875 42 29 bis
281 3875 101 28 abends
413 3883 42 19 am.
486 3873 76 28 Meer
584 3890 32 3 —
640 3875 97 26 träumt
761 3889 28 3 —
819 3871 82 35 hinter

121 3916 54 29 deni
198 3914 130 38 Horizont
350 3913 60 36 liegt
432 3912 98 34 Afrikas
554 3912 51 27 und
628 3912 32 27 ab
683 3910 52 29 und
769 3919 30 28 zu,
841 3910 60 35 ſieht

119 3963 63 21 man
203 3954 72 29 Linen
296 3952 130 35 Dampfer
449 3951 42 28 der
522 3950 212 35 Oſtafrikalinien
763 3948 138 36 vorbeizie—

121 3994 55 36 hen.
218 3992 42 33 Jn
281 3989 272 36 Juan⸗les⸗Bins-iſt
573 3989 39 28 ein
644 3997 66 28 ganz
749 3987 152 35 beſtimmtes

120 4031 151 34 Bublikuͤm.
312 4028 214 35 Jnternational,
567 4029 101 35 elegant
708 4030 39 31 (es
770 4026 28 34 iſt
838 4026 63 33 nicht

122 4070 96 36 billig),
240 4071 62 27 aber
332 4067 184 37 hauptſächlich
539 4066 136 35 Sportler.
717 4065 51 28 Ein,
810 4064 91 28 kleines

121 4108 99 34 Kaſuiö
242 4117 42 20 am
305 4107 76 29 Meer
402 4107 74 29 bietet
494 4106 101 28 abends
617 4104 142 34 Baccarat,
772 4102 129 33 Roulette,

122 4146 100 29 Ecarté
254 4146 52 28 und
335 4146 76 37 Tanz
452 4146 46 35 auf
538 4145 72 29 einen
650 4143 100 36 offenen
773 4141 128 35 Terraſſe,

122 4184 125 37 während
268 4193 61 20 man
351 4185 25 28 in
399 4185 46 28 den
467 4183 225 38 Morgenflunden
714 4181 72 36 ſchon
827 4179 73 37 zeitig

121 4224 48 30 mit
192 4223 54 29 dem
277 4222 174 38 „Tagewerk⸗
492 4223 114 37 beginut.
648 4221 51 29 Die
719 4219 183 35 Tennisplätze

122 4263 82 38 liegen
217 4261 112 37 ſchaltig,
351 4262 46 28 mit
409 4262 55 28 dem
476 4261 71 30 Auſo
559 4261 102 34 erreicht
674 4268 60 21 man
748 4258 105 34 weſtlich
876 4257 26 29 in

121 4306 37 26 40
180 4300 126 30 Minuten
329 4299 117 35 Cannes,
469 4300 82 36 öſtlich
587 4304 84 25 etwas
708 4298 80 37 näher
809 4296 92 37 Nizza.

894 862 198 51 vormuls
1128 858 389 64 „Goldingenſcher
1553 856 244 63 Anzeiger“

877 972 358 83 Somabend.
1263 966 344 84 den
1377 962 66 97 6
1474 966 133 84 Zuli
1640 975 172 48 io.

955 1106 160 35 ſchwediſche
1139 1104 184 33 Vermittlung
1354 1103 126 34 während
1521 1102 47 27 der
1606 1099 127 29 Blockade

956 1145 174 35 angewiefen,
1152 1144 53 27 und
1231 1144 38 26 die
1300 1141 97 28 kleinen
1439 1140 139 36 baltiſchen
1621 1138 111 28 Staaten

955 1184 101 28 koͤmnen
1078 1183 62 34 noch
1163 1182 74 34 heute
1259 1181 66 35 ohne
1356 1179 140 35 Schweden
1539 1176 194 36 wirtſchaftlich

957 1223 67 34 nicht
1047 1222 81 27 leben.
1171 1220 45 28 Sie
1239 1219 52 33 ſind
1321 1218 109 35 tvpiſche
1453 1216 281 35 Durchgangsländer,

957 1262 38 26 die
1026 1261 26 26 in
1075 1261 74 33 ihren
1183 1257 171 35 Oſtſeehäfen
1394 1256 98 35 ſremde
1533 1253 134 37 Produkte,
1708 1253 26 27 in

958 1298 142 35 Empfang
1122 1298 122 34 nehmen,
1267 1304 45 19 um
1334 1295 30 32 ſie
1386 1295 62 32 nach
1471 1293 128 36 Rußland,
1633 1292 102 27 weiter—

957 1338 119 34 zuleiten,
1099 1336 51 28 und
1173 1336 41 27 die
1235 1333 150 34 umgekehrt
1406 1332 114 34 rufſiſche
1543 1330 134 35 Produkte.
1706 1338 29 26 zu

958 1377 47 26 den
1028 1371 180 39 brauchbaren
1241 1371 170 35 Offſeehäfen
1453 1370 146 35 befördern.
1663 1367 72 28 Was

958 1414 38 27 die
1019 1413 139 33 baltiſchen
1180 1412 102 28 Tänder
1304 1410 46 32 auf
1371 1411 115 33 eigenem
1510 1407 93 29 Boden
1636 1406 100 34 produ—

958 1453 92 34 zieren,
1072 1451 59 34 fällt
1148 1449 148 36 gegenüber
1318 1448 58 27 dem
1412 1446 221 34 Tranſitgeſchäft
1677 1444 59 28 weit

959 1491 115 33 weniger
1096 1490 25 26 in
1146 1488 130 33 Gewicht.
1317 1485 75 35 Noch
1414 1486 62 33 liegt
1506 1484 96 34 freilich,
1644 1481 92 35 gerade

958 1529 26 26 in
1019 1527 81 33 dieſen
1135 1525 217 34 oſteuropäiſchen
1379 1523 130 28 Gebieten
1533 1521 49 27 das
1614 1520 124 34 Geſchäft

958 1566 94 34 ſchwer
1074 1565 147 27 darnieder.
1264 1563 85 34 Polen
1374 1562 46 33 hat
1451 1560 44 32 ſich,
1537 1559 120 35 zwiſchen
1700 1558 38 28 die

959 1603 139 34 baltiſchen
1122 1603 113 27 Staaten
1258 1601 52 29 und
1340 1598 174 36 Deutſchland,
1555 1596 181 36 eingeſchoben

960 1642 51 28 und
1034 1641 115 35 verſucht
1170 1639 177 36 krampfhaft,
1369 1639 38 26 die
1429 1638 69 27 alten
1519 1634 217 36 Verkehrslinien

960 1680 75 34 durch
1058 1680 46 26 den
1128 1679 134 28 Uorridor
1282 1687 30 26 zu
1334 1676 182 35 durchbrechen
1531 1675 52 27 und
1605 1675 25 26 in
1643 1674 95 32 ſeinem

960 1720 105 33 eigenen
1088 1717 132 35 Jutereſſe
1243 1718 71 26 einen
1337 1724 66 27 ganz
1425 1723 80 19 neuen
1527 1713 77 27 Aurs
1634 1713 43 33 für
1700 1712 38 26 die

962 1756 233 34 Warenſpedition
1226 1764 29 26 zu
1278 1755 124 35 eröffnen.
1445 1751 42 29 Es
1507 1752 65 27 wird
1595 1751 72 33 ſelbſt,
1699 1750 40 27 bei

962 1796 108 34 größter
1092 1794 188 34 Anſtrengüng
1304 1794 50 27 das
1376 1800 49 20 nur
1452 1790 120 34 teilweiſe,
1613 1789 125 34 erreichen

963 1834 108 31 fönſten,
1096 1833 59 27 weil
1177 1841 28 18 es
1228 1832 76 27 dabei
1326 1839 79 27 gegen
1428 1830 38 27 die
1489 1827 161 33 natürlichen
1673 1826 66 28 Ver—

965 1871 121 35 hältniſſe
1107 1870 147 34 ankämpft.
1306 1868 48 29 Ne
1388 1867 221 34 oſteuropäiſchen
1633 1865 107 28 Ströme

964 1910 94 34 weiſen
1080 1910 47 33 auf
1150 1909 176 33 Verbindung
1349 1908 52 27 und
1424 1906 67 34 nicht
1511 1905 47 32 auf
1592 1903 148 34 Trennung

964 1949 44 27 der
1029 1947 139 35 baltiſchen
1192 1947 111 28 Staaten
1318 1946 142 34 einerſeits,
1474 1943 192 34 Deutſchlands
1688 1941 52 28 und

965 1986 147 35 Rußlands
1128 1986 182 32 andererſeits.
1351 1984 62 28 Aus
1436 1982 149 35 polltiſchen
1609 1980 132 29 Gründen

964 2025 86 34 haben
1068 2025 63 32 auch
1153 2025 39 27 die
1214 2023 97 34 Ruſſen
1334 2023 46 27 den
1424 2020 114 34 Berkehr
1579 2019 47 33 auf
1667 2018 72 34 ihren

965 2062 126 27 Strömen
1113 2063 171 34 lahmgelegt,
1307 2062 42 26 der
1370 2061 64 27 aber
1456 2059 59 34 doch
1549 2057 91 35 früher
1681 2056 60 27 oder

964 2101 86 33 ſpäter
1072 2101 100 26 einmal
1195 2099 217 28 wiederkommen
1435 2099 74 33 muß.
1569 2094 172 34 Einſtweilen

964 2138 86 35 macht
1062 2138 27 34 ja
1107 2138 94 34 gerade
1219 2138 64 34 dieſe
1300 2137 133 33 künſtliche
1453 2134 164 35 Stagnation
1636 2132 105 35 Schwe⸗

964 2177 65 27 dens
1052 2176 122 34 Stellung
1197 2176 141 33 beſouders
1361 2175 72 31 ſtark.
1477 2171 168 34 Wenigſtens
1681 2170 61 35 zwi⸗

964 2215 69 34 ſchen
1057 2216 47 26 den
1127 2214 138 34 baltiſchen
1289 2213 52 27 und
1363 2211 177 35 ſchwediſchen
1568 2208 172 35 Oſtſeehäfen

966 2254 27 30 iſt
1015 2253 43 26 der
1081 2251 116 35 Verkehr
1216 2251 95 27 wieder
1332 2251 107 26 normal
1457 2250 52 27 und
1527 2248 43 34 für
1589 2247 71 27 beide
1679 2245 62 28 Tei—

966 2292 21 26 le
1009 2290 79 35 gleich
1110 2289 166 34 vorteilhaft.

1231 2423 257 63 Ausland.

1025 2543 34 2 —
1082 2526 55 27 Am
1159 2526 107 36 Freitas
1297 2525 43 27 der
1654 2520 85 35 haben

1381 2524 110 34 vorigen
1516 2522 96 33 Woche

967 2566 26 27 in
1004 2574 65 26 ganz
1081 2564 174 34 Deutſchland
1277 2563 127 35 kirchliche
1423 2562 51 27 und
1486 2560 122 34 weltliche
1624 2558 117 29 Trauer—

968 2604 79 33 feicru
1069 2603 134 35 auläßlich
1226 2603 45 26 des
1291 2600 92 36 Tages
1407 2599 199 36 ſtattgefunden,
1629 2606 33 18 an
1684 2598 57 25 dem

968 2642 44 34 ſich
1034 2651 60 25 zum
1115 2641 105 35 zehnten
1245 2639 81 28 Male
1358 2640 39 26 die
1421 2637 169 34 Wiederkehr
1619 2636 43 27 der
1683 2633 59 28 Un—

1806 1288 224 35 üRundgebungen

1285 2676 144 33 Verſailler
1467 2675 270 36 Friedensvertrages

968 2680 178 34 terzeichnung
1196 2679 46 26 des

966 2762 70 28 Man
1058 2761 70 36 fährt
1151 2761 33 28 im
1206 2759 138 34 Badedreß
1366 2768 34 19 an
1422 2757 144 37 irgendeine,
1604 2755 138 35 bejonders

967 2801 85 34 ſchöne
1065 2799 152 33 Badeſtelle,
1238 2807 60 19 man
1322 2797 82 36 ſegelt,
1428 2797 103 31 paddelt
1545 2796 25 27 in
1584 2795 53 27 dem
1650 2794 92 27 kleinen

967 2838 75 35 —
1064 2839 65 27 J
1691 2831 51 28 —

967 2877 192 36 Anſtrengung.

1025 2931 51 27 Die
1098 2929 89 29 Villen
1210 2929 107 35 ſchießen
1340 2929 46 28 wie
1408 2927 73 37 Pilze
1511 2931 48 24 aus
1602 2927 42 27 der
1666 2925 75 29 Erde.

968 2969 223 36 Durchſchnittlich
1215 2972 15 24 4
1254 2968 41 27 bis
1317 2971 15 24 5
1355 2967 109 33 Räunte!
1488 2968 62 34 ohne
1572 2966 94 32 Keller,
1697 2964 45 27 mit

968 3008 108 36 Garage
1099 3007 140 32 natürlich!
1281 3005 50 29 Sie
1373 3005 79 34 haben
1483 3005 115 32 meiſtens
1641 2998 100 43 dieſelbe

969 3046 81 35 Form
1062 3046 44 28 mit
1130 3044 164 37 halbflachem
1316 3044 70 34 Dach
1409 3044 52 28 und
1474 3045 98 34 grünen
1595 3042 147 34 Jalouſien.

968 3085 49 31 Jm
1039 3084 103 28 Garten
1164 3083 88 33 wächſt
1275 3082 114 35 meiſtens
1412 3084 62 31 nicht
1497 3082 48 28 viel
1567 3082 25 27 in
1615 3081 53 28 dem
1701 3080 42 33 fei—

970 3132 46 19 nen
1035 3122 93 39 Sand.
1170 3120 168 38 Entzückende
1379 3121 74 27 kleine
1485 3120 173 32 Reſtaurants
1689 3118 54 34 ſind

969 3162 157 32 entſtanden,
1149 3168 39 20 wo
1211 3165 26 22 es
1260 3159 99 29 abends
1381 3159 87 28 immer
1501 3158 53 36 fehr
1595 3157 74 36 luſtig,
1702 3166 42 26 zu—

970 3201 66 35 geht.
1079 3199 39 28 Es
1140 3198 54 37 gibt
1217 3198 99 28 überall
1347 3198 84 34 friſche
1453 3197 149 37 Hummern,
1626 3196 116 34 Auſtern,

971 3237 205 37 proͤvengaliſche
1199 3237 107 35 Früchte
1327 3237 50 27 und
1400 3236 116 34 Gemüſe,
1540 3236 63 34 dazu
1645 3233 99 28 überall

970 3277 38 27 ein
1031 3276 206 35 praͤchtvolless
1236 3293 24 2 —
1285 3274 80 29 Bier!
1408 3274 119 28 Ueberall
1550 3273 53 33 ſind
1630 3272 114 28 Moden—

970 3315 120 36 geſchäfte
1112 3315 51 27 und
1186 3314 107 28 Salons
1316 3313 27 27 de
1377 3314 100 27 beauté.
1520 3311 224 37 Filmgeſellſchaf—

971 3361 38 21 ken
1034 3354 90 35 drehen
1146 3353 46 34 faſt
1215 3353 86 27 immer
1322 3368 37 3 —
1379 3360 27 19 es
1429 3352 28 33 iſt,
1498 3351 47 28 das
1587 3348 158 35 Luropäiſche

971 3392 181 37 Hollywood:
1173 3391 38 28 die
1233 3390 91 28 Natur
1346 3390 236 35 unwahrſcheinlich
1616 3388 72 34 ſchön
1711 3404 34 2 —

971 3430 191 34 inenropäiſch,
1187 3431 47 26 das
1258 3428 94 29 Wetter
1375 3428 139 37 beſtändig,
1538 3428 36 28 die
1600 3426 145 28 maritimen

971 3469 85 34 Alpen
1078 3469 53 33 ſind
1173 3468 25 33 ſo
1241 3469 63 32 nahe
1344 3467 45 27 mit
1431 3468 69 31 ihreu
1542 3464 202 36 ſchneebedeckten

972 3507 127 34 Gipfeln!
1141 3506 62 37 Hier
1235 3506 120 33 ſammeln
1397 3506 42 33 ſich
1483 3504 184 36 hauptſaͤchlich
1710 3502 36 28 die

972 3546 173 33 Amerikaner,
1169 3545 37 28 die
1228 3545 43 33 ſich
1295 3544 37 28 bei
1355 3543 87 34 Sport
1466 3545 50 27 und
1539 3543 68 35 Flirt
1629 3543 43 33 für
1710 3541 36 27 die

972 3584 102 33 Saiſon
1105 3584 103 32 ſtärken.
1251 3583 50 27 Am
1326 3587 21 22 1.
1370 3582 156 34 September
1566 3581 114 35 eröffnen
1710 3580 36 27 die

971 3623 98 37 großen
1101 3622 93 36 Hotels
1232 3622 51 27 und
1326 3621 37 27 die
1385 3620 108 36 Pariſer
1514 3620 140 32 Juweliere,
1696 3618 50 27 und

971 3661 142 34 Schneider
1135 3662 52 34 ihre
1209 3659 119 36 Filialen.
1371 3659 69 28 Aber
1473 3664 56 24 was
1557 3659 53 27 dem
1632 3657 116 28 Atlantik

973 3700 72 37 billig
1070 3717 30 2 —
1126 3699 49 28 das
1198 3700 63 27 kaͤnn
1304 3698 41 28 der
1367 3697 196 30 Mediterranse
1584 3713 36 4 —
1640 3712 38 4 —
1698 3704 50 19 nur

973 3740 62 33 recht
1057 3738 68 35 ſein!

1029 3785 51 28 Die
1102 3784 96 33 Nächte
1220 3784 54 33 ſind
1297 3783 87 27 immer
1406 3784 58 33 noch
1496 3782 105 35 tropiſch
1635 3781 55 34 heiß
1713 3797 30 3 —

971 3828 27 24 es
1021 3824 68 36 giebt
1111 3823 135 33 beſondere
1267 3821 141 34 Liebhaber
1429 3822 41 33 für
1492 3821 89 28 Bäder
1600 3820 33 28 im
1646 3819 101 28 Mond—

972 3862 87 36 ſchein,
1082 3862 61 28 aber
1165 3862 49 27 das
1237 3861 27 33 iſt
1289 3859 227 37 Gejchmacksſache
1540 3882 60 5 ...

1029 3908 85 32 Jeden
1132 3907 99 33 Abend,
1254 3913 73 22 wenn
1351 3906 37 28 die
1410 3906 163 36 Saxophone
1596 3906 72 32 durch
1711 3904 38 27 die

972 3946 84 35 Nacht
1078 3947 91 36 zittern
1191 3946 52 28 und
1266 3945 38 28 die
1322 3944 110 37 Sänger
1464 3945 38 28 die
1543 3942 205 37 ſchwermütigen

973 3984 217 38 Nigger-Sougs
1212 3984 46 29 mit
1281 3983 104 35 naſalen
1408 3983 97 28 Lauten
1547 3983 24 28 in
1614 3982 135 32 Jchlechtem

972 4024 118 37 Engliſch
1115 4023 132 36 begleiten,
1269 4022 71 33 wirft
1352 4022 48 28 das
1424 4022 143 34 unendliche
1589 4020 75 28 Meer
1687 4019 62 35 ſeine

972 4063 98 29 Wellen
1093 4063 46 28 wie
1161 4069 47 21 vor
1238 4060 210 36 Jahrtauſenden
1490 4070 33 18 an
1565 4060 45 28 den
1633 4058 115 29 Strand.

973 4101 68 32 Leiſe
1062 4101 82 29 rollen
1176 4102 37 26 die
1254 4099 138 33 Steinchen
1429 4099 83 36 zurück
1545 4115 30 4 —
1600 4106 60 20 neue
1681 4096 68 29 Wel⸗

973 4140 136 29 lenkämme
1131 4140 81 28 rollen
1234 4147 33 20 an
1291 4160 4 5 .
1318 4160 5 5 .
1348 4161 4 4 .
1376 4138 37 28 die
1436 4138 89 28 Natur
1561 4137 87 33 lächelt
1689 4136 59 28 viel—

974 4179 69 32 leicht
1083 4178 62 29 über
1186 4178 46 28 den
1274 4176 92 29 kleinen
1419 4174 248 38 Farmaneindecker,
1709 4175 41 27 der

973 4217 169 34 allabendlich
1165 4217 47 28 wie
1241 4216 39 28 ein
1302 4215 227 35 Glühwükmchen,
1557 4214 46 28 mit
1640 4213 109 36 ſmarten

973 4255 170 37 Paſſagieren
1166 4255 90 36 befetzt,
1286 4254 61 28 über
1384 4254 38 28 die
1444 4254 157 33 Lichterkette
1623 4252 43 28 der
1683 4251 67 29 Cor—

974 4295 66 33 niche
1062 4294 114 37 hinſurrt
1198 4317 6 5 .
1229 4316 33 7 ..

2162 85 85 29 Preis
2264 85 46 24 der
2327 82 215 30 Einzelnummer

2266 116 38 24 10
2323 114 120 26 Santint.

2124 192 130 30 Annahme
2266 198 48 18 von
2326 189 191 30 Abonnements
2531 188 49 24 und

2274 222 148 29 Jnſeraten:

2126 269 22 23 in
2169 269 166 28 Goldingen
2353 281 28 3 —
2399 266 182 29 Buchhandlung

2116 300 68 28 Ferd.
2201 299 117 29 Beſthorn,
2336 298 127 29 Kirchenſtr.
2483 299 27 23 16
2527 296 51 28 Ge-

2119 330 78 28 ſephon
2210 331 61 26 119)
2290 330 22 23 in
2332 330 125 24 Windan
2470 342 28 3 —
2511 327 70 26 Buch⸗

2117 361 117 27 handlung
2246 361 77 24 Wold.
2333 360 109 29 Seeberg,
2451 358 128 30 Schloßitr.

2215 391 40 24 Nr.
2272 392 30 23 26
2317 391 112 29 Goſtfach
2442 391 45 25 50.

2121 452 89 29 Adreiſe
2229 453 37 22 der
2282 452 138 24 Redaktion:
2443 452 132 28 Goldingen

2262 482 134 30 Bergſtraße
2413 484 36 23 17.

2205 972 58 47 3.
2289 971 294 70 Jahrgang

1804 1097 99 35 jährte.
1955 1096 154 34 Gewaltige
2133 1094 187 34 Volksmaſſen
2352 1093 151 35 beteiligten
2537 1092 45 35 ſich

1805 1144 35 19 an
1863 1135 47 27 den
1933 1134 232 35 Kundgebungen,
2206 1134 26 27 in
2275 1133 79 27 denen
2397 1131 104 29 uͤberall,
2543 1131 38 27 die

1806 1173 146 34 einmütige
1974 1172 166 35 Ablehnung
2162 1172 43 27 der
2226 1170 71 35 LTüge
2329 1179 53 20 von
2414 1171 43 27 der
2479 1169 104 28 Allein—

1806 1211 84 35 ſchuld
1914 1210 193 36 Heutſchlands
2148 1219 45 18 am
2218 1209 156 35 Weltkriege
2415 1217 59 27 zum
2505 1207 77 28 Aus—

1807 1249 71 28 druck
1909 1249 69 28 kam.
2039 1248 145 36 Lebhaften
2221 1248 153 35 Widerhall
2416 1247 85 35 haben
2543 1246 39 27 die

2071 1295 81 28 gegen
2194 1287 39 27 die
2263 1285 252 35 Kriegsſchuldlüge
2556 1285 26 26 in

1807 1326 43 27 der
1871 1325 218 35 amerikaniſchen
2114 1324 196 36 Gffentlichkeit
2340 1323 138 35 gefunden.
2527 1321 57 29 Lei—

1807 1366 43 26 der
1872 1365 28 30 iſt
1923 1372 27 19 es
1974 1363 127 35 während
2123 1364 43 26 der
2189 1361 251 31 Demonſtrationen
2466 1362 26 26 in
2516 1359 68 28 Ver⸗

1808 1403 37 26 lin
1867 1402 63 34 auch
1952 1410 29 26 zu
2001 1401 240 34 Ausſchreitungen
2266 1400 163 34 gekommen,
2451 1399 39 27 die
2512 1406 73 19 ener—

1808 1439 97 35 giſches
1927 1438 156 35 Eingreifen
2106 1439 43 27 der
2171 1437 104 36 Polizei
2297 1438 72 34 nötis
2392 1437 128 34 machten.

1836 1519 1 3 —
1882 1491 91 29 Die
2005 1492 79 28 kleine
2106 1491 80 29 Stadt
2208 1490 96 29 Düben
2341 1500 35 19 an
2417 1491 43 27 der
2485 1489 99 29 Mulde

1810 1531 46 36 hat
1879 1540 46 19 am
1966 1531 109 34 vorigen
2099 1530 125 35 Sonntag
2266 1530 42 35 ihr
2349 1529 234 36 tauſendjähriges

1812 1569 124 36 Beſtehen
1959 1570 116 34 gefeiert.

1868 1639 23 3 —
1890 1622 84 29 Die
1996 1623 206 28 internationale
2221 1620 305 36 Regierungskonferenz
2541 1629 44 26 zur

1810 1661 185 36 Ausführung
2017 1662 45 27 des
2085 1660 222 35 Houng-Planes
2344 1660 58 34 ſoll,
2443 1660 49 27 wie
2532 1659 54 35 jetzt

1810 1700 117 35 feftſteht,
1949 1698 76 30 Ende
2048 1699 72 37 Zuli,
2144 1700 27 26 in
2193 1698 109 28 London
2345 1697 157 34 ſtattfinden,
2543 1706 42 25 ge⸗

1810 1739 66 34 mäß
1914 1739 58 27 dem
1996 1737 128 34 Wunſche
2166 1737 43 27 der
2249 1736 143 34 engliſchen
2423 1734 163 36 Vegierung,

1810 1777 59 27 dem
1891 1777 45 34 ſich
1958 1775 151 37 Fraukreich
2132 1776 77 33 lange
2231 1774 62 35 Heit
2316 1773 149 36 hartnäckig
2493 1774 93 27 wider—

1810 1815 55 35 ſetzt
1888 1815 55 34 hat.

1870 1876 32 3 —
1923 1859 49 28 Die
1990 1859 166 35 franzöſiſche
2173 1857 153 36 Kegierung
2344 1858 47 35 hat
2409 1858 47 33 auf
2470 1856 116 35 Wunſch

1812 1899 42 27 der
1876 1898 143 34 Kammer,
2042 1898 38 27 die
2102 1898 44 33 ſich
2177 1898 115 33 weigert,
2331 1897 51 27 das
2423 1895 164 35 franzöſiſch⸗

1813 1936 199 35 amerikaniſche
2035 1935 289 34 Schuldenabkommen
2353 1944 30 25 zu
2421 1932 165 37 ratifizieren,

1812 1974 257 36 Unterhandlungen
2093 1975 48 26 mit
2175 1974 43 26 der
2241 1972 213 36 Wafhingtoner
2491 1971 96 35 Regie—

1813 2022 68 25 rung
1910 2012 170 35 angeknüpft,
2121 2021 45 18 um
2207 2012 39 27 ein
2277 2010 224 37 Hinausſchieben
2542 2011 47 27 des

1813 2045 202 45 Rückzahlungs
2021 2051 113 27 termins
2156 2051 43 33 für
2221 2050 38 27 die
2294 2049 145 34 demnächſt
2476 2049 109 34 fälligen

1817 2092 32 31 10
1871 2089 162 28 Milliarden
2055 2088 126 37 Franken,
2212 2088 38 28 die
2268 2087 152 37 Frankreich
2450 2087 47 28 den
2521 2086 69 28 Ver—

1812 2128 114 34 einigten
1945 2127 112 28 Staaten
2079 2127 119 34 ſchuldet,
2220 2135 29 26 zu
2271 2126 135 34 erreichen.
2449 2124 70 35 Doch
2543 2125 44 27 be⸗

1814 2167 62 34 ſtehl
1897 2166 67 27 keine
1985 2165 132 35 Ausſicht,
2139 2165 52 35 daß
2213 2164 126 28 Amerika
2370 2172 45 27 zur
2438 2163 146 34 Stundung

1814 2205 41 27 der
1878 2204 96 33 Schuld
1997 2204 81 27 bereit
2099 2203 52 33 ſein
2176 2203 76 27 wird.

1872 2273 32 3 —
1929 2256 48 28 Die
2001 2256 147 34 Loblenzer
2169 2256 76 34 Hone
2287 2256 66 27 wird
2395 2255 65 27 aller
2484 2253 104 35 Wahr—

1812 2294 180 35 ſcheinlichkeit
2024 2294 62 35 nach
2108 2293 113 35 Anfang
2244 2293 160 34 September
2445 2301 52 19 von
2540 2293 47 27 den

1813 2334 129 27 alliierten
1965 2332 280 36 Beſatzungstruppen
2267 2333 119 34 geräumt
2410 2331 112 29 werden.

1871 2403 33 3 —
1929 2385 48 28 Die
2000 2386 122 35 engliſche
2145 2385 152 35 Regieruns
2328 2385 46 35 hat
2404 2385 104 35 erklärt,
2538 2385 53 34 daß

1814 2426 29 32 ſie
1884 2426 27 26 in
1953 2425 42 27 der
2018 2424 244 35 Räumungsfrage
2303 2424 177 34 nötigenfalls
2520 2418 81 32 keine

1814 2462 127 35 Rückſicht
1970 2463 48 33 auf
2038 2462 153 37 Frankreich
2232 2462 122 35 nehmen,
2397 2462 111 34 ſondern
2551 2462 39 26 die

1813 2502 142 34 engliſchen
1979 2500 130 34 Truppen
2132 2501 62 34 nach
2228 2501 116 33 eigenem
2366 2499 139 35 Ermeſſen
2539 2508 52 19 aus

1814 2541 57 26 dem
1895 2540 118 34 beſetzten
2036 2539 99 28 Gebiet
2156 2538 176 36 zurückziehen
2355 2539 94 27 werde.

1871 2609 36 3 —
1930 2591 53 29 Der
2006 2592 123 28 Stadtrat
2152 2600 51 19 von
2224 2591 156 36 Straßburs
2402 2592 48 34 hat
2473 2592 49 26 alle
2547 2591 45 34 für

1814 2632 39 27 die
1875 2630 164 35 franzöſiſche
2062 2629 200 35 Nationalfeier
2302 2638 43 19 am
2390 2633 41 30 14.
2455 2628 64 36 Zuli
2563 2630 26 26 in

1814 2669 123 34 Ausſicht
1958 2677 192 26 genommenen
2173 2668 108 28 Uredite
2303 2668 147 35 geſtrichen.

1871 2757 64 30 Wen
1958 2759 42 27 der
2021 2758 86 29 Train
2130 2758 89 35 rapide
2259 2759 47 27 mit
2347 2758 82 35 ſeinen
2461 2758 131 36 gellenden

1814 2796 108 36 Pfiffen,
1945 2796 62 28 über
2028 2795 113 35 Weichen
2165 2796 111 28 rüttelnd
2318 2796 51 28 und
2403 2796 189 35 kohlenberußt,

1814 2836 59 32 nach
1895 2834 218 35 Juan-les-Pins
2136 2834 96 36 bringt,
2275 2834 45 28 den
2362 2835 56 34 läßt
2458 2838 28 24 es
2528 2835 65 33 nicht

1814 2874 69 35 mehr
1905 2875 49 26 los.
1997 2873 39 28 Es
2059 2874 27 32 iſt
2108 2873 64 32 nicht
2194 2873 159 35 Frankreich,
2385 2873 64 33 nicht
2472 2872 120 34 Riviera,

1814 2916 27 24 es
1865 2912 28 34 iſt
1914 2911 59 28 eben
1996 2911 93 33 einfach
2113 2912 37 27 die
2173 2911 95 33 Stelle,
2291 2918 40 21 wo
2353 2912 59 33 nach
2431 2911 95 28 meiner
2548 2920 45 19 un—

1814 2950 189 42 miaßgeblichen
2026 2949 131 37 Meinung
2181 2950 42 27 der
2245 2949 103 29 Garten
2370 2949 71 29 Eden
2482 2949 111 37 geweſen

1815 2996 49 26 ſein
1895 2993 69 29 muß.

2045 3026 41 28 II.
2108 3026 254 30 Gourdon-Gralſe.

1873 3080 50 28 Die
1946 3080 94 28 bunten
2062 3079 138 35 Proſpekte
2222 3079 103 36 ſchreien
2348 3084 27 24 es
2414 3080 53 28 dem
2488 3079 106 33 Reiſen—

1816 3120 46 27 den
1883 3124 130 31 entgegen,
2037 3118 37 27 die
2096 3117 154 36 Reiſeautos
2272 3119 91 33 fahren
2386 3118 90 36 täglich
2496 3118 98 28 vollbe—

1815 3157 52 36 ſetzt
1889 3157 96 35 hinaus
2009 3173 31 3 —
2065 3156 60 28 aber
2148 3161 57 24 was
2228 3157 28 31 iſt
2278 3157 49 27 das
2350 3157 25 27 in
2402 3156 43 28 der
2468 3155 126 36 Saiſon?

1873 3202 71 29 Man
1966 3203 82 28 mietet
2070 3203 43 33 ſich
2135 3202 39 28 ein
2187 3202 162 35 Privatanto
2371 3202 26 29 in
2410 3202 91 35 Nizza,
2521 3208 73 23 wenn

1817 3241 37 28 die
1877 3242 78 35 große
1978 3240 251 37 Frühlingsſchlacht
2267 3248 74 20 unter
2382 3240 45 28 den
2450 3240 143 37 Eleganten

1817 3281 41 26 der
1881 3280 96 36 großen
2000 3279 66 28 Welt
2087 3288 29 27 zu
2138 3278 72 29 Ende
2233 3279 37 34 iſt,
2293 3280 65 26 denn
2381 3280 69 26 dann
2489 3278 106 37 beginnt

1816 3319 53 34 hier
1892 3319 37 27 die
1952 3318 79 28 Blüte
2053 3319 42 26 der
2128 3317 161 34 unendlichen
2313 3316 201 35 Blumenfelder,
2556 3317 38 28 die

1792 3357 70 27 den
1884 3357 98 36 großen
2006 3355 275 35 Parfümfabrikanten
2304 3356 46 27 den
2371 3355 67 34 Duft
2470 3356 41 33 für
2541 3356 53 34 ihre

1816 3396 158 27 Krealionen
1998 3395 94 33 liefern.
2134 3393 72 29 Steil
2228 3394 101 28 winden
2352 3395 44 32 ſich
2430 3394 37 28 die
2497 3395 97 36 glatten

1817 3433 120 33 Straßen
1960 3434 26 27 in
2009 3433 37 27 die
2069 3432 84 37 Berge
2184 3433 90 35 hinauf
2296 3450 36 2 —
2353 3433 88 28 vorbei
2479 3441 33 19 an
2535 3432 60 28 Oli—

1818 3472 143 36 venhainen
1980 3472 51 27 und
2045 3470 178 36 Weinbergen.
2266 3471 51 28 Die
2335 3471 94 28 Soune
2447 3471 74 36 glüht
2543 3471 52 28 und

1819 3511 49 27 das
1891 3509 165 35 romantiſche
2078 3509 96 28 Gemüt
2196 3511 59 33 ſieht
2278 3510 38 27 die
2333 3509 133 33 Provence
2484 3509 26 28 in
2528 3509 68 35 ihrer

1819 3548 126 36 Blütezeit
1968 3556 47 20 vor
2041 3552 69 24 1000
2132 3547 114 37 Jahren,
2279 3549 60 34 ſieht
2379 3547 38 28 die
2439 3546 157 35 Minnefän—

1818 3586 272 37 ger-Troubadours!
2132 3586 55 28 Wie
2210 3585 92 36 ſchade,
2334 3586 49 28 das
2401 3585 74 35 unſer
2496 3585 101 37 Wagen

1819 3625 159 36 Benzinduft
2009 3625 141 33 verbreitet,
2192 3624 50 34 daß
2285 3625 38 28 die
2364 3625 68 27 alten
2455 3624 143 35 Felsneſter

1820 3665 73 31 durch
1916 3663 208 37 Benzinreklame
2161 3664 107 32 entſtellt
2305 3663 71 35 ſind!
2419 3663 70 35 Nach
2531 3664 67 28 einer

1821 3703 105 27 Stunde
1939 3702 83 36 Fahrt
2034 3701 69 38 ſehen
2115 3702 48 28 wir
2174 3711 48 18 unr
2233 3703 58 33 noch
2304 3702 38 28 die
2352 3702 77 33 erſten
2440 3701 158 37 Berghänge

1820 3743 42 26 der
1884 3740 95 36 Alpen,
1999 3741 37 27 die
2057 3741 127 36 einzelnen
2206 3739 106 30 Ruinen
2335 3741 58 36 hoch
2417 3740 63 29 oben
2502 3741 27 27 in
2552 3740 46 28 den

1820 3779 97 36 Felſen.
1960 3779 56 28 Wir
2039 3780 88 33 fahreu
2150 3780 73 33 durch
2246 3779 114 34 Tunnel,
2390 3779 38 28 ein
2451 3778 148 36 Waſſerfall

1820 3819 75 35 ſtürzt
1917 3819 61 27 über
2000 3818 37 28 die
2059 3817 111 35 Straße,
2203 3818 48 28 wir
2273 3818 89 34 fahren
2394 3817 92 29 trocken
2524 3822 74 23 unter

1820 3856 90 35 ſeinem
1932 3856 175 37 Bogenſtrahl
2148 3857 131 35 hindurch.
2321 3856 103 32 Jmmer
2465 3856 59 33 noch
2566 3855 33 28 ab

1821 3896 51 28 und
1910 3904 29 27 zu
1981 3896 40 27 ein
2050 3894 146 37 Blockhaus
2238 3904 41 20 am
2301 3895 93 36 Wege:
2435 3894 166 35 Tankſtatio⸗

1821 3942 46 20 nen
1891 3951 33 2 —
1948 3933 123 37 Daneing
2094 3951 36 3 —
2151 3933 203 38 Jazz-Kapelle.

1878 3979 69 29 Aber
1970 3980 31 27 da
2025 3980 58 36 liegt
2106 3988 47 20 vor
2191 3985 50 23 uns
2283 3980 25 28 in
2340 3984 55 24 800
2417 3978 87 29 Meter
2527 3978 74 37 Höhe

1820 4019 39 27 ein
1882 4018 166 36 Adlerhorſt!“
2090 4019 52 28 Ein
2164 4019 143 33 Städtchen
2329 4018 46 34 mit
2397 4022 55 24 200
2474 4016 128 37 Einwoh—

1822 4066 70 25 nern,
1924 4057 43 33 auf
1989 4058 44 35 jäh
2062 4058 191 36 abſtürzendem
2274 4057 79 35 Fels!
2395 4056 52 29 Die
2465 4055 138 36 Montſal⸗

1821 4095 166 37 vat-Burg?
2027 4096 45 28 Da
2096 4097 66 34 reißt
2190 4101 51 24 uns
2273 4095 72 35 ſchon
2383 4095 38 28 die
2442 4094 160 37 Gegenwart

1821 4138 50 37 aus
1902 4134 105 35 unſeren
2044 4135 151 29 Träumen!
2255 4134 57 28 Der
2353 4133 146 37 Chauftenr
2546 4133 56 36 gibt

1822 4172 82 30 Gas:
1931 4173 107 38 „Vingt
2052 4174 139 33 minutes,
2206 4196 4 4 .
2224 4197 3 3 .
2238 4173 43 28 Sie
2287 4182 59 24 urs,
2360 4172 134 34 dames,“
2509 4174 52 26 und
2576 4172 26 28 in

1822 4211 178 36 Serpentinen
2023 4215 58 33 geht
2121 4216 28 24 es
2190 4212 99 35 hinauf.
2332 4211 40 28 Es
2413 4215 79 33 graut
2524 4210 78 29 einem

1823 4249 64 42 bzim
1909 4250 187 30 Rückblicken
2095 4268 23 3 —
2152 4259 50 20 nur
2234 4249 79 29 nackte
2353 4249 89 37 Felſen,
2484 4258 33 19 an
2559 4248 43 28 der

1822 4289 169 35 Nordwand,
2013 4290 88 28 immer
2122 4289 90 28 kleiner
2234 4295 73 22 unter
2328 4293 51 25 uns
2401 4288 67 29 wird
2491 4287 38 28 die
2555 4288 49 35 letz
