3678 4874
414 373 104 45 rent
548 371 131 38 entre
708 369 68 39 les
806 367 121 40 deux
955 372 190 46 guerres
1174 364 102 39 leur
1307 362 194 52 energie
1514 373 91 41 que
1634 373 119 41 pour
1783 372 49 29 se

391 420 155 63 jeter
546 420 132 48 avec
711 429 67 38 les
811 427 209 50 banques
1052 423 136 52 quils
1223 421 304 41 contròlaient
1559 434 61 27 ou
1652 421 81 51 qui
1766 421 67 39 les

413 489 288 40 dominaient
725 488 28 38 à
777 485 188 40 lassaut
988 483 139 40 diune
1150 482 172 40 devise.
1349 481 73 40 On
1445 481 69 39 les
1538 482 244 38 rencontre
1806 480 28 38 à

399 544 221 56 Porigine
649 547 83 39 des
761 545 199 52 grandes
991 544 143 39 crises
1164 540 292 41 monétaires.
1489 540 148 39 Leurs
1664 539 169 40 devan-

415 610 119 38 ciers
560 608 184 38 avaient
767 604 208 53 lorgueil
999 602 147 40 d'eètre
1170 601 85 53 des
1279 601 250 45 créateurs,
1555 611 90 27 euæ
1661 612 49 27 se
1729 611 105 26 con-

414 668 227 39 tentaient
657 652 50 66 ci
714 664 106 40 etre
856 664 83 40 des
973 663 254 51 pardsites,
1271 660 83 40 des
1390 658 339 53 Spéculateurs.
1772 656 63 40 IIs

415 727 227 40 sortaient
674 736 169 28 encore
877 723 60 39 de
968 722 101 39 leur
1102 720 223 51 lethargie
1357 731 118 39 pour
1508 730 135 39 peser
1675 729 81 28 sur
1788 716 47 40 la

415 785 170 41 liberte
603 784 59 39 de
680 783 142 41 UEtat
840 795 58 27 en
916 781 67 40 lui
1007 780 223 39 suscitant
1254 777 437 45 d'insurmontables
1709 775 126 40 diffi-

418 845 144 41 cultes
588 844 59 39 de
670 842 250 42 tresorerie
945 839 158 53 quand
1127 839 56 39 ils
1214 837 292 44 redoutaient
1530 849 90 39 que
1649 834 187 42 Vaction

376 905 263 53 publique
655 902 105 40 sen
784 913 176 40 prenne
985 899 28 38 à
1036 898 124 39 leurs
1185 896 260 53 privilèges.

506 963 152 46 Aussi,
682 953 128 65 peut/
816 974 58 25 on
898 957 289 52 conjecturer
1211 969 90 39 que
1327 957 116 38 cette
1467 960 164 46 guerre
1654 965 180 39 empor-

417 1026 102 37 tera
555 1035 114 27 avec
706 1022 88 39 elle
829 1020 47 38 la
911 1017 280 52 liquidation
1227 1016 64 39 du
1325 1014 172 52 régime
1534 1013 301 39 duulaisser

417 1081 228 41 fairenet
670 1079 299 41 dunlaisser
993 1074 198 53 passer“
1223 1078 45 37 et
1292 1075 43 38 le
1359 1074 188 51 général
1571 1073 59 38 de
1656 1072 178 47 Gaulle,

417 1154 59 27 en
501 1140 240 41 affirmant
765 1137 166 41 lautre
954 1137 105 51 jour
1083 1136 27 38 à
1135 1134 137 52 Alger
1336 1146 88 39 que
1444 1133 120 39 dans
1585 1133 45 38 la
1654 1132 183 40 France

417 1199 180 48 libérée,
626 1200 268 39 liconomie
918 1197 145 39 sSerait
1082 1193 258 49 fortement
1364 1190 210 53 dirigéen
1600 1203 58 27 ne
1682 1190 156 41 faisait

417 1272 91 40 que
534 1261 232 38 constater
791 1270 88 27 une
905 1253 238 42 nécessitè.

1114 1345 28 25 *

1161 1376 28 25 *

508 1453 66 39 Le
605 1451 105 41 chef
741 1451 64 39 du
834 1450 358 52 gouvernement
1223 1446 58 40 de
1312 1447 45 38 la
1389 1446 181 40 France
1594 1458 58 27 en
1675 1451 163 46 guerre

418 1513 176 41 traduit
618 1524 86 40 par
730 1512 117 38 cette
872 1521 89 27 vue
985 1508 211 39 d'avenir
1226 1507 47 38 la
1297 1506 185 40 volonté
1510 1506 60 38 de
1598 1504 239 40 renouvel-

419 1574 170 39 lement
613 1574 46 37 et
678 1570 59 39 de
755 1570 301 50 changement
1074 1579 90 40 que
1188 1567 43 38 le
1255 1578 117 40 pays
1391 1565 244 52 exprimait
1654 1563 107 52 deià
1780 1576 58 27 en

413 1632 124 39 1936
562 1644 58 26 en
644 1631 160 38 votant
827 1641 119 39 pour
969 1628 44 38 le
1036 1626 125 40 front
1186 1626 255 51 populaire.

510 1691 101 55 Que
648 1689 155 39 dẽsire
836 1688 120 38 donc
994 1689 132 37 notre
1162 1686 208 50 peuple?
1403 1681 321 47 Techniciens,
1759 1694 78 26 ou.

420 1751 162 45 vriers,
609 1749 57 39 ils
690 1761 58 26 ne
773 1747 184 41 veulent
980 1745 105 51 plus
1105 1745 97 39 etre
1221 1757 79 26 sur
1319 1746 42 37 le
1381 1741 188 41 marché
1588 1741 65 39 du
1671 1741 169 40 travail

420 1809 83 40 des
545 1807 218 41 matières
805 1803 253 55 premières
1100 1816 91 39 que
1232 1804 44 38 le
1317 1803 217 52 patronat
1575 1800 162 41 achète
1779 1813 60 26 ou

420 1869 163 52 rejette
608 1881 57 26 en
690 1867 127 39 seule
840 1865 207 39 fonction
1077 1863 82 39 des
1190 1866 247 47 avantages
1467 1861 236 39 matériels
1728 1858 112 53 qu'il

419 1931 111 50 peut
554 1941 59 26 en
637 1928 125 39 tirer.
789 1925 62 39 Ils
876 1925 162 38 savent
1062 1921 135 52 qu'ils
1222 1925 102 36 sont
1348 1923 68 37 les
1441 1920 224 40 élements
1686 1931 152 28 essen-

419 1988 105 41 tiels
544 1988 58 39 de
620 1988 47 38 la
685 1984 277 53 production
980 1984 46 38 et
1044 1994 90 38 que
1152 1993 87 38 par
1258 1982 101 37 leur
1377 1980 144 51 esprit
1540 1978 297 47 d'invention,

419 2048 101 38 leur
552 2046 128 41 souci
712 2045 63 39 du
804 2038 170 46 travail
1004 2041 108 39 bien
1141 2039 97 48 fait,
1271 2040 56 39 ils
1357 2039 112 40 ont
1499 2039 192 39 amenée
1719 2039 27 39 à
1777 2052 62 25 un

421 2107 95 39 etat
541 2106 58 40 de
629 2103 258 54 perfection
912 2101 79 51 qui
1022 2100 45 54 la
1098 2099 117 39 rend
1246 2099 193 51 capable
1465 2099 59 39 de
1553 2098 233 52 repondre
1811 2098 27 38 à

419 2168 150 39 toutes
605 2166 67 38 les
708 2159 334 55 exigences
972 2153 83 65 de
1077 2159 48 38 la
1159 2159 376 39 consommation.
1571 2158 68 39 La
1671 2158 75 38 vie
1779 2157 60 38 de

420 2224 165 41 Vusine
610 2225 112 38 dont
746 2223 57 38 ils
828 2222 104 38 sont
950 2233 62 40 un
1037 2218 82 39 des
1143 2224 192 45 rouages
1360 2218 276 51 principaux
1659 2230 58 26 ne
1742 2216 98 40 doit

420 2298 86 39 pas
536 2285 103 38 leur
668 2277 150 45 rester
849 2277 250 52 étrangère.
1132 2276 40 39 Il
1202 2276 99 41 faut
1325 2289 91 39 que
1445 2289 88 39 par
1562 2277 125 38 leurs
1713 2276 124 39 délé-

419 2343 110 54 gues
548 2344 56 38 ils
623 2339 327 55 participent
906 2330 48 71 à
968 2339 46 37 la
1032 2336 177 52 gestion
1224 2336 59 39 de
1300 2335 301 52 entreprise.
1617 2334 221 53 Paysans,

420 2406 58 37 Us
502 2399 258 43 réclament
779 2401 43 37 le
846 2398 125 39 droit
994 2395 59 40 de
1084 2393 144 42 n'etre
1258 2408 85 38 pas
1367 2394 222 52 exploités
1615 2407 106 26 sans
1747 2408 91 26 me-

421 2474 110 29 sure
567 2473 86 39 par
689 2461 44 38 le
769 2459 117 39 trust
919 2456 81 51 qui
1036 2455 102 38 leur
1172 2454 122 39 vend
1327 2454 82 39 des
1442 2454 182 51 engrais
1657 2465 59 27 ou
1753 2448 87 57 par

420 2519 380 51 intermédiaire
820 2517 80 51 qui
920 2514 160 40 écoule
1104 2513 43 39 le
1171 2512 113 42 fruit
1308 2513 59 39 de
1392 2514 101 39 leur
1516 2513 178 39 labeur.
1722 2512 116 40 Con-

421 2581 317 44 sommateurs,
765 2578 57 39 ils
847 2588 49 26 se
926 2573 206 40 refusent
1156 2572 28 38 à
1209 2572 98 41 étre
1337 2573 156 51 prives
1518 2572 64 38 du
1612 2571 228 41 bienétre

420 2652 144 42 parce
582 2650 90 39 que
690 2639 44 38 le
759 2634 245 52 monopole
1029 2644 57 27 ne
1104 2631 189 51 produit
1317 2645 84 39 pas
1421 2646 60 26 ou
1499 2631 149 40 mème
1667 2631 174 41 détruit

421 2702 68 39 jes
526 2698 149 51 objetis
712 2710 60 26 ou
807 2696 68 50 les
911 2693 214 40 aliments
1160 2692 369 52 indispensables
1567 2691 27 39 à
1631 2691 99 39 leur
1766 2692 74 39 vie

422 2773 118 40 pour
565 2756 248 40 maintenir
837 2755 66 38 les
928 2752 134 39 hauts
1087 2751 114 49 prix.

512 2818 65 40 Ce
600 2814 363 53 qu'imposeront
986 2812 67 38 les
1079 2809 234 53 Francais,
1340 2809 109 40 c'est
1464 2823 66 25 un
1548 2809 172 52 régime
1739 2809 101 39 éco-

423 2879 218 49 nomique
666 2875 81 51 qui
772 2872 280 41 substituera
1076 2882 60 45 au
1160 2869 289 51 capitalisme
1475 2868 186 40 dominé
1685 2880 87 39 par
1796 2869 46 39 la

422 2935 251 42 recherche
697 2934 170 51 egoiste
892 2931 64 39 du
979 2928 156 53 profit,
1160 2941 89 27 une
1273 2928 283 40 collectivite
1588 2926 255 54 d'hommes

422 2997 142 39 libres
601 2992 246 54 appliques
884 2991 27 38 à
948 3000 187 29 assurer
1171 2988 26 39 à
1234 2989 103 38 tous
1374 2988 45 39 la
1457 2987 290 41 satisfaction
1783 2988 59 39 de

423 3057 126 39 leurs
573 3054 198 40 besoins.

1123 3116 29 25 *

1079 3149 28 24 E
1167 3147 28 24 *

495 3231 261 51 Comment
785 3241 31 40 y
846 3226 260 52 parvenir?
1136 3224 100 39 Une
1268 3223 199 45 solirtion
1497 3235 54 27 se
1575 3222 216 52 présente
1814 3224 28 39 à

423 3291 179 51 Vesprit:
631 3287 293 51 Padoption
955 3285 59 39 de
1044 3285 46 39 la
1121 3283 209 41 doctrine
1361 3282 230 40 marxiste.
1627 3282 127 40 Nous
1785 3297 57 26 ne

424 3349 303 41 manifestons
757 3358 84 40 pas
866 3347 28 37 à
919 3357 84 27 son
1028 3343 141 52 égard
1194 3341 310 51 d'opposition
1528 3341 59 40 de
1614 3342 227 53 principe.

424 3410 127 40 Nous
569 3409 49 40 la
635 3419 169 28 savons
824 3403 193 53 capable
1037 3404 60 39 de
1116 3403 153 39 servir
1287 3401 58 38 de
1364 3400 111 39 base
1494 3401 28 38 à
1541 3401 54 51 la
1610 3402 232 50 grandeur

423 3468 110 41 d'un
559 3467 105 51 état.
697 3467 70 44 La
783 3464 170 40 Russie
979 3462 82 40 des
1086 3463 170 39 soviets
1281 3472 58 27 en
1363 3460 273 40 administre
1659 3460 181 41 lexem-

423 3529 77 51 ple
525 3528 44 38 le
593 3527 104 51 plus
723 3523 316 42 convaincant.
1066 3521 121 40 Mais
1207 3521 116 39 dans
1342 3521 132 38 notre
1491 3532 116 40 pays
1626 3520 61 39 de
1704 3522 162 49 petits

400 3585 358 55 proprietaires
782 3595 185 34 ruraux,
994 3580 244 41 d'artisans
1258 3579 38 39 si
1315 3578 206 47 attachès
1540 3579 28 38 à
1592 3579 102 39 leur
1712 3580 127 42 indé-

394 3646 271 53 pendance
689 3646 45 37 et
759 3644 27 38 à
816 3643 125 38 leurs
970 3641 144 45 biens,
1146 3641 34 37 il
1210 3640 69 38 est
1308 3637 203 40 douteux
1540 3650 90 38 que
1659 3637 197 54 l'appli-

424 3707 155 40 cation
603 3703 58 41 de
679 3703 132 40 telles
835 3712 207 28 mesures
1066 3700 109 38 aille
1199 3708 110 39 sans
1331 3697 158 39 heurts
1514 3698 46 38 et
1584 3709 106 27 sans
1715 3700 124 38 trou-

423 3767 113 39 bles.
572 3763 78 47 Or,
677 3775 60 27 on
761 3773 58 27 ne
841 3759 156 40 refera
1020 3771 91 26 une
1136 3758 180 38 France
1338 3755 176 51 grande
1535 3756 47 38 et
1605 3754 120 43 forte
1744 3769 96 39 que

423 3827 41 39 si
488 3826 167 39 autour
680 3820 135 41 d'elle
840 3832 59 35 se
907 3824 179 46 groupe
1111 3830 62 25 un
1197 3814 169 53 peuple
1390 3813 230 40 unanime.
1765 3843 32 25 1

512 3883 151 46 Alors,
689 3881 33 39 il
754 3879 176 46 semble
959 3876 114 52 qu'il
1101 3875 129 40 faille
1255 3888 49 27 se
1329 3873 172 52 diriger
1525 3885 105 28 vers
1661 3874 67 39 les
1759 3886 79 27 na-

393 3942 343 44 tionalisation
754 3939 82 40 des
855 3936 168 46 cartels
1048 3936 45 39 et
1117 3935 82 40 des
1223 3936 156 42 trusts,
1405 3932 257 50 bancaires,
1682 3932 157 40 indus-

418 4002 147 46 triels,
597 4001 202 44 miniers,
830 3996 308 53 producteurs
1159 3995 53 45 et
1242 3988 324 69 distributeurs
1594 3990 245 54 d'energie,

424 4075 59 27 en
506 4075 63 25 un
599 4062 95 38 mot
716 4057 62 41 de
801 4059 149 38 toutes
967 4055 80 49 les
1077 4053 228 41 branches
1336 4052 60 40 de
1407 4050 239 50 Vactivitéè
1676 4050 163 43 écono-

367 4122 214 49 mique
602 4108 75 62 où
713 4118 46 39 la
796 4114 345 43 concentration
1182 4111 216 47 achevee,
1441 4111 46 39 la
1529 4122 311 32 concurrence

380 4178 335 54 supprimée,
730 4190 62 25 un
816 4174 226 42 veritable
1067 4173 243 51 monopole
1329 4171 59 48 de
1406 4169 84 42 fait
1514 4169 108 41 Sest
1632 4169 206 42 instituè.

514 4239 49 40 Si
587 4238 94 39 Lon
706 4236 154 50 ajoute
885 4235 28 38 à
938 4245 76 28 ces
1039 4244 248 28 mesures:
1316 4231 44 40 le
1392 4229 205 41 contròle
1627 4229 64 40 du
1718 4242 121 28 com-

425 4310 152 28 merce
608 4295 231 43 exterieur
869 4296 45 39 et
939 4292 59 40 de
1021 4292 47 39 la
1091 4287 276 54 rpartition
1390 4289 82 40 des
1496 4288 218 42 matières
1738 4295 102 47 pre-

424 4357 182 47 mières,
638 4369 60 27 on
728 4354 155 40 arrive
913 4353 28 38 à
971 4365 63 26 un
1066 4349 199 54 système
1295 4348 285 53 d'ëconomie
1610 4348 176 52 dirigèe
1813 4349 28 40 à

395 4416 282 49 Vinterieur
701 4413 173 53 duquel
897 4412 47 39 la
961 4409 173 52 libertè
1157 4409 59 41 de
1240 4408 289 52 Pentreprise
1553 4407 225 42 familiale
1797 4411 45 38 et

423 4476 61 46 de
507 4473 336 54 Pexploitation
866 4471 157 40 rurale
1048 4470 124 40 reste
1196 4467 202 42 assurée.

1909 402 13 4 On
1993 357 325 54 reproche
2329 360 206 38 souvent
2547 363 98 48 aux
2663 356 224 55 systèmes
2906 356 287 49 d'ëconomie
3211 358 111 41 diri-

1903 417 83 57 gẽe
2010 418 59 39 de
2099 419 194 51 stipuler
2322 418 45 39 la
2398 418 303 51 suppression
2731 417 83 52 des
2843 416 191 41 libertès
3063 418 261 52 publiques,

1904 480 46 38 et
1973 476 94 52 Fon
2085 479 89 39 cite
2198 478 67 40 les
2284 479 233 49 exemples
2537 477 84 40 des
2645 471 182 46 nations
2852 478 80 51 qui
2957 476 158 41 vivent
3139 489 107 29 sous
3272 490 52 28 ce

1905 536 185 52 rẽgime.
2128 537 129 40 Elles
2294 539 103 37 sont
2432 537 289 40 totalitaires.
2760 536 68 39 La
2863 535 149 41 vérité
3048 538 70 37 est
3153 548 92 39 que
3280 537 45 40 le

1905 595 217 41 fascisme
2152 597 80 51 qui
2263 599 69 37 est
2365 609 90 26 une
2488 596 212 41 doctrine
2733 596 225 51 politique
2991 607 29 27 a
3052 595 149 40 inclus
3238 609 86 27 une

1907 655 237 41 economie
2168 656 81 51 qui
2273 655 150 40 meme
2447 668 108 27 sous
2579 668 84 28 son
2687 655 201 51 emprise
2912 655 260 39 demeurait
3195 658 129 48 peut-

1907 714 97 41 etre
2035 716 44 38 le
2109 716 101 38 seul
2238 714 94 40 lieu
2356 715 60 40 où
2447 715 237 41 subsistait
2707 727 90 27 une
2826 714 205 51 parcelle
3056 713 59 40 de
3144 714 179 40 libertè.

1908 774 63 41 Ce
1996 773 115 41 n'est
2140 786 86 39 pas
2249 774 47 39 la
2326 775 301 50 suppression
2652 774 63 38 du
2740 775 291 50 capitalisme
3055 772 166 40 libéral
3245 774 82 51 qui

1907 847 28 26 a
1959 833 212 41 entrainẽ
2190 846 64 41 en
2272 832 139 41 Italie
2436 835 45 38 et
2505 847 58 26 en
2587 831 270 53 Allemagne
2886 834 47 38 la
2963 833 279 51 disparition
3267 833 60 40 de

1906 894 48 39 la
1985 892 168 41 libertẽ
2186 892 317 48 individuelle,
2538 893 110 41 c'est
2679 891 319 42 Vinstallation
3033 905 61 26 au
3130 893 197 50 pouvoir

1907 951 42 40 d'
1957 943 152 65 Hitler
2133 954 45 37 et
2203 952 59 39 de
2286 951 246 40 Mussolini
2557 953 80 51 qui
2662 951 218 52 signifiait
2903 947 340 45 Vinstauration
3267 951 60 40 de

1907 1013 47 38 la
2002 1012 229 40 dictature
2274 1010 230 40 d'accord
2546 1014 193 38 souvent
2781 1023 114 28 avec
2943 1012 43 39 le
3035 1012 291 51 capitalisme

1906 1071 291 52 parasitaire.

1996 1130 73 39 En
2094 1131 195 45 France,
2321 1141 60 26 au
2405 1130 245 46 contraire,
2677 1130 59 37 où
2767 1141 114 26 nous
2911 1129 193 39 voulons
3130 1129 198 41 rétablir

1908 1202 90 27 une
2022 1189 285 41 démocratie
2332 1200 114 28 avec
2478 1201 62 26 un
2563 1190 360 50 gouvernement
2946 1187 93 40 fort
3064 1191 44 37 et
3133 1202 63 26 un
3222 1202 105 38 par-

1908 1249 172 40 lement
2104 1243 168 46 investi
2292 1248 59 39 de
2369 1250 103 37 tous
2490 1249 66 37 les
2577 1247 146 41 droits
2743 1247 58 39 de
2821 1246 218 47 contròle,
3058 1246 271 42 Veconomie

1909 1308 186 52 dirigée,
2121 1310 81 50 qui
2226 1307 301 51 sexprimera
2551 1320 85 38 par
2660 1308 46 39 la
2731 1307 377 39 nationalisation
3131 1306 197 42 d'entre-

1909 1369 149 50 prises
2083 1369 80 50 qui
2188 1379 58 28 ne
2271 1369 104 37 sont
2399 1379 57 27 en
2483 1367 166 39 réalité
2681 1365 178 41 d'autre
2883 1378 91 39 que
2999 1366 84 39 des
3106 1367 222 40 adminis-

1909 1428 208 46 trations,
2143 1440 58 26 ne
2231 1428 110 50 peut
2371 1427 253 39 nullement
2647 1428 200 38 attenter
2872 1426 26 37 à
2924 1438 83 27 nos
3033 1428 297 50 conceptions

1910 1487 59 39 de
1993 1487 165 39 liberté
2183 1498 90 39 que
2298 1484 212 53 abiecte
2528 1486 274 51 oppression
2821 1485 368 52 vichysso-nazie
3214 1499 115 27 nous

1909 1546 118 40 rend
2050 1546 104 51 plus
2179 1545 241 52 precieuse
2445 1557 169 28 encore
2631 1535 97 66 que
2752 1556 87 39 par
2863 1544 43 39 le
2931 1544 149 51 passé.

2000 1605 49 40 Si
2092 1617 76 28 ces
2211 1603 227 41 réformes
2475 1605 59 39 de
2570 1606 232 38 structure
2838 1604 80 50 qui
2962 1603 281 52 changeront
3284 1605 46 38 la

1911 1664 237 40 condition
2173 1664 217 39 humaine
2409 1666 104 38 sont
2538 1664 200 40 incluses
2758 1663 116 39 dans
2899 1663 46 38 la
2969 1664 211 39 nouvelle
3201 1676 128 28 cons-

1909 1724 198 45 titution,
2134 1725 39 38 si
2198 1724 110 39 elles
2334 1723 279 40 deviennent
2637 1735 178 27 comme
2845 1722 67 39 les
2943 1722 282 41 institutions
3251 1724 79 50 qui

1910 1782 177 52 règlent
2111 1784 43 38 le
2179 1783 196 51 pouvoir
2399 1782 201 41 exécutif
2624 1784 45 38 et
2692 1780 221 53 législatif
2936 1782 82 39 des
3042 1782 87 39 lois
3154 1785 177 49 organi-

1911 1855 127 38 ques,
2064 1843 111 39 elles
2207 1855 49 27 se
2287 1845 272 37 trouveront
2590 1842 270 39 soustraites
2890 1853 91 27 aux
3005 1843 145 38 crises
3180 1844 151 49 parle-

1911 1904 248 38 mentaires
2178 1904 44 37 et
2247 1901 150 40 meme
2417 1898 177 43 comme
2618 1901 46 38 la
2688 1900 278 52 république
2991 1902 45 38 et
3060 1901 44 39 le
3129 1901 204 53 suffrage

1911 1962 233 39 universel
2174 1973 90 27 aux
2294 1961 283 40 discussions
2609 1960 282 40 électorales.
2927 1959 127 40 Elles
3085 1963 156 38 seront
3270 1975 64 26 un

1911 2021 82 39 des
2018 2021 161 51 piliers
2204 2033 80 26 sur
2308 2021 202 51 lesquels
2535 2032 221 39 reposera
2780 2019 44 39 le
2847 2019 174 51 régime
3045 2020 225 52 politique
3289 2024 45 37 et

1911 2081 143 39 social
2079 2081 59 38 de
2163 2081 46 37 la
2235 2081 192 40 France.

1999 2139 72 47 Et,
2092 2152 60 27 au
2176 2140 93 39 lieu
2288 2139 59 40 de
2368 2139 215 40 craindre
2602 2150 90 38 que
2717 2136 270 41 lëconomie
3007 2137 174 51 dirigée
3200 2140 134 49 porte

1910 2200 191 38 atteinte
2137 2211 90 26 aux
2263 2199 147 40 droits
2447 2198 60 39 de
2542 2197 228 46 lhomme,
2806 2209 60 26 on
2898 2209 137 26 verra
3068 2195 265 53 S'ëpanouir

1911 2271 89 26 une
2030 2258 168 39 liberté
2223 2270 90 39 que
2343 2257 314 41 n'écraseront
2682 2257 105 51 plus
2811 2256 67 38 les
2902 2255 152 40 forces
3079 2269 255 40 anonymes

1911 2317 63 39 du
1998 2317 304 52 capitalisme.

2700 2373 199 51 Jacques
2925 2371 287 42 VINTRAsS.

1917 2589 232 77 Déat
2204 2588 483 89 sensae.

2001 2745 179 40 Marcel
2204 2744 120 40 Déat
2348 2744 81 51 qui
2454 2756 58 27 ne
2535 2744 176 39 voulait
2734 2756 85 39 pas
2844 2744 176 39 mourir
3045 2757 120 38 pour
3189 2745 142 39 Dant-

1913 2806 70 51 zig
2012 2805 118 39 mais
2160 2804 80 51 qui
2270 2805 200 50 regrette
2502 2803 58 39 de
2592 2815 57 27 ne
2679 2816 85 38 pas
2796 2815 49 27 se
2875 2803 119 40 faire
3018 2806 104 38 tuer
3146 2816 119 39 pour
3289 2804 44 39 le

1913 2866 72 38 roi
2021 2865 60 39 de
2118 2863 182 46 Prusse,
2332 2863 229 40 déclarait
2596 2862 164 41 lautre
2797 2862 105 51 jour
2937 2876 90 26 aux
3062 2876 269 39 correspon-

1914 2925 137 38 dants
2088 2922 59 40 de
2182 2923 48 39 la
2265 2935 161 39 presse
2461 2924 131 38 nazie
2630 2924 27 37 à
2695 2922 170 40 Paris:
2898 2922 288 40 Nëtaitαw
3224 2937 107 27 mon

1915 2985 97 50 dge,
2032 2982 316 53 endosserdi
2370 2995 110 26 qvec
2499 2982 146 49 fierté
2669 2980 271 49 liuniforme
2966 2981 217 52 feldgrau
3205 2983 57 38 de
3288 2984 45 39 lo

1922 3040 195 51 waffen
2145 3042 46 39 S.
2203 3042 43 39 S.
2275 3055 59 26 ou
2360 3042 58 38 de
2444 3042 46 39 læ
2516 3043 47 38 L.
2581 3042 49 39 V.
2646 3042 101 41 F.5.
2774 3041 74 39 Au
2872 3041 130 51 point
3025 3042 60 38 oâ
3110 3042 33 39 il
3168 3054 58 27 en
3250 3045 82 43 est.,

1914 3103 117 39 dans
2052 3101 178 51 lesprit
2248 3101 83 39 des
2350 3101 237 53 Francais,
2607 3102 99 39 cela
2725 3113 56 26 ne
2802 3101 264 51 changerait
3084 3113 84 38 pas
3186 3101 147 50 Srand

1915 3162 153 41 chose.
2099 3161 121 39 Déat
2250 3159 116 42 n'est
2395 3173 118 38 pour
2544 3162 46 39 la
2619 3162 191 51 plupart
2840 3158 177 41 d'entre
3047 3171 115 27 nous
3192 3157 141 51 qu'un

1913 3222 148 40 boche
2079 3219 199 42 dẽtachẽ
2296 3232 58 27 en
2380 3219 181 40 France
2584 3232 66 35 en
2667 3220 178 39 service
2871 3217 288 57 commandé.
3180 3215 154 43 Hitler

1914 3294 57 27 ne
2001 3282 65 38 lui
2096 3279 292 53 permettrait
2411 3279 64 38 du
2498 3281 123 38 reste
2645 3292 84 38 pas
2754 3279 60 38 de
2837 3280 190 47 troquer
3052 3289 53 26 sa
3123 3275 210 55 jaquette

1914 3341 59 40 de
1991 3342 210 46 ministre
2215 3340 158 39 contre
2391 3350 90 26 une
2503 3350 191 27 vareuse
2713 3338 58 38 de
2790 3337 46 37 la
2848 3334 281 41 MWermacht.
3144 3333 189 43 Comme

1891 3400 254 46 militaire,
2172 3399 120 40 Déat
2315 3397 211 39 rendrait
2550 3397 83 38 des
2657 3396 202 39 services
2883 3394 327 52 quelconques,
3234 3397 99 38 tan-

1912 3460 73 39 dis
2005 3472 90 39 que
2114 3470 179 28 comme
2310 3455 165 41 trattre
2494 3468 59 26 on
2575 3455 210 51 pourrait
2803 3452 324 42 difficilement
3144 3457 189 39 trouver

1912 3520 165 39 mieux.
2102 3516 314 41 Lutilisation
2441 3513 83 39 des
2548 3511 322 54 compétences
2901 3513 149 52 oblige
3079 3514 44 40 le
3153 3514 179 41 Fuhrer

1913 3579 27 39 à
1965 3579 44 49 le
2033 3578 164 39 laisser
2221 3576 46 38 là
2292 3574 60 39 où
2376 3573 35 38 il
2435 3574 81 38 est.

2000 3635 301 44 Maintenant,
2335 3632 44 38 le
2413 3643 120 38 coup
2567 3631 58 39 de
2658 3630 275 47 Puniforme.
2972 3631 120 41 Déat
3127 3631 61 40 Pa
3224 3631 107 52 déia

1910 3695 86 40 fait
2013 3708 61 27 au
2092 3695 151 39 moins
2261 3702 90 29 une
2368 3689 102 41 fois.
2499 3689 164 42 C'était
2681 3704 58 26 en
2758 3691 254 39 novembre
3033 3689 126 40 1939.
3183 3689 148 43 Lem-

1911 3754 140 52 ploye
2086 3752 195 50 d'Abet?
2317 3750 125 56 avait
2480 3751 126 50 signé
2643 3764 63 25 un
2741 3752 120 38 tract
2898 3749 223 55 pacifiste
3149 3749 80 51 qui
3266 3749 66 39 lui

1911 3813 126 39 avait
2054 3807 109 45 valu
2182 3810 146 40 d'etre
2346 3810 240 51 poursuivi
2605 3822 87 40 par
2708 3809 47 40 la
2772 3809 166 52 justice
2957 3809 230 39 militaire.
3208 3807 124 41 Pour

1912 3884 50 28 se
1985 3871 119 40 faire
2127 3870 282 53 pardonner,
2429 3869 34 38 il
2481 3869 194 48 adressa
2693 3868 27 39 à
2743 3867 223 41 Daladier
2984 3866 348 48 d'émouvantes

1877 3931 371 52 supplications
2277 3930 46 56 et
2353 3928 84 39 des
2463 3931 177 49 regrets
2671 3939 106 28 sans
2808 3926 173 52 dignité
3011 3929 46 39 et
3087 3940 57 27 en
3173 3926 69 41 fin
3273 3928 81 41 de

1912 3992 183 50 compte
2127 4002 118 41 pour
2278 3988 182 41 obtenir
2494 4001 62 26 un
2589 4001 93 28 non
2714 3987 106 46 lieu,
2856 3986 33 39 il
2922 3986 104 51 jura
3057 3986 111 53 qu'il
3201 3988 130 42 allait

1910 4049 257 53 reprendre
2197 4061 51 27 sa
2277 4050 193 50 tunique
2500 4046 231 42 d'officier
2762 4044 271 48 d'artillerie
3065 4060 129 40 pour
3217 4048 114 40 aller

1912 4111 256 50 combattre
2192 4108 45 40 le
2262 4106 234 42 Germain.

2000 4170 41 39 I
2059 4172 77 38 eut
2154 4180 85 28 son
2257 4170 93 37 non
2368 4162 94 45 lieu
2481 4169 46 38 et
2543 4167 45 40 le
2607 4164 246 42 Président
2872 4166 64 39 du
2956 4166 185 40 Conseil
3160 4165 171 40 d'alors

1912 4242 59 27 ne
1993 4228 248 42 Pabordait
2265 4225 165 53 jamais
2454 4239 109 27 sans
2586 4226 80 39 lui
2682 4240 297 26 demander:
2997 4227 76 38 4
3101 4223 165 54 quond
3292 4223 40 38 le

1913 4289 169 52 ddéport
2106 4301 95 28 auæ
2224 4288 182 39 armées
2426 4285 77 41 7.
3042 4287 65 19 —

2001 4347 123 42 Déat
2155 4347 174 40 servait
2362 4345 110 53 deià
2502 4345 120 40 mais
2656 4343 164 42 c'etait
2842 4343 117 40 dans
2992 4344 47 38 la
3072 4337 261 53 cinquième

1914 4407 207 41 colonne.
2159 4407 39 39 Il
2223 4406 229 40 continue.
2491 4404 40 40 I
2560 4416 57 28 ne
2641 4403 252 41 recherche
2908 4414 94 40 pas
3026 4398 306 42 sincèrement

1914 4466 27 40 à
1966 4465 99 43 etre
2088 4465 126 43 mutè
2238 4465 118 43 dans
2380 4468 90 37 une
2494 4463 128 42 unité
2647 4459 471 45 combattante.
