3168 4525
202 254 1050 300 Miener

242 668 73 57 Ur
322 664 154 84 210.

1141 676 224 71 Freitag,
1407 679 91 56 den
1541 684 84 54 13.
1661 680 307 71 September

207 847 177 35 Amtlicher
406 849 107 34 Theii.

205 892 259 36 Nichtamtlicher
484 895 106 36 Theii.

203 937 114 30 Wien:
338 939 161 37 Allerhöchſte
519 941 112 36 Spende.

205 983 133 32 Jnland.
364 984 89 36 Graz:
482 986 169 37 Landesgeſetz
681 988 55 28 Aus
766 989 52 28 dem
845 989 233 36 Landesausſchuſſe.

238 1019 154 35 Jnnsbruck:
422 1022 55 28 Aus
497 1023 52 28 dem
570 1023 234 36 Laudesausſchuffe.
834 1025 243 36 Blatternepidemie

236 1056 163 37 Caernowitz:
424 1059 56 28 Aus
501 1060 52 28 dem
567 1060 232 37 Landesſchutrathe.
820 1062 72 35 Peft:
913 1063 166 28 Verlrauens⸗

237 1094 94 34 adreſſe.
353 1094 292 38 Eroatiſch⸗ſlavoniſcher
665 1097 77 29 Elub.

201 1136 156 29 Ansland.
400 1140 106 28 Berlin:
551 1142 58 28 Das
641 1142 146 35 Hofconcert
819 1151 30 27 zu
882 1143 87 35 Ehren
1000 1145 79 34 Jhrer

237 1174 162 35 Majeſtäten.
444 1177 115 36 Danzig:
591 1178 66 32 Zum
689 1179 88 28 Strike
808 1180 41 27 der
880 1180 197 34 Werftarbeiter.

236 1210 93 34 Paris:
352 1212 77 27 Note.
452 1213 189 34 Verſchiedenes.
662 1214 114 29 London:
795 1215 50 28 Die
864 1216 213 33 Herbiimanöder.

237 1246 67 30 Eine
330 1247 116 36 türkiſche
466 1249 206 36 Panzerfregatte.
703 1251 55 28 Aus
778 1251 103 33 Jrland.
912 1252 165 36 Segelſchiffe.

236 1282 151 38 Rinderpeſt.
422 1284 133 36 Spaͤnien:
576 1286 49 30 Die
644 1287 178 36 Alphonſiften.
842 1288 56 29 Aus
918 1289 158 29 Ealalonien.

201 1327 111 29 Kleine
332 1329 147 35 Chronik.
500 1331 279 35 Perſonalnachrichten.
800 1334 114 34 Nottzen.

200 1372 172 30 Stimmen
394 1379 57 25 aus
471 1377 64 27 dem
554 1377 194 34 Publieum.

200 1418 267 37 Telegraphiſche
496 1422 297 35 Privatdepeſchen.

199 1464 126 32 vandel,
341 1465 180 35 Jnduſtrie,
541 1468 137 35 Verkehr
698 1471 63 26 und
782 1470 294 35 Landwirthſchaft.

201 1509 224 35 Kechtsleben.

198 1553 33 29 N.
251 1555 22 28 b.
293 1555 76 33 Han
382 1556 212 30 delskammer.

405 1692 263 72 Amtlicher
695 1695 156 71 Cheil.

164 1780 129 51 Se.t.
320 1800 57 32 und
421 1800 20 33 .
468 1801 185 42 Apoſtoliſche
678 1803 143 43 Majeſtaͤt
855 1804 61 41 find
954 1806 114 43 geſtern,

161 1852 51 32 den
241 1855 49 30 12.
317 1854 25 32 d.
368 1853 59 41 M.
453 1854 204 45 Nachmittags
682 1867 56 24 von
763 1858 106 35 Berlin
893 1860 67 42 nach
984 1859 87 36 Wien

158 1905 214 44 zurückgekehrt.

345 2053 372 73 Kichtamtlicher
741 2057 155 70 Theil.

451 2146 312 50 Beſterreich.

400 2214 136 41 Wien,
557 2220 50 30 12.
633 2217 185 43 September.

201 2275 58 35 Se.
300 2278 141 43 Majeftät
480 2281 47 31 der
566 2280 179 40 Kaiſer
784 2282 90 42 haben
925 2286 55 33 mit
1019 2287 48 32 der

154 2321 205 44 Allerhöchſten
395 2324 219 45 Entſchließung
649 2336 67 24 vom
752 2331 53 30 28.
845 2330 111 42 Auguſt
980 2332 25 32 d.
1031 2332 35 37 J.

154 2376 34 32 zu
228 2367 133 43 geſtatten
414 2370 118 41 geraht,
586 2371 54 42 daß
691 2377 54 29 aus
796 2376 62 31 dem
898 2376 168 41 Utenſilien⸗

153 2413 131 42 vorrathe
325 2414 48 33 der
415 2415 20 32 k.
475 2415 21 33 k.
521 2416 72 40 Hof⸗
633 2419 59 31 und
719 2418 250 37 Staatsdruckerei!
1002 2423 62 33 dem

153 2467 90 23 neuen
268 2459 195 44 ifraelitiſchen
487 2461 260 45 Blindeninſtitute
783 2465 60 34 eine
879 2466 186 44 vollſtäͤndige

153 2502 328 47 Druckereieinrichiung
521 2507 45 32 als
604 2507 136 44 Geſchenk
771 2511 160 43 verabfolgt
963 2513 99 40 werde,

153 2549 35 31 da,
228 2550 65 41 nach,
335 2552 50 32 den
427 2551 128 43 neuͤeſten
580 2553 216 44 Beflrebungen
837 2555 47 35 der
919 2557 145 35 Blinden⸗

151 2593 157 45 paͤdagogik,
347 2597 66 39 auch
439 2597 109 34 Blinde
588 2608 35 32 zu
647 2599 212 46 Schriftſetzern
885 2604 58 32 und
968 2603 95 44 Buch⸗

151 2639 128 34 druckern
304 2640 210 44 herangebildet
539 2647 108 30 werden
672 2645 117 34 können.

440 2779 326 61 Jnland.

196 2871 120 47 Graz,
349 2878 52 31 12.
431 2875 186 44 September.
643 2879 58 34 Se.
727 2879 141 43 Majeſtaͤt
895 2882 46 33 der
958 2882 101 41 Kaiſer

149 2919 90 35 haben
264 2919 61 34 dem
352 2931 70 23 vom
440 2922 244 43 ſteiermärkiſchen
701 2924 143 44 Landlage
860 2926 197 45 beſchloſſenen

150 2964 107 43 Geſetze
283 2965 114 43 betreffs
419 2967 172 45 Aufhebung
608 2970 48 33 des
674 2970 243 45 ſteiermärkiſchen
933 2973 124 35 Laudes.

368 3011 43 34 die
453 3013 183 45 Allerhoͤchſte
668 3015 150 35 Sanction
855 3028 35 33 zu
924 3019 132 42 ertheilen

148 3060 109 37 geruht.

192 3099 64 35 Der,
271 3095 81 59 Land
360 3095 207 59 esausſchutz
589 3105 130 41 beſchloß,
760 3107 43 32 die
836 3107 133 43 Eingabe
1005 3109 49 34 des

137 3140 235 60 Verwaltungsr
383 3147 80 43 athes
504 3150 47 33 der
588 3151 181 42 ungariſchen
808 3152 155 44 Weſtbahn
1002 3166 50 22 um

144 3191 214 44 Unterſtützung
400 3193 96 43 dahin,
532 3195 55 40 daß
617 3196 44 33 die
686 3196 166 44 Etoͤffnung
878 3199 175 42 derBahn—

147 3235 89 39 ſtrecke
261 3245 56 25 von
345 3237 47 34 der
422 3239 308 44 ungariſch-ſteiriſchen
755 3242 212 45 Landesgrenze
1007 3246 45 33 bis

146 3280 80 43 Graz
251 3283 67 41 noch
351 3292 55 24 vor
431 3284 188 46 Vollendung
652 3287 49 33 des
726 3287 174 44 Anſchluffes
935 3301 36 22 aͤn
1009 3291 43 32 die

145 3326 151 43 Suͤdbahn
336 3328 158 42 ſtattfinde,
544 3330 44 34 bei“
641 3332 62 34 dem
743 3333 127 40 naͤchſten
907 3331 144 52 Landtage

143 3372 117 41 mittelſt
284 3374 77 33 eines
394 3374 114 43 eigenen
533 3376 148 43 Berichtes
718 3378 47 33 der
795 3379 169 43 beſonderen
988 3381 62 35 Be⸗

142 3416 217 45 ruͤckſichtigung
390 3430 33 32 zu
449 3422 165 42 empfehlen.

186 3462 64 35 Der
274 3465 253 44 Landegausſchuß
563 3467 49 42 hat
651 3468 54 33 mit
740 3470 47 32 der
811 3470 167 44 Regierung
1004 3473 45 33 ein

141 3512 87 30 neues
253 3508 113 35 Statut
404 3511 48 40 für
485 3513 43 32 die
561 3513 174 42 oͤffentlichen
759 3514 235 44 Krankenhaͤufer
1017 3518 31 33 in

142 3553 182 35 Steiermark
351 3557 164 33 vereinbart
529 3560 59 31 und
605 3559 124 39 dasſelbe
745 3570 36 23 an
800 3561 43 32 die
859 3561 188 44 belreffenden

141 3598 187 41 Gemeinden,
373 3610 45 24 wo
453 3602 83 43 ſolche
560 3603 235 44 Krankenhaͤuſer
830 3606 132 44 beſtehen,
996 3618 51 33 zur

139 3643 151 44 ſofortigen
315 3645 172 46 Befolgung
512 3649 148 39 verſendet.

182 3740 249 45 Jnnsbruck,
476 3751 39 28 12.
568 3748 184 40 September.
804 3750 64 35 Der
908 3751 136 45 tiroliſche

136 3788 249 43 Landesausſchuß
413 3792 49 41 hat
486 3794 52 32 den
562 3793 140 44 Vertrag,
729 3795 117 42 mittelſt
882 3796 89 44 deſſen
997 3800 47 31 der

136 3833 251 45 Stadtmagiſtrat
429 3847 55 23 von
523 3838 119 41 Meran,
694 3841 45 32 als
789 3841 165 35 Verwalter
994 3845 48 31 des

134 3878 205 43 Spitalfonds,
366 3881 43 34 die
445 3883 279 44 Spitalfondsguͤter
748 3896 37 23 an
810 3886 43 33 die
877 3887 165 44 allgemeine

135 3924 209 44 öſterreichiſche,
370 3928 241 44 Baugeſellſchaft
634 3932 31 31 in
690 3931 209 43 Gemeinſchaft
924 3934 54 33 mit
995 3934 46 34 der

131 3969 242 44 Baugelellſchaft,
397 3973 198 35 für-Kurorte
620 3985 34 33 zu
679 3977 148 40 verkaufen
853 3978 186 44 beabfichtigt,

132 4015 143 43 vorläufig,
328 4018 74 40 nicht
442 4020 169 43 genehmigt,“
661 4022 92 41 jedoch
808 4024 137 43 zugeſagt,“
997 4025 43 33 die

131 4060 220 45 Angelegenheit
391 4065 63 32 dem
491 4065 142 44 Landtage
669 4066 211 42 befuͤrwortend
905 4079 50 33 zur
981 4070 59 34 Ge—

129 4106 174 43 nehmigung
329 4111 182 40 vorzulegen.

172 4151 59 34 Die
257 4153 144 38 Blattern
427 4155 138 43 beginnen
601 4157 67 41 auch
700 4157 36 34 in
773 4157 87 35 Tirol
885 4159 49 41 ſich
960 4160 79 43 mehr

124 4199 58 30 und
208 4198 77 42 mehr
309 4209 35 31 zu
373 4201 170 33 verbreiten.
583 4201 100 34 Kaum
721 4203 89 39 haben
848 4205 134 39 dieſelben
1007 4209 31 31 in

122 4241 131 44 Kufſtein
296 4245 65 32 und
402 4247 121 32 anderen
547 4247 95 33 Orten
672 4249 199 42 nachgelaſſen,
916 4250 59 42 ſind
1001 4250 36 44 ſie

1118 867 60 23 nun
1203 859 66 39 auch
1294 858 41 32 im
1361 858 237 45 Enneberg'ſchen
1635 863 181 42 aufgetaucht
1852 865 58 32 und
1935 861 90 44 haben

1118 902 65 33 dort
1207 902 103 34 bereits
1334 905 96 41 Opfer
1454 907 149 41 gefordert.

1164 991 251 46 Czernowitz,
1446 999 48 30 11.
1522 996 186 41 September.
1735 998 64 34 Der
1823 999 21 32 k.
1863 999 20 33 k.
1901 1000 123 33 Landes—

1117 1038 138 42 ſchulrath
1293 1039 178 44 beabſichtigt
1503 1041 43 33 bei
1572 1046 62 29 dem
1659 1045 365 41 Unterrichtsminiſterium

1118 1084 43 31 die
1187 1085 174 42 Errichtung
1399 1087 76 31 einer
1506 1087 464 45 Lehrerinnen-Bildungsanſtalt
1993 1091 30 32 in

1117 1128 173 43 Czernowitz
1316 1141 34 32 zu
1375 1130 201 40 befürworten.
1614 1135 55 31 Um
1694 1136 53 30 das
1771 1134 48 40 für
1844 1135 43 32 die
1911 1136 114 39 Anſtalt

1117 1174 191 41 erforderliche
1333 1175 161 34 Materiale
1531 1188 55 22 von
1611 1179 162 43 Zöglingen
1792 1177 230 51 nachzuweifen,

1116 1219 109 40 fordert
1250 1221 59 32 eine
1334 1221 230 43 Kundmachung
1600 1225 48 31 des
1673 1225 282 43 Laudesſchulraͤthes
1980 1226 43 33 die

1116 1264 159 45 allfälligen
1301 1266 225 41 Aſpirantinnen
1552 1279 49 32 zur
1627 1270 184 43 Anmeldung
1835 1272 58 39 auf.

1161 1352 108 45 Peſt,
1297 1359 51 30 12.
1374 1357 185 41 September.
1607 1360 46 33 An
1679 1359 56 34 Se.
1763 1360 67 38 Exc.
1857 1363 52 31 den
1932 1372 89 23 neuen

1094 1400 160 44 Miniſter
1290 1402 47 32 für
1363 1403 111 33 Cultus
1510 1405 58 31 und
1593 1405 159 41 Unterricht
1786 1407 96 40 Herrn
1907 1407 115 42 Trefort

1115 1445 33 39 iſt
1185 1446 83 41 dieſer
1293 1446 79 44 Tage
1409 1448 58 33 eine
1501 1449 326 45 Beglückwünſchungs-
1863 1453 58 32 und
1946 1452 75 34 Ver⸗

1114 1492 225 41 trauensadreffe
1375 1503 55 23 von
1457 1494 87 33 Seite
1576 1497 47 30 des
1648 1495 193 43 ifrgelitiſchen
1867 1497 153 44 Diſtricts⸗

1114 1536 176 43 präſidiums
1314 1548 35 32 zu
1373 1538 159 35 Temesvär
1560 1541 187 42 eingelaufen.

1160 1582 59 33 Die
1237 1583 166 42 croatiſchen
1418 1585 216 42 Abgeordneten
1649 1589 47 30 des
1709 1587 181 43 ungariſchen
1903 1588 116 42 Reichs—

1112 1628 81 42 tages
1211 1628 98 41 haben,
1335 1629 53 33 wie
1406 1630 103 32 bereits
1526 1631 63 43 kurz
1607 1632 144 42 gemeldet,
1777 1633 80 34 einen
1875 1634 144 41 croatiſch⸗

1112 1672 186 42 ſlavoniſchen
1331 1674 79 34 Club
1451 1676 128 41 gebildet,
1621 1677 88 40 deſſen
1746 1678 132 43 Aufgabe
1912 1683 29 28 es
1976 1680 41 42 iſt,

1112 1718 54 32 alle
1191 1718 42 32 die
1258 1718 108 34 Laͤnder
1391 1719 141 35 Croatien
1555 1722 58 32 und
1639 1721 168 34 Slavonien
1834 1724 183 41 betreffenden

1112 1763 112 42 Fragen
1260 1763 123 43 ſorgſam
1421 1775 33 32 zu
1488 1767 130 42 erwaͤgen
1645 1769 58 31 und
1729 1769 53 31 das
1807 1768 154 44 Vorgehen
1985 1770 32 34 in

1110 1807 112 43 Betreff
1246 1809 85 33 dieſer
1354 1810 255 43 Angelegenheilen
1634 1822 34 32 zu
1692 1811 142 42 berathen.
1862 1814 63 35 Ser
1938 1814 78 35 Club

1110 1853 73 33 wird
1209 1854 51 32 das
1274 1854 105 44 Organ
1405 1855 104 42 bilden,
1534 1857 81 42 durch
1641 1858 114 41 welches
1782 1858 46 34 der
1841 1857 175 37 Deal⸗Club

1111 1898 42 33 die
1178 1898 137 43 Wünſche
1339 1900 58 33 und
1422 1901 215 43 Beſtrebungen
1664 1902 157 36 Croͤatiens
1854 1905 58 33 und
1938 1905 77 34 Sla—

1109 1944 121 33 voniens
1256 1945 128 41 erfahren
1410 1946 58 37 ſoll.
1517 1947 45 37 Jn
1588 1948 73 33 allen
1686 1952 122 30 anderen
1834 1951 111 42 Fragen
1971 1961 44 33 ge—

1110 1989 243 42 meinſchaftlicher
1378 1990 99 35 Natur
1502 1994 72 32 wird
1601 1994 46 33 der
1673 1993 78 35 Club
1781 1994 156 43 ſolidarijch
1962 1997 53 33 mit

1109 2035 52 34 den
1185 2033 149 37 Deäkiſten
1359 2037 154 42 vorgehen;
1539 2037 154 44 Präſident
1717 2041 48 32 des
1791 2040 95 35 Clubs
1911 2042 32 40 iſt
1968 2044 47 31 der

1108 2079 196 44 Abgeordnete
1328 2082 98 33 Ritter
1450 2092 27 24 v.
1501 2083 125 41 Zmaiié.

1372 2208 373 62 Ausband.

1151 2302 157 42 Berlin,
1350 2311 48 28 11.
1432 2307 186 41 September.
1657 2309 119 42 Geſtern
1801 2310 117 34 Abends
1943 2313 69 39 fand

1103 2349 32 34 in
1176 2352 62 32 dem
1279 2353 109 32 runden
1414 2353 99 33 Saale
1554 2354 47 33 des
1627 2354 170 44 königlichen
1824 2357 106 38 Palais
1957 2358 54 32 das

1102 2398 270 41 programmmähig
1398 2398 153 43 feſtgeſetzte
1577 2400 172 41 Hofconcert
1782 2411 35 33 zu
1842 2402 96 42 Ehren
1965 2406 46 30 der

1103 2442 181 38 anweſenden
1309 2443 204 42 Allerhoͤchſten
1532 2444 95 40 Gaͤſte,
1654 2446 57 33 Sr.
1734 2446 141 44 Maͤjeſtaͤt
1899 2447 111 40 unſeres

1103 2486 235 44 allergnädigſten
1362 2488 118 41 Kaiſers
1516 2492 58 31 und
1611 2492 48 32 des
1695 2491 118 38 Kaiſers
1846 2501 55 25 von
1925 2494 85 41 Ruß⸗

1102 2532 68 32 land
1218 2533 74 39 ſtatt.
1341 2533 65 35 Der
1445 2534 156 42 „Deutſche
1630 2536 116 41 Reichs-
1770 2537 59 33 und
1853 2538 156 43 preußiſche

1101 2576 265 44 Staatsanzeiger“
1395 2579 128 42 berichtet
1549 2581 140 41 hierüber,
1716 2582 53 33 wie
1793 2583 95 43 folgt:

1145 2624 57 32 Die
1226 2627 121 38 geladene
1372 2626 175 39 Geſellſchaft,
1585 2630 39 29 die
1660 2633 65 27 etwa
1749 2630 169 40 dreihundert
1942 2632 64 35 Per—

1100 2670 79 36 ſonen
1218 2671 126 37 umfaßte,
1385 2673 179 36 verfammelte
1602 2673 45 40 ſich
1679 2676 40 28 in
1732 2676 58 29 dem
1814 2675 187 40 Balconſaale,

1100 2716 55 29 dem
1181 2715 270 41 Malachit-Simmer,
1493 2720 55 29 dem
1574 2719 156 40 Speiſefaal
1769 2723 53 28 und
1858 2724 54 29 trat
1936 2723 69 30 dann

1098 2761 29 29 in
1168 2763 48 28 den
1255 2763 101 29 runden
1396 2763 185 35 Macmorſaal
1621 2766 51 29 ein.
1713 2765 41 31 Es
1795 2766 126 36 befanden
1960 2768 44 38 ſich

1098 2807 123 30 darunter
1256 2808 81 37 außer
1373 2810 48 29 den
1456 2809 189 39 Allethöchfſten
1680 2814 53 27 und
1773 2812 115 38 höchſten
1923 2812 81 37 Herr—

1096 2851 111 38 ſchaften
1245 2854 53 28 und
1339 2855 75 28 deren
1454 2854 116 40 Gefolge
1611 2856 39 29 die
1689 2858 55 28 vier
1767 2856 172 39 Botſchafter,
1965 2859 39 30 die

1097 2896 115 35 oberſten
1235 2896 77 39 Hof,
1347 2898 133 39 Oberhof-
1516 2902 54 28 und
1601 2900 174 41 Hofchargen,
1801 2904 40 29 die
1866 2903 134 38 Miniſter,

1096 2942 39 30 die
1160 2942 178 36 Generalität,
1364 2945 39 29 die
1426 2944 223 41 fremdherrlichen
1672 2947 135 38 Officiere,
1833 2948 168 38 Profeſforen

1095 2988 43 29 der
1162 2988 166 38 Univerſität,
1354 2990 41 29 der
1407 2990 277 40 Oberbürgermeiſter
1706 3000 52 22 von
1772 2992 97 32 Berlin
1893 3003 27 21 u.
1930 3004 24 20 a.
1964 3004 36 21 m.

1093 3033 53 34 Jm
1169 3035 102 29 runden
1288 3033 91 31 Saale
1403 3043 88 23 waren
1516 3045 34 21 an
1575 3038 48 28 den
1646 3038 97 37 weißen
1761 3038 239 32 Marmorwaͤnden

1093 3079 85 37 hinter
1202 3080 48 29 den
1276 3079 111 31 Säulen
1411 3080 130 39 Ruheſitze
1576 3084 54 28 und
1666 3090 46 22 vor
1747 3085 48 28 den
1827 3084 112 30 Saͤulen
1962 3086 38 30 im

1092 3122 88 38 Kreiſe
1203 3125 90 36 runde,
1330 3126 50 29 mit
1404 3126 185 38 dunkelrothen
1615 3127 100 31 Decken
1740 3128 148 40 behangene
1912 3129 87 39 Tiſche

1092 3168 154 40 aufgeſtellt,
1271 3179 46 21 um
1342 3170 90 39 welche
1455 3172 25 38 je
1505 3172 66 36 ſechs
1596 3173 43 30 bis
1664 3173 54 37 acht
1742 3175 148 38 vergoldete
1907 3175 91 36 Seſſel

1091 3213 98 40 gereiht
1212 3223 113 28 waren.
1358 3215 44 35 Jn
1441 3217 43 29 der
1508 3216 85 31 Mitte
1633 3219 44 29 des
1703 3218 105 32 Saales
1844 3219 73 38 ſtand
1950 3221 48 30 auf

1090 3260 57 29 dem
1171 3260 121 38 Parquet
1318 3261 42 29 der
1385 3260 102 41 Fluͤgel.

1137 3304 95 40 Gegen
1259 3306 40 30 10
1325 3305 54 38 Uhr
1404 3308 50 38 gab
1477 3308 43 29 der
1549 3307 340 40 Oberceremonienmeiſter
1921 3309 75 39 Graf

1089 3349 141 38 Stillfried
1266 3353 48 28 das
1350 3351 115 38 Zeichen,
1502 3353 50 38 daß
1587 3352 70 39 Jhre
1682 3354 164 40 Majeſtäten
1886 3355 107 39 nahten.

1088 3395 83 30 Unter
1195 3398 55 28 dem
1275 3395 134 32 Vortritte
1434 3399 44 29 des
1501 3398 160 39 Ober⸗Hof⸗
1686 3401 52 28 und
1763 3399 230 40 Hausmarſchalls

1088 3440 106 35 Grafen
1219 3441 108 36 Pückler
1350 3444 54 29 und
1421 3441 44 33 des
1481 3442 206 40 Hofmarſchalls
1705 3444 107 37 Grafen
1830 3446 164 40 Perponcher

1087 3486 117 30 betraten
1227 3487 69 39 Jhre
1320 3487 164 40 Majeſtäten
1509 3490 39 29 die
1572 3489 92 38 Kaiſer
1688 3497 52 24 von
1763 3491 157 39 Oeſterreich
1938 3493 53 29 und

1085 3530 137 40 Rußland,
1247 3533 70 37 Jhre
1341 3533 134 40 Majeſtät
1510 3535 39 29 die
1584 3534 255 42 Kaiferin-Königin
1872 3537 118 39 fuͤhrend,

1085 3577 47 29 den
1157 3576 92 39 Saal;
1275 3577 55 31 Se.
1355 3578 131 41 Majeſtät
1510 3581 42 28 der
1576 3579 93 37 Kaiſer
1692 3583 53 28 und
1770 3581 89 40 Koͤnig
1885 3582 106 38 fuͤhrten

1085 3621 70 39 Jhre
1180 3623 19 30 k.
1224 3622 100 38 Hoheit
1349 3624 39 30 die
1414 3624 328 40 Großherzogin-Mutter
1777 3635 53 22 von
1861 3626 129 32 Mecklen⸗

1083 3663 60 51 burg
1155 3663 158 51 Schwerin,
1340 3669 107 36 worauf
1462 3670 39 29 die
1518 3670 110 40 übrigen
1646 3671 145 39 fürſtlichen
1808 3671 181 39 Herrſchaften

1082 3711 111 41 folgten.
1219 3713 54 30 Se.
1299 3713 132 40 Majeſtät
1454 3716 42 29 der
1520 3715 92 37 Kaiſer
1636 3718 52 29 und
1705 3716 101 41 König,
1823 3717 165 39 Allerhöchſt.

1081 3758 90 37 welche
1208 3759 38 29 die
1279 3759 124 38 Uniform
1439 3760 81 37 ſeines
1556 3760 133 40 ruffiſchen
1725 3763 263 39 Uhlanenregiments

1081 3803 123 40 angelegt
1228 3804 98 39 hatten,
1351 3805 116 37 machten
1490 3815 46 29 zur
1560 3806 168 41 Begruͤßung
1753 3809 43 29 der
1829 3808 83 35 Gäſte
1949 3810 38 29 die

1080 3848 97 30 Runde
1202 3850 53 29 und
1280 3850 85 36 ließen
1390 3849 43 40 ſich
1458 3852 73 29 dann
1556 3860 34 22 an
1616 3853 56 30 dem
1696 3852 86 39 Tiſche
1807 3854 94 36 nieder,
1926 3855 59 30 wel—

1080 3894 54 35 cher
1157 3895 48 29 den
1229 3894 179 38 Mittelpunkt
1432 3897 44 29 des
1502 3896 105 32 Saales
1633 3898 122 38 einnahm
1780 3900 53 29 und
1859 3908 40 21 wo
1916 3899 69 38 Jhre

1079 3939 132 40 Majeflät
1235 3940 40 30 die
1299 3939 122 38 Kaiſerin
1456 3942 119 37 zwiſchen
1612 3942 88 38 Jhren
1735 3943 166 40 Majeſtäten
1937 3945 47 30 den

1078 3983 110 38 Kaiſern
1224 3992 52 24 von
1309 3986 159 38 Oeſterreich
1504 3989 53 28 und
1593 3988 130 38 Rußland
1760 3991 52 29 und
1845 3991 138 37 außerdem

1077 4029 70 38 Jhre
1171 4030 20 30 k.
1215 4028 100 42 Hoheit
1340 4032 38 29 die
1403 4031 326 41 Großherzogin-Mutter
1763 4042 52 23 von
1852 4035 130 31 Mecklen—

1077 4074 231 40 burg⸗Schwerin,
1336 4076 52 31 Se.
1406 4077 20 30 k.
1444 4076 98 38 Hoheit
1559 4080 43 29 der
1618 4078 150 40 Kronprinz
1785 4088 51 23 von
1854 4080 126 37 Sachfen,

1078 4119 98 31 Senk.
1203 4121 99 39 Hoheit
1326 4123 42 29 der
1393 4121 172 41 Großherzog
1590 4132 51 22 von
1668 4124 117 42 Sachſen
1822 4127 53 29 und
1912 4126 69 38 Jhre

1076 4165 21 30 k.
1121 4164 99 41 Hoheit
1245 4167 38 30 die
1309 4167 201 40 Großherzogin
1535 4177 51 22 von
1612 4168 97 32 Baden
1727 4170 72 38 Platz
1825 4180 155 30 genommen

1077 4210 101 38 hatten.
1204 4212 49 30 Als
1279 4213 38 29 die
1343 4213 63 38 hohe
1432 4213 165 38 Geſellſchaft
1622 4215 54 37 ihre
1709 4215 88 38 Plätze
1830 4216 149 39 eingenom—

1060 4251 75 34 men
1161 4256 78 39 hatte,
1267 4257 102 39 begann
1395 4260 47 28 das
1469 4258 122 36 Concert,
1617 4264 48 26 das
1690 4270 51 20 nur
1765 4266 51 25 aus
1826 4257 152 48 G.ſangs⸗

2066 876 139 21 nummern
2242 868 113 38 beſtand,
2392 871 76 28 deren
2505 870 163 41 Begleitung
2704 881 45 21 am
2783 871 110 32 Klavier
2929 875 43 29 der

2065 911 261 39 Obercapellmeiſter
2349 914 119 31 Taubert
2493 915 150 37 ausführte.

2109 956 64 32 Das
2214 959 164 39 Programm
2417 969 56 21 war
2513 961 157 39 folgendes:
2721 963 27 31 J.
2788 962 94 37 Arioſo
2921 968 51 26 aus

2068 1002 210 38 „Tannhäufer“
2323 1014 50 21 von
2413 1005 38 31 R.
2476 1006 137 40 Wagner:
2652 1006 69 37 Herr
2755 1007 63 39 Betz
2854 1007 119 40 Garfe:

2063 1047 69 37 Herr
2157 1048 134 38 Grimm).
2342 1050 28 30 2.
2395 1050 89 31 Duett
2508 1057 50 25 aus
2592 1050 134 39 „Stabat
2756 1055 123 29 mater“
2920 1062 53 23 von

2063 1093 122 37 Roffini:
2234 1094 44 36 Fr.
2320 1094 90 39 Artoͤt,
2452 1096 44 36 Fr.
2522 1097 239 38 Peſchka⸗Leutner.
2810 1099 28 30 3.
2882 1097 90 41 „Non

2062 1137 170 32 m'amavan
2261 1147 51 22 von
2339 1140 139 32 Guercia:
2518 1142 70 37 Herr
2621 1144 27 28 de
2673 1144 117 35 Padilla.
2840 1146 28 29 4.
2909 1145 63 30 Arie

2062 1188 51 25 aus
2142 1184 160 39 „Violetta“
2330 1193 52 23 von
2406 1186 105 31 Verdi:
2535 1187 44 36 Fr.
2605 1186 90 32 Artöt.
2744 1189 30 30 5.
2799 1189 103 39 Terzett
2919 1195 51 26 aus

2063 1228 98 36 „Tell“
2190 1238 52 22 von
2266 1230 126 37 Roffini:
2440 1232 39 30 die
2504 1231 101 37 Herren
2629 1233 144 36 Niemann,
2815 1234 62 39 Betz
2916 1237 53 29 und

2062 1274 91 36 Fricke.
2202 1275 29 30 6.
2258 1275 91 31 Scene
2373 1278 52 29 und
2450 1277 63 31 Arie
2537 1280 43 29 der
2603 1278 119 39 Ophelia
2746 1284 51 26 aus
2818 1278 148 41 „Hamlet“

2060 1327 52 22 von
2137 1319 142 38 Thomas:
2319 1321 44 36 Fr.
2389 1322 240 38 Peſchka⸗Leutner.
2679 1325 29 29 7.
2747 1323 135 33 Duettino
2918 1331 51 26 aus

2061 1365 42 29 der
2132 1365 162 38 uFavorite“
2312 1374 52 23 von
2380 1366 159 41 Donizetti:
2564 1368 70 37 Herr
2657 1370 53 30 und
2729 1369 44 36 Fr.
2804 1371 28 31 de
2849 1371 118 35 Padilla.

2060 1410 31 29 8.
2120 1410 195 38 „Ständchen“
2344 1420 51 22 von
2414 1412 152 38 Schubert:
2592 1412 70 38 Herr
2690 1414 138 32 Niemann
2853 1414 115 41 Garfe:

2059 1453 70 37 Herr
2146 1455 134 39 Grimm).
2322 1458 17 29 9
2384 1465 26 23 a.
2445 1456 46 32 La
2506 1457 217 34 Mandolinata
2739 1468 51 23 von
2808 1461 158 39 Paladihie:

2059 1500 44 36 Fr.
2128 1498 91 34 Artoͤt.
2267 1501 29 31 b.
2336 1500 46 33 La
2405 1501 92 41 Niña,
2530 1511 61 32 que
2619 1503 69 32 esta
2715 1504 31 32 al
2779 1505 112 32 balcon
2914 1516 52 22 von

2058 1545 134 35 Bradier:
2226 1545 69 38 Herr
2319 1549 54 29 und
2397 1548 44 37 Fr.
2465 1554 30 26 de
2520 1549 117 36 Padilla.
2690 1551 48 30 10.
2780 1551 111 36 Sextett
2914 1558 52 26 aus

2062 1591 115 39 „Lucia“
2206 1600 52 23 von
2282 1592 160 40 Donizetti:
2467 1594 44 36 Fr.
2538 1595 240 39 Peſchka⸗Leutner,
2803 1596 45 37 Fr.
2873 1596 90 40 Artoͤt,

2059 1637 38 30 die
2111 1636 114 40 Herren
2250 1638 145 37 Niemann,
2421 1639 70 39 Betz,
2517 1641 29 29 de
2570 1640 109 36 Padilla
2703 1642 54 30 und
2782 1641 91 37 Fricke.

2101 1681 129 40 Zwiſchen
2270 1684 43 29 der
2350 1684 106 38 fuͤnften
2492 1687 54 28 und
2585 1685 111 39 ſechsten
2720 1686 133 32 Nummer
2876 1690 89 29 wurde

2057 1727 55 29 eine
2137 1728 87 36 Pauſe
2265 1729 122 38 gemacht,
2427 1730 28 29 in
2494 1731 103 36 welcher
2621 1731 39 30 die
2684 1731 187 40 Allerhöchften
2910 1735 54 29 und

2055 1771 114 39 höchſten
2205 1771 182 40 Hertſchaften
2427 1773 44 39 ſich
2507 1779 77 27 unter
2623 1777 47 30 den
2695 1776 103 37 Gäſten
2823 1778 139 40 bewegten.

2055 1816 72 40 Nach
2156 1818 36 30 11
2221 1819 55 37 Uhr
2300 1819 63 38 fand
2389 1820 48 30 das
2462 1819 116 36 Souper
2601 1820 70 38 ſtatt,
2698 1823 49 30 das
2772 1823 36 31 im
2825 1823 139 36 Adlerfaal

2054 1864 54 28 und
2134 1864 48 29 den
2206 1865 82 30 daran
2313 1864 138 38 ſtoßenden
2475 1865 163 39 Gemächern
2662 1866 91 35 ſervirt
2777 1876 65 24 war.
2867 1868 96 40 Gegen

2055 1907 174 38 Mitternacht
2261 1910 128 38 verließen
2427 1910 70 38 Jhre
2534 1911 60 35 kaiſ.
2633 1911 165 42 Majeſtäten
2830 1915 53 30 und
2923 1915 39 31 die

2053 1951 111 42 übrigen
2189 1953 206 41 Fürſtlichkeiten
2419 1956 40 30 die
2484 1955 176 40 Geſellſchaft.

2098 2037 173 50 Danzig,
2319 2041 58 35 12.
2412 2044 185 41 September.
2641 2046 69 34 Das
2751 2046 118 35 Comité
2913 2049 47 31 der

2053 2085 152 42 ſtrikenden
2223 2088 218 41 Werftarbeiter
2466 2090 75 41 hatte
2567 2090 84 40 dieſer
2667 2091 81 43 Tage
2774 2092 60 34 eine
2858 2093 101 41 außer—

2054 2132 165 42 ordentliche
2244 2132 226 45 Verſammlung
2507 2135 171 42 einberufen.
2719 2138 59 33 Bei
2821 2138 138 40 derſeiben

2052 2179 59 30 trat
2136 2178 46 32 der,
2206 2187 56 24 von
2286 2178 107 35 Berlin
2419 2180 155 42 enfſendete
2591 2181 275 43 Verbandsſecretär
2882 2184 76 41 Herr

2052 2222 143 42 Landgraf
2220 2224 51 40 auf
2310 2225 58 32 und
2406 2224 48 34 bat
2478 2227 67 39 nach
2570 2226 129 43 längerer
2722 2228 80 33 Rede
2827 2229 44 32 die
2895 2229 62 40 ſtri⸗

2051 2267 102 33 kenden
2178 2268 138 35 Arbeiter.
2358 2269 53 33 mit
2447 2271 47 32 der
2525 2271 96 42 bisher
2654 2272 192 39 beobachteten
2870 2274 87 40 Ruhe

2051 2314 58 31 und
2135 2313 171 43 Maßigung
2330 2314 60 41 ihre
2417 2315 94 42 Sache
2543 2318 97 31 weiter
2664 2328 34 32 zu
2723 2317 148 43 betreiben,
2912 2321 44 31 die

2050 2357 248 44 Verhandlungen
2340 2360 53 32 mit
2432 2361 62 33 dem
2520 2362 173 43 unterdeſſen
2718 2363 104 34 wieder
2845 2365 110 42 zurück⸗

2050 2402 141 43 gekehrten
2215 2404 95 41 Herrn
2334 2405 312 40 Ober⸗Werftdirector
2669 2407 174 44 Kinderling
2867 2409 89 41 ſofort

2049 2448 103 34 wieder
2176 2449 207 44 aufzunehmen
2407 2452 59 32 und
2491 2452 73 42 nicht
2587 2453 96 42 trotzig
2700 2454 52 41 auf
2767 2453 188 46 Redliſirung

2052 2497 47 28 des,
2125 2494 87 42 zuerſt
2237 2504 56 24 von
2319 2495 51 34 den
2395 2497 150 33 Arbeitern
2571 2498 192 43 aufgeflellten
2787 2500 167 42 Lohntarifs

2047 2548 35 33 zu
2107 2538 131 44 beſtehen,
2279 2541 129 40 fondern,
2442 2542 96 37 ſobald
2576 2545 47 31 der
2646 2553 57 25 von
2728 2545 47 33 der
2799 2545 154 35 Direction

2046 2585 167 41 proponirte
2238 2585 87 34 Tarif
2364 2587 59 33 eine
2455 2587 205 44 Aufbeſſerung
2701 2590 49 32 des
2790 2590 163 44 bisherigen

2045 2629 110 41 Lohnes
2182 2631 131 40 enthalte,
2350 2632 43 33 die
2433 2633 73 40 nicht
2545 2644 51 32 gar
2635 2644 34 33 zu
2705 2635 60 41 ſehr
2797 2646 85 33 gegen
2909 2638 43 32 die

2045 2674 94 43 eigene
2181 2676 168 43 Forderung
2388 2678 174 42 zurückſtehe,
2600 2680 71 41 ohne
2711 2680 141 34 Säumen
2897 2682 53 33 den

2044 2719 87 41 Tarif
2154 2721 47 33 der
2226 2721 153 35 Direction
2404 2733 33 31 zu
2463 2725 165 40 acceptiren.

2089 2765 63 34 Der
2177 2767 75 41 Herr,
2286 2766 325 43 Ober⸗Werftdirector,
2647 2769 131 43 Capitaͤn
2811 2781 51 34 zur
2886 2772 64 34 See

2041 2809 173 45 Kinderling
2251 2812 47 41 hat
2325 2814 80 39 durch
2431 2815 105 38 Placat
2560 2815 63 33 ddo.
2649 2818 29 30 8.
2696 2816 176 43 Septeniber
2896 2819 53 33 den

2042 2865 56 23 von
2134 2857 47 32 der
2216 2857 63 40 kaiſ.
2305 2858 191 35 Admiralität
2531 2860 47 39 für
2603 2860 42 33 die
2670 2860 204 36 Civilarbeiter
2899 2864 48 32 der

2041 2900 63 41 kaiſ.
2128 2901 109 42 Werfte
2263 2902 139 44 hierſelbſt
2433 2904 190 43 feſtgeſtellten
2648 2905 150 43 Lohntarif
2832 2908 117 34 bekannt

2041 2947 132 43 gemacht.
2214 2947 102 41 Dieſer.
2340 2948 86 42 Tarif
2450 2950 108 42 ſtimmt
2594 2951 30 34 in
2648 2951 52 41 faſt
2736 2953 76 33 allen
2837 2953 111 43 Saͤtzen

2040 2993 52 31 mit
2118 2992 61 33 dem
2204 2992 85 43 Tarif
2312 2994 132 42 überein,
2480 2996 52 33 den
2566 2997 61 42 jene
2650 2996 227 45 Verſammlung
2902 3000 46 32 ba—

2040 3037 137 43 kanntlich
2202 3041 45 30 als
2273 3040 74 42 nicht
2370 3040 177 41 annehmbar
2571 3043 132 38 verwarf.
2731 3044 56 36 Jm
2804 3044 142 43 Uebrigen

2038 3084 111 31 werden
2186 3084 43 32 die
2253 3084 132 34 Arbeiter
2420 3095 56 24 von
2513 3088 61 32 dem
2611 3088 94 40 Herrn
2740 3088 206 43 Ober⸗Werft⸗

2038 3128 120 32 director
2182 3129 188 42 ausdrücklich
2396 3131 103 41 darauf
2523 3132 185 42 aufmerkſam
2732 3135 132 41 gemacht,
2891 3136 54 38 daß

2036 3173 51 41 auf
2123 3173 73 33 keine
2231 3175 132 32 weiteren
2396 3176 247 44 Verhandlungen
2681 3179 31 32 in
2748 3179 113 42 Betreff
2898 3182 47 31 der

2035 3217 94 42 Loͤhne
2153 3219 59 33 und
2237 3220 174 43 Arbeitszeit
2437 3221 193 43 eingegangen
2654 3224 112 33 werden
2792 3225 82 32 wird.

2079 3306 144 44 Paris,
2252 3312 49 31 10.
2328 3309 186 44 September.
2538 3312 70 35 Das
2637 3314 152 41 „Journal
2815 3315 121 42 officiel“

2033 3353 130 42 ſchreibt:

2079 3400 68 32 Seit
2170 3402 100 39 einiger
2293 3401 60 37 Zeit
2388 3403 45 39 hat
2457 3413 63 22 man
2544 3404 45 38 ſich
2620 3406 76 31 darin
2730 3406 121 40 gefallen,
2892 3409 48 31 das

2031 3446 121 39 Jnſtitut
2191 3448 45 30 des
2272 3447 288 42 Ausbildungsſchiffes
2603 3451 94 40 „Jean
2732 3451 93 32 Bart“
2864 3457 77 28 unter

2031 3493 57 30 dem
2113 3492 153 32 Vorwande
2290 3495 176 39 anzugreifen,
2491 3496 40 30 die
2555 3496 135 40 praktiſche
2706 3497 174 42 Ausbildung
2898 3501 43 30 der

2031 3537 234 40 Marinezöglinge
2290 3538 92 32 könnte
2421 3540 51 30 viel
2496 3541 77 38 beſſer
2597 3541 47 39 auf
2668 3542 178 40 irgendeinem
2881 3544 58 38 ſon—

2030 3582 82 40 ſtigen
2137 3582 191 41 Kriegsſchiffe,
2367 3585 105 38 welches
2496 3586 29 30 in
2550 3586 60 32 See
2646 3595 145 33 gegangen,
2829 3590 42 30 als
2903 3599 36 22 an

2028 3627 77 32 Bord
2132 3628 77 38 dieſer
2232 3628 211 38 ſchwimmenden
2468 3630 110 40 Schule,
2604 3633 75 30 deren
2700 3634 140 39 Unterhalt
2864 3634 74 32 uͤber⸗

2028 3673 56 30 dies
2117 3674 49 29 mit
2197 3673 176 32 bedeutenden
2397 3674 97 38 Koſten
2526 3678 149 30 verbunden
2715 3679 78 37 wäre,
2833 3680 105 31 bewirkt

2026 3720 110 29 werden.
2162 3718 74 31 Man
2259 3720 137 39 verlangte
2420 3721 54 35 alſo
2489 3722 40 30 die
2547 3722 173 41 Abſchaffung
2739 3726 43 29 der
2799 3724 134 40 Letzteren,

2027 3763 66 39 ohne
2117 3764 89 30 weiter
2231 3765 95 37 darauf
2349 3765 129 39 Ruͤckſicht
2502 3776 31 30 zu
2556 3768 121 38 nehmen,
2718 3771 49 36 daß
2808 3770 39 31 die
2883 3776 52 25 aus

2025 3808 41 40 ihr
2091 3809 263 41 hervorgegangenen
2378 3811 127 39 Officiere
2531 3811 43 41 ſich
2607 3815 27 28 in
2660 3814 47 30 den
2731 3814 122 40 juͤngſten
2878 3815 56 32 Be—

2025 3854 168 40 gebenheiten
2219 3856 75 29 einen
2320 3859 80 36 guten
2416 3856 61 38 Ruf
2499 3866 31 29 zu
2555 3859 129 30 erwerben
2710 3861 105 37 gewußt
2839 3860 94 38 haben.

2023 3899 60 31 Der
2108 3899 231 37 Marineminiſter
2378 3901 84 39 ſprach
2496 3902 44 37 ſich
2566 3903 154 39 entſchieden
2753 3915 83 30 gegen
2867 3907 66 36 dieſe

2023 3944 174 40 Abſchaffung
2222 3950 51 27 aus
2312 3947 54 30 und
2398 3947 39 30 die
2462 3947 152 40 Ergebnifſe
2646 3953 43 27 der
2714 3950 137 40 Prüfung,
2893 3952 39 31 die

2021 3990 92 38 ſoeben
2150 3993 77 28 unter
2263 3993 57 29 dem
2344 3991 112 40 Vorſitze
2496 3995 44 29 des
2565 3994 197 32 Viceadmirals
2794 3997 72 37 Roͤze
2903 3999 28 28 in

2021 4034 79 36 Breſt
2124 4036 194 39 ſtattgefunden
2349 4037 52 39 hat,
2443 4038 79 39 geben
2554 4039 54 37 ihm
2642 4040 174 32 vollkommen
2840 4042 89 37 Recht.

2019 4080 96 36 Dieſer
2138 4082 176 38 Oberofficier
2349 4083 92 37 ſpricht
2479 4083 42 37 ſich
2547 4094 44 21 am
2617 4085 121 38 Schluſſe
2764 4087 82 36 ſeines
2871 4087 56 31 Be—

2019 4126 100 38 richtes,
2145 4127 47 30 wie
2217 4127 75 39 folgt,
2319 4133 65 25 aus:

2068 4171 68 39 „Jch
2162 4172 70 38 hatte
2256 4173 61 36 nach
2343 4173 78 37 Breſt
2446 4175 54 29 eine
2525 4176 104 38 geringe
2647 4176 203 40 Ueberzeugung
2874 4186 52 22 von

2018 4217 43 29 der
2086 4216 163 38 Nützlichkeit
2273 4219 71 29 eines
2370 4218 133 35 Jnſtituts
2528 4221 175 38 mitgebracht,
2728 4221 82 37 deſſen
2827 4222 98 38 Koſten

2018 4262 51 30 mir
2108 4263 27 29 in
2165 4263 96 30 keinem
2302 4263 176 39 Verhältniſſe
2501 4273 31 29 zu
2557 4267 46 29 den
2628 4266 176 39 angeſtrebten
2829 4268 95 38 Reſul—
