2305 2928
37 2271 124 60 No
184 2279 72 53 gb.
277 2276 163 42 Wunde
466 2271 155 49 Sohnl

1206 783 992 244 Auzeiget.

122 728 689 285 Bbtlitz
849 704 193 270 et

366 1111 114 53 No.
505 1120 94 48 15.
682 1076 476 120 Donnerstags,
1177 1076 121 120 den
1352 1110 98 49 13.
1487 1095 182 65 April
1712 1087 188 67 1820.

395 1312 388 67 Todesfälle.

108 1417 198 51 Görlitz.
368 1415 59 47 Jn
450 1420 241 44 vergangener
724 1406 129 50 Woche
877 1405 74 48 ſind
965 1397 144 59 allhier

59 1488 26 39 9
114 1475 181 48 Perſonen
337 1467 170 53 brerdiget
550 1465 166 39 Dorden
772 1468 40 40 2
846 1451 261 63 öffentlich:

57 1532 64 48 Fr.
144 1527 131 48 Chriſt.
299 1522 145 49 Soyhie
470 1518 188 42 Winklern,
678 1515 74 53 geb.
786 1512 191 49 Sachrich,
1014 1511 93 42 weil.

59 1585 90 48 Joh.
173 1580 87 49 Gfr.
282 1574 193 44 Winklers.
498 1571 57 42 B.
570 1574 71 38 und
659 1568 291 51 Stadtgärthers
956 1559 149 61 allhier,

59 1635 153 52 Fachgel.
233 1632 172 42 Wittwe.
435 1628 56 40 alt
508 1632 50 45 755
583 1624 86 47 1
695 1621 61 43 M.
779 1632 51 39 29
854 1618 69 47 T.,
948 1628 49 30 an
1033 1617 73 41 Ge⸗

64 1689 220 51 ſchwaͤlſt.
283 1708 28 7 —
362 1681 204 46 Mätthäus
587 1674 224 50 Schuſters/
848 1672 59 42 B.
931 1673 73 40 und
1025 1669 78 42 Be⸗

62 1747 112 50 ſitzers
196 1745 60 38 der
277 1735 217 52 Tiſchbrücke
515 1732 99 50 allh.
642 1731 72 40 und
738 1728 87 49 Fen.
842 1726 131 60 Angen
970 1718 134 59 Mar.

59 1800 78 52 geb.
157 1792 172 53 Pfeiffer,
357 1787 195 50 Söhalein,
581 1784 90 48 Jol.
693 1782 93 43 Carl
800 1778 223 65 Chtiſtoph⸗
1051 1777 54 41 alt

61 1853 92 54 3J.
179 1856 25 41 8
226 1848 113 43 Mon.
367 1851 47 40 18
432 1841 63 46 T3
519 1851 57 31 am
598 1836 343 50 Scharlachfieber.
940 1855 34 6 —
1002 1830 102 42 Vor⸗

64 1906 179 54 gedachter
265 1900 130 44 Eltern
416 1893 154 51 Söbnl.
593 1890 108 50 Ernſt
725 1888 187 49 Leberecht,
940 1886 54 41 alt
1014 1894 26 37 7
1059 1884 45 46 8.

65 1959 233 43 3NFwen.
324 1966 25 28 2
371 1951 64 44 T.,
474 1960 59 30 am
563 1942 310 53 Scharlachſieber
903 1963 49 7 —
1006 1933 100 57 Eben

65 2014 103 42 diefer
199 2011 130 42 Eltern
357 2002 245 52 Töchterlein,
639 1997 197 49 Chriſtiane
847 1988 256 59 Wilhelmine,

68 2069 55 40 At
144 2067 23 37 5
180 2065 47 45 C
252 2065 74 38 und
347 2066 47 42 18
404 2058 113 52 Tage,
536 2067 58 30 am
606 2050 314 50 Scharlachſeder.
935 2069 36 7 —
970 2046 137 50 Mſtt.

66 2117 158 46 Goͤtilod
243 2113 151 52 Schlag,
416 2112 141 40 B.und
570 2107 193 49 Schneider
785 2105 132 49 allhier,
939 2103 53 40 alt
1002 2112 49 41 53
1064 2100 44 46 8.

66 2186 24 40 7
116 2172 63 43 M.
203 2182 51 28 20
273 2167 64 46 T.
365 2177 48 30 an
443 2168 56 39 der
529 2160 273 51 Geſchwulſt.
806 2180 26 8 —
878 2158 46 45 b)
960 2154 148 51 ſtille:

68 2227 95 47 Jot.
186 2224 62 42 Ei.
270 2218 181 45 Starkes,
486 2217 179 50 Jawohn.
698 2212 88 50 allh.
814 2213 70 42 und
901 2211 71 50 Fr.
1002 2207 108 43 Mar.

659 2268 155 49 Johann
841 2263 161 55 Heinrich
1033 2261 78 41 Au⸗

72 2336 91 52 guſt,
196 2333 51 40 At
270 2340 17 31 1
311 2329 44 46 8.
378 2341 26 38 4
421 2325 65 43 M.
508 2336 49 30 22
574 2322 66 44 T
667 2333 51 30 an
737 2324 59 38 der
819 2319 224 53 Abzehrung.
1061 2335 52 8 —

75 2388 220 49 Fiſtianen
318 2381 191 45 Sarolinen
529 2379 73 53 geb.
618 2376 171 49 Schäfer,
807 2373 132 51 unehel.
958 2363 136 60 Soͤhnl.

78 2444 117 48 Franz
217 2439 135 46 Louis,
379 2436 54 40 alt
452 2446 24 37 3
494 2433 45 47 33
562 2443 39 31 u
624 2430 129 42 Neg.
781 2439 87 33 wen.
898 2438 17 28 1
941 2423 66 47 T.
1054 2433 58 30 am

76 2494 240 49 Ehnſicn.
346 2510 52 9 —
425 2487 111 51 Mſtt.
567 2484 92 48 Joh.
681 2482 90 43 Geo.
798 2483 167 49 Zeyners
986 2476 65 57 B.
1075 2487 38 30 u

75 2547 177 48 Tiſchler
277 2543 133 48 allhier,
437 2546 72 38 und
529 2541 98 50 Frau
650 2536 91 48 Joh.
766 2538 86 42 Roſ.
871 2535 76 53 geb.
960 2534 153 45 Richer,

44 2601 184 49 Södal.
257 2599 151 48 Johann
426 2595 172 52 Friedrich
613 2592 163 44 Robert,
805 2591 52 40 alt
889 2587 87 47 13
1007 2585 23 42 6
1049 2583 61 46 T.

71 2653 344 49 Zabaſleber.
415 2672 36 9 —
491 2649 90 49 Joh.
612 2644 127 51 Cbriſt.
763 2643 164 45 Gottlieb
944 2638 166 62 Staubẽ.

75 2707 220 45 GceJadirs
319 2705 102 51 beym
448 2703 152 53 Konigl.
625 2702 72 48 Pr.
722 2692 391 64 Landwehr⸗Sataiſ.

75 2763 101 51 an.
203 2762 74 43 uad
297 2760 86 50 Fri.
402 2757 91 51 Joh.
507 2756 160 52 Doroth.
700 2751 118 57 Heni.
849 2750 74 71 gib.
947 2747 165 54 Kölling,

913 1216 99 42 r

1160 1304 165 50 Sechsw.
1347 1301 154 49 Sohnl.,
1528 1298 141 52 Guſtav
1689 1297 139 49 Oskar,
1855 1299 55 42 alt
1930 1299 51 41 16
2000 1295 116 56 Tage,
2151 1306 51 35 ar

1161 1358 267 52 Schwämmen.

1366 1447 620 74 Geſundheitspflege.

1420 1530 78 44 Ein
1516 1533 101 39 Wort
1645 1541 37 35 zu
1711 1531 110 45 ſeiner
1849 1530 92 47 Zeit.

1264 1604 81 42 Des
1378 1603 118 43 Leides
1524 1606 139 39 warten
1692 1604 73 39 und
1795 1601 58 48 ihn
1881 1600 149 49 nähren,

1209 1657 88 42 Das
1325 1658 62 49 iſt,
1428 1669 19 29 o
1473 1657 200 49 Schöpfer,
1707 1654 104 48 unſte
1838 1654 155 51 Pflicht;

1209 1711 231 53 Muthwillig
1465 1711 110 49 ſeinen
1603 1709 93 41 Bau
1725 1709 189 48 verſehren,

1210 1765 183 42 Verbietet
1420 1767 72 38 uns
1518 1763 78 41 dein
1623 1761 213 48 Uaterricht.

1210 1819 39 42 O
1278 1818 82 50 ſtehe
1391 1821 69 38 uns
1489 1818 66 40 mit
1582 1815 175 47 Weisheit
1784 1814 77 49 bey,

1210 1873 93 48 Daß
1331 1872 81 49 dieſe
1439 1871 133 50 Pflicht
1596 1872 71 39 uns
1696 1869 100 51 heilig
1826 1869 68 48 ſey.

1262 1926 81 47 Jhn
1372 1936 43 42 zu
1444 1925 177 47 erhalten,
1660 1933 42 41 zu
1731 1922 199 50 beſchützen,

1211 1979 126 51 Giebſt
1363 1983 48 37 du
1440 1980 64 40 mit
1530 1978 121 42 milder
1678 1975 219 49 Vaterhand

1213 2034 74 41 Die
1314 2033 148 44 Mittel,
1500 2032 52 42 die
1578 2035 90 47 dazu
1696 2033 75 37 uns
1800 2028 135 50 nützen,

1217 2088 82 40 Und
1326 2099 81 39 zum
1435 2086 181 47 Gebrauch
1646 2082 106 52 giedſt
1780 2087 47 37 du
1855 2080 198 52 Verſtand.

1214 2140 74 43 Dit
1315 2141 41 47 iſt
1385 2142 49 39 die
1462 2139 125 52 Sorge
1614 2138 92 49 nicht
1733 2148 46 41 zu
1802 2137 105 45 klein,

1214 2195 83 42 Wie
1325 2195 98 48 follte
1452 2195 43 49 ſie
1522 2196 89 41 denn
1640 2194 71 39 uns
1738 2195 40 38 es
1804 2188 112 53 ſeyn?

1246 2257 57 43 Es
1333 2257 40 50 iſt
1411 2257 93 41 allen
1532 2257 136 40 meinen
1690 2254 163 53 geliebten
1876 2247 234 54 Mitbürgern
2131 2248 74 41 aus

1164 2315 59 40 der
1241 2312 151 51 Anzeige
1412 2312 37 41 in
1460 2310 71 43 Nr.
1548 2321 61 29 10.
1627 2310 100 43 dieſes
1751 2304 269 52 Wochenblatts
2038 2301 166 47 bekannt.

1166 2368 69 47 daß
1271 2364 53 43 die
1356 2363 97 44 oͤbere
1474 2362 315 45 Staatsbebörde,
1817 2362 63 41 wie
1914 2358 198 47 übetboupt
2138 2355 69 48 auf

1166 2423 67 38 das
1255 2418 257 49 Landeswohl,
1541 2418 82 48 auch
1646 2416 70 47 ihre
1738 2409 309 53 Aufmerkſamkeit
2067 2411 64 44 auf
2154 2409 55 41 die

1167 2474 246 50 Verbreitung
1433 2477 59 38 der
1513 2469 417 51 Schutzvockenimpfung
1948 2463 132 45 richtet,
2100 2462 106 51 durch

1166 2529 118 45 welche
1303 2530 65 40 den
1385 2527 243 42 derbeerenden
1644 2523 120 43 Kran?
1772 2523 109 42 deiten
1902 2523 72 45 uᷣnd
1995 2517 132 52 Zolgen
2149 2518 60 40 der

1165 2582 241 49 naturlichen,
1434 2581 51 41 die
1509 2581 94 47 ſchon
1625 2579 57 49 ſeit
1708 2588 96 30 1oo0
1826 2572 140 49 Jahren
1994 2571 36 40 in
2051 2570 158 48 Eutova

1163 2636 165 50 wüthen/
1355 2635 218 51 vorgebeugt
1599 2635 135 39 werden
1749 2630 81 45 ſoll,
1860 2629 71 39 und
1960 2626 71 46 daß
2060 2627 66 47 auf
2154 2625 57 50 ih⸗

1165 2702 62 31 ten
1263 2690 133 50 Befehl
1440 2689 148 43 auchn
1618 2685 119 46 unſter
1779 2680 121 44 Stadt
1927 2679 89 41 nicht
2039 2690 72 31 nur
2136 2677 73 44 eine

1168 2756 135 40 genaue
1328 2743 265 53 Uaͤterſuchung
1612 2742 59 42 der
1689 2736 83 53 noch
1791 2735 92 54 nicht
1901 2734 193 56 geimpften
2113 2731 98 45 Kin⸗

1174 2814 47 64 P
