2912 3702
802 610 257 93 Ein
1141 615 871 105 Volksblatt.

785 739 123 56 und
945 746 575 64 verantwortlicher
1556 749 376 59 Nedakteur:
1968 732 119 83 M.
2110 758 91 59 G.
2239 764 266 69 Saphir.

294 740 454 67 Gigenthümer

129 843 76 56 M
231 839 112 57 Lfa.

341 932 236 82 Sumori
576 932 55 82 ſt
631 954 26 38 i
668 932 76 82 ſch
758 963 17 28 e
830 948 345 64 Vorleſung.

580 1026 60 28 Von
649 1016 53 52 M.
723 1026 36 28 G.
779 1025 156 35 Saphir.

130 1088 61 47 Die
229 1089 78 46 erſte
342 1089 176 43 allgemeine
551 1087 403 47 Stünde-Verſammlung
994 1093 31 33 in
1068 1096 53 32 der
1159 1094 102 44 Arche
1296 1094 99 50 Uoa,

722 1165 76 26 oder:

135 1224 114 31 Wenn
276 1223 56 30 ein
359 1222 188 36 Reichstag
573 1224 91 29 keine
682 1224 105 36 Hand
807 1225 68 30 und
895 1223 115 32 keinen
1030 1225 76 37 Fuß
1125 1228 78 35 hat,
1224 1230 63 30 wie
1308 1231 88 29 kann

395 1280 35 23 er
449 1275 72 29 eine
540 1274 128 36 Rechte
686 1277 70 28 und
777 1277 74 29 eine
870 1277 102 30 Linke
992 1278 139 34 haben?

656 1326 202 35 (Sortſetzung.)

227 1379 51 52 Jch
307 1362 131 70 ubelgehe
476 1389 61 39 hier
567 1390 43 31 die
642 1391 67 38 Zeit
736 1393 110 32 meines
879 1393 204 41 Aufenthaltes
1109 1397 30 31 in
1171 1397 108 41 Paris,
1304 1398 91 34 meine

129 1441 134 39 Rücktehr
283 1435 65 44 nach
369 1433 142 46 München
532 1444 56 29 und
613 1442 103 33 komme
740 1445 84 39 gleich
847 1445 64 40 nach
931 1444 100 35 Wien.

136 1491 135 51 EEs
292 1491 33 41 iſt
348 1491 130 40 traurig!
509 1492 58 32 Die
601 1493 174 41 aufgehende
801 1496 107 32 Sonne
939 1498 51 32 des
1015 1497 228 43 Freiheitstages
1274 1498 66 39 fällt
1365 1499 29 32 in

123 1547 57 30 den
201 1543 158 44 Spätabenk
424 1543 79 40 meines
521 1543 126 34 Lebens!

226 1588 144 47 Vierzyhn
389 1594 92 40 Jahre
505 1597 68 39 lang
594 1597 50 39 hat
664 1598 74 32 mein
758 1598 122 41 Bischen
905 1600 82 41 Geiſt
1005 1603 105 38 gezuckt
1132 1605 85 30 unter
1249 1605 53 30 den
1332 1606 62 38 täg—

130 1650 51 38 lich
201 1637 254 50 wiederlehrenden
475 1648 190 41 Nadelſtichen
687 1653 47 28 der
755 1650 139 41 Gewalt;
918 1652 129 41 vierzehn
1073 1654 91 40 Jahre
1195 1656 69 39 lang
1300 1658 96 29 wurde

129 1704 55 30 mir
206 1709 56 24 von
287 1703 50 30 der
369 1700 154 38 Hebamme
552 1702 108 39 Cenſur
686 1703 78 39 jeder
796 1702 136 34 Gedanke
964 1708 207 39 verſtümmelt,
1197 1708 80 31 kaum
1299 1717 29 22 er
1353 1708 43 31 die

130 1755 220 40 Geburtsſtätte
375 1754 129 40 verließ;
528 1754 126 40 vierzehn
675 1754 95 41 Jahre
795 1757 68 39 lang
896 1759 95 30 wurde
1021 1758 56 31 mir
1104 1759 78 39 jeder
1209 1757 86 41 Witz,
1320 1759 77 39 jeder

131 1797 128 46 Einfall,
281 1797 61 46 jede
369 1803 114 41 Satyre
512 1805 79 37 durch
625 1805 60 32 vier
717 1808 66 30 oder
814 1806 69 39 fünf
913 1807 222 39 Filtrir-Säcke
1173 1818 138 31 gezogen,
1349 1810 47 31 bis

112 1852 120 53 nichts
240 1852 81 53 Hieb
320 1852 71 53 als
395 1858 65 29 das
485 1856 139 39 Phlegma
649 1859 56 30 und
729 1859 49 32 der
800 1858 142 39 Spiritus
967 1868 63 30 zum
1051 1860 162 41 Sedlnitzky
1243 1861 91 40 ging!

230 1906 141 40 Vierzehn
392 1906 93 40 Jahre
505 1908 69 39 laug
595 1908 98 39 mußte
712 1908 38 39 ich
777 1910 54 31 alle
851 1909 82 40 Tage
955 1910 110 40 Zehent
1087 1914 56 29 und
1167 1912 98 32 Robot
1286 1912 108 31 meines

116 1958 132 41 Geiſtes
274 1957 143 40 abgeben;
448 1955 130 42 vierzehn
602 1958 93 40 Jahre
722 1961 68 38 lang
818 1968 49 32 zog
895 1961 43 31 die
969 1961 91 32 Klaue
1094 1963 129 40 geiſtiger
1259 1963 138 39 Willkühr

134 2009 47 33 ein
203 2009 89 31 Blatt
316 2009 63 39 nach
405 2010 60 29 dem
486 2010 107 31 andern
621 2014 54 28 aus
699 2012 47 30 der
771 2011 106 32 Blume
907 2012 108 32 meiner
1037 2010 361 44 Schriftſteller-Thätig—

131 2062 71 39 keit,
223 2060 149 41 zerdrückte
393 2060 35 38 ſie
453 2059 62 33 eine
534 2060 85 39 Perle
643 2061 63 40 nach
730 2063 48 31 der
796 2065 106 30 andern
933 2063 29 33 in
992 2066 48 30 der
1071 2063 183 39 Zitternadel
1288 2066 108 31 meines

121 2111 172 48 Talentes;
316 2105 124 53 vierzehn
465 2114 93 39 Jahre
587 2114 167 39 confiseirte
780 2116 36 38 ſie
838 2117 100 39 täglich
966 2123 45 35 „00
1035 2117 99 40 Theile
1161 2119 107 31 meines
1292 2119 105 39 Eigen—

131 2168 130 39 thumes,
296 2156 58 57 und
369 2160 79 47 nach
481 2165 91 39 dieſen
612 2166 129 40 vierzehn
770 2167 113 41 Jahren
914 2169 109 39 ſpringt
1049 2169 43 32 die
1123 2170 127 39 Freiheit
1275 2171 53 31 wie
1354 2171 43 31 die

112 2215 160 46 Minerva
286 2219 65 36 mit
368 2208 56 63 der
454 2218 89 39 Aegis
577 2220 119 38 gerüſtet
726 2224 55 27 aus
812 2223 61 29 dem
903 2220 115 41 Haupte
1055 2221 79 32 eines
1172 2222 224 39 ſtarkerwachten

122 2267 141 48 Volkes;
286 2259 59 42 der
368 2269 111 39 Becher
510 2272 49 28 der
586 2269 110 41 freien,
732 2271 136 41 geiſtigen
899 2272 123 42 Regung
1055 2273 118 39 ſchäumt
1205 2282 37 22 an
1287 2273 110 31 meinen

130 2323 122 39 Lippen,
273 2321 67 41 aber
361 2325 31 27 es
413 2321 33 39 iſt
466 2329 31 31 zu
515 2321 79 40 ſpät,
616 2331 55 22 nur
694 2322 108 40 wenige
834 2323 81 40 Züge
931 2316 75 46 ſind
1031 2324 56 31 mir
1111 2324 64 39 noch
1207 2332 33 31 zu
1264 2323 134 40 ſchlürfen

133 2369 141 53 gegönnt,
285 2373 65 32 und
375 2373 42 31 die
435 2373 128 40 vierzehn
586 2373 108 41 Jahre,
717 2374 44 32 die
782 2375 75 32 mein
879 2374 108 33 Talent
1008 2375 52 39 auf
1079 2378 61 30 dem
1163 2378 160 40 Spielberg
1349 2380 49 29 des

121 2422 126 48 Geiſtes
271 2413 31 45 in
321 2423 108 41 Feſſeln
449 2427 65 37 lag,
540 2426 60 39 gibt
624 2426 43 45 die
684 2427 205 39 untergehende
908 2427 237 39 Dämmerſtunde
1169 2430 111 32 meines
1292 2429 105 32 Lebens

132 2479 55 32 mir
186 2467 86 54 doch
288 2477 80 39 nicht
388 2477 102 31 wieder
509 2477 129 39 zurück!!
661 2472 42 28 —

230 2529 43 37 Ja,
316 2536 81 25 wenn
421 2529 53 32 wir
497 2528 82 41 jetzt,
615 2530 126 39 nachdem
770 2530 54 32 wir
847 2530 56 40 frei
925 2538 66 25 vom
1013 2532 112 32 Baume
1148 2534 48 29 der
1219 2532 176 40 Erkenntniß

135 2578 68 48 eſſen
229 2550 120 75 de
374 2582 76 38 auch,
474 2581 53 31 wie
548 2582 108 39 Adam,
687 2584 62 29 930
773 2583 94 38 Jahre
890 2584 81 31 leben
1001 2584 136 39 könnten,
1167 2587 52 28 das
1252 2584 71 32 wär'
1355 2585 44 31 ein

133 2632 156 39 Anderes!
306 2634 63 31 930
392 2632 109 41 Jahre!
525 2633 52 38 Jch
600 2633 120 40 begreif'
743 2639 32 27 es
798 2643 52 31 gar
871 2634 91 39 nicht!
986 2633 94 34 Wenn
1105 2645 64 22 man
1193 2636 75 39 ſchon
1289 2637 27 37 ſo
1330 2638 69 40 lang

117 2683 111 48 gelebt
239 2669 70 61 hat,
333 2685 59 40 iſt's
414 2685 31 40 ja
460 2693 51 32 gar
524 2685 72 37 nicht
608 2688 48 29 der
669 2685 92 40 Mühe
773 2687 78 39 mehr
865 2687 98 40 werth,
977 2695 32 30 zu
1022 2687 128 38 ſterben!
1173 2687 93 32 Wenn
1279 2687 61 39 jetzt
1354 2688 46 39 ſich

134 2740 45 32 ein
203 2738 115 40 Menſch
343 2739 196 39 unterſtände,
565 2739 62 30 930
650 2738 93 40 Jahre
766 2747 33 31 zu
822 2740 102 39 leben,
960 2740 44 31 die
1027 2739 115 40 Polizei
1176 2742 95 29 würde
1295 2745 31 26 es
1349 2749 52 30 gar

134 2791 72 39 nicht
227 2790 112 39 leiden,
363 2791 53 30 das
439 2792 76 28 wäre
539 2789 62 32 eine
623 2790 245 40 Ueberſchreitung
898 2790 91 38 ſeines
1012 2789 204 41 Befugniſſes!
1246 2792 62 30 Und
1337 2792 61 38 doch

134 2842 105 33 wird's
250 2831 66 51 jetzt
336 2822 101 64 noͤthig
459 2843 121 38 werden,
606 2842 61 31 900
677 2840 93 41 Jahre
793 2850 33 31 zu
847 2842 91 40 leben,
962 2844 74 30 denn
1056 2842 72 41 ſonſt
1150 2842 104 40 zweifle
1273 2842 48 39 ich,
1344 2843 55 40 daß

135 2895 59 33 ein
205 2887 127 46 Merſch
354 2894 53 31 das
432 2893 79 32 Ende
532 2893 114 40 unſerer
667 2893 115 40 jetzigen
806 2894 142 40 Zuſtände
972 2893 109 33 erlebt!

192 2944 98 34 Als
312 2945 90 32 Adam
422 2944 85 41 ſtarb,
534 2953 37 24 m.
591 2944 22 39 f.
634 2944 38 39 H.
695 2954 29 22 u.
745 2945 56 40 H.,
824 2946 90 39 haben
937 2946 48 39 ſich
1007 2946 43 31 die
1074 2945 149 40 Menſchen
1248 2947 153 38 vermehrt,

136 3001 57 30 und
216 3003 31 27 es
272 2998 114 33 wurden
410 2997 44 31 die
468 2998 87 34 erſten
568 2997 101 40 Ariſt
683 2997 171 40 okraten;
877 3000 73 30 denn
974 3001 31 29 es
1027 2997 94 40 heißt:
1145 2996 63 39 „die
1227 2996 107 33 Kinder
1355 2999 48 30 der

138 3050 121 40 Großen
281 3049 91 40 haben
396 3049 44 31 die
465 3048 116 39 Töchter
605 3051 48 29 der
676 3047 151 41 Menſchen
850 3050 132 39 geſehen,
1007 3050 54 40 daß
1084 3050 34 38 ſie
1140 3049 76 39 ſchön
1239 3048 98 41 ſind,“
1361 3066 41 5 —

137 3107 52 27 das
213 3102 59 39 ſind
296 3102 36 39 ſie
356 3101 98 40 ſchon,
489 3100 43 32 die
554 3100 214 41 Ariſtokraten,
800 3103 89 30 daran
920 3102 112 31 erkennt
1055 3111 65 22 man
1141 3102 57 38 ſie:
1230 3102 56 31 wo
1310 3101 91 39 ſchöne

125 3148 143 50 Töchter
284 3148 84 50 ſind,
401 3156 35 28 da
463 3153 59 39 ſind
562 3153 37 39 ſie
630 3153 82 40 gleich
746 3155 55 37 da,
835 3156 35 30 da
891 3155 59 39 ſind
973 3154 36 39 ſie
1053 3154 44 31 die
1126 3153 115 40 wahren
1276 3153 128 33 Reſac⸗

118 3195 226 45 Ticiac..

239 3257 63 31 Der
322 3255 126 39 Himmel
472 3255 49 39 hat
541 3255 132 40 geſehen,
696 3256 55 40 daß
781 3255 228 41 „Tyrannen
1034 3255 176 32 wurden“
1234 3254 54 39 auf
1310 3255 99 31 Erden

142 3280 55 70 and
227 3306 235 41 „gewaltige
487 3306 165 39 Leute,“
673 3306 41 40 ja,
738 3317 29 21 er
790 3308 49 38 hat
863 3307 64 37 auch
948 3306 124 39 geſehen,
1094 3306 53 39 daß
1161 3305 124 39 ſchlechte
1296 3305 119 38 Roetem

140 3360 185 39 entſtand.
285 3353 45 58 n,
350 3358 136 41 naͤmlich,
510 3358 53 31 wie
586 3364 31 26 es
642 3360 88 38 heißt,
754 3358 181 41 „Menſchen,
959 3362 83 28 deren
1066 3358 120 39 Dichten
1208 3357 107 40 ſchlecht
1346 3364 67 43 war.

143 3420 57 21 von
223 3403 117 48 Jugend
363 3409 93 40 auf,“
482 3412 57 29 und
561 3419 29 21 er
612 3411 49 38 hat
683 3410 180 49 beſchloſſen,
887 3411 62 31 eine
972 3409 179 32 Revolution
1173 3407 240 42 hervorzurufen.

143 3465 56 31 und
224 3470 73 33 zwar
320 3461 60 33 einr
403 3461 467 40 Waſfer-Revolution!
894 3461 57 34 Ein
974 3460 75 34 Volk
1075 3461 85 39 macht
1185 3460 121 40 ohnehin
1333 3462 72 37 nicht

1042 852 85 50 Bw
1155 852 250 51 ülftere.

1401 857 360 51 JFahrgang.
2023 866 188 56 Freitag
2225 874 81 38 den
2320 879 79 37 21.
2410 878 109 46 Juli
2535 874 129 56 1848.

1421 965 63 39 eher
1518 966 60 32 eine
1609 967 199 43 Revolution,
1843 971 46 32 bis
1923 972 58 40 ihm
2014 975 52 32 das
2088 974 110 42 Waſſer
2221 980 46 32 bis
2288 983 66 31 an's
2378 985 90 34 Maul
2497 985 85 44 geht!
2617 992 65 32 Nur

1421 1024 82 25 wenn
1526 1018 57 39 ihm
1606 1020 51 31 alle
1680 1019 142 42 Wünſche,
1846 1024 53 32 alle
1922 1024 186 43 Hoffnungen
2129 1038 32 30 zu
2185 1030 109 41 Waſſer
2324 1039 131 37 werden,
2486 1042 34 30 da
2544 1041 71 42 ſucht
2636 1045 48 38 ſich

1421 1069 51 31 das
1503 1069 74 33 Volk
1599 1070 81 41 ſelvſt
1708 1073 66 38 flott
1808 1082 33 32 zu
1872 1076 129 40 machen,
2033 1081 56 29 und
2120 1080 34 40 iſt
2176 1081 28 40 ſo
2239 1086 76 39 quaſt
2338 1089 164 41 genöthigt,
2531 1092 80 41 ſelbſt
2631 1096 53 32 das

1424 1120 196 48 Steuerruder
1638 1131 33 32 zu
1695 1125 157 40 ergreifen!
2559 1135 22 35 1

1482 1167 116 38 (Vor
1620 1176 61 29 der
1716 1176 178 33 Revolution
1921 1186 60 25 war
2004 1185 31 27 es
2068 1181 46 41 ſo,
2146 1192 38 24 m.
2207 1184 22 41 f.
2253 1186 38 39 H.
2313 1197 28 23 u.
2363 1189 55 41 H.,
2453 1193 34 31 da
2519 1194 77 40 hatte
2630 1198 54 31 das

1422 1222 191 43 Staaͤtsſchiff
1633 1228 63 37 auch
1721 1228 45 32 ein
1790 1229 218 42 Steuerruder,
2031 1235 26 30 d.
2079 1233 27 40 h.
2131 1237 52 31 das
2206 1238 76 33 Volk
2304 1240 125 40 bezahlte
2453 1245 43 31 die
2521 1246 164 35 Steuer

1420 1277 57 30 und
1500 1276 44 32 die
1567 1277 165 43 Regierung
1756 1280 49 39 hat
1827 1284 201 39 gerudert;
2050 1287 88 39 nach
2160 1288 72 32 der
2254 1290 179 35 Revolulion
2456 1289 60 39 will
2537 1306 52 31 gar
2612 1299 70 33 Nie⸗

1421 1329 83 29 mand
1527 1328 156 38 ſteueru
1707 1334 56 28 und
1786 1332 90 37 Jeder
1899 1334 61 33 will
1981 1337 175 41 rudernz
2179 1347 67 24 vor
2270 1344 69 29 der
2362 1343 179 37 Revolution
2562 1348 121 40 ſteuerte

1420 1377 44 32 die
1488 1378 164 42 Regierung
1677 1382 53 31 das
1756 1382 95 40 Schiff
1872 1393 120 31 gegen
2015 1388 66 31 den
2104 1389 174 43 Strom,
2313 1396 78 38 nach
2414 1398 65 31 der
2502 1399 181 35 Revolution

1421 1430 100 40 ſteuert
1554 1440 64 23 man
1647 1435 70 30 den
1739 1434 143 35 Strom
1906 1446 118 32 gegen
2047 1442 65 31 das
2135 1441 154 44 Schiff;
2321 1453 72 26 vor
2415 1451 66 30 der
2503 1451 181 35 Revolution

1421 1488 73 24 war
1513 1484 62 30 das
1589 1483 98 41 Schiff
1702 1485 45 32 ein
1763 1486 261 43 Segelſchiff;
2045 1490 44 33 ein
2103 1499 70 33 paar
2187 1493 196 43 Schiffaherrn
2398 1500 89 39 haben
2507 1502 47 39 fich
2577 1500 107 51 windig

1420 1533 165 40 aufgebläht
1611 1537 56 30 und
1690 1538 53 31 das
1765 1537 98 42 Schiff
1890 1539 68 41 fuhr
1977 1540 100 34 iumer
2100 1544 129 41 langſam
2252 1555 108 35 voran;
2394 1553 78 39 nach
2494 1555 64 31 der
2574 1548 107 40 Rebo—

1421 1584 93 32 lution
1540 1586 32 38 iſt
1587 1591 30 26 es
1637 1587 75 31 ein
1711 1590 268 43 Dampfſchiff,
2003 1596 56 30 und
2083 1595 72 33 wird
2177 1597 67 41 bloß
2267 1600 52 32 mit
2342 1604 51 29 den
2407 1602 148 42 Kohlen
2552 1604 135 49 geheizt,

1422 1636 42 31 die
1489 1636 60 32 eine
1573 1637 120 41 Parthei
1715 1640 53 40 auf
1789 1643 52 30 das
1862 1642 100 43 Haupt
1985 1646 48 30 der
2056 1649 106 31 andern
2186 1649 144 39 ſammelt!
2354 1653 59 40 Ja,
2438 1658 47 30 der
2508 1656 108 36 Strom
2639 1662 48 30 der

1424 1688 145 41 Freiheit,
1592 1699 38 22 m.
1653 1690 21 39 f.
1697 1691 38 38 H.
1759 1701 28 23 u.
1811 1692 60 42 H.,
1902 1695 33 40 iſt
1967 1697 64 39 nach
2061 1700 49 30 der
2138 1701 105 40 langen
2267 1701 241 45 Wintereisfeſſel
2531 1710 64 38 auch
2618 1711 70 32 über

1423 1740 56 38 ſein
1502 1741 70 39 Ufer
1594 1745 145 38 getreten,
1774 1753 30 23 er
1833 1745 49 39 hat
1916 1747 44 31 die
1976 1748 138 34 Dämme
2136 1752 147 40 zerriſſen,
2312 1756 45 31 die
2379 1757 70 38 Ufer
2478 1758 208 44 überſchritten,

1423 1797 31 26 es
1477 1793 33 39 iſt
1533 1793 99 40 wahr,
1652 1789 68 54 aber
1731 1798 62 29 das
1812 1797 37 39 iſt
1873 1798 72 38 nicht
1969 1799 43 32 die
2035 1801 110 38 Schuld
2167 1806 50 29 des
2241 1805 151 41 Stromes,
2417 1809 71 38 nicht
2511 1811 43 30 die
2577 1811 110 39 Schuld

1422 1846 50 29 des
1496 1844 336 43 Freiheits-Elementes,
1855 1848 119 39 ſondern
1998 1851 43 32 die
2063 1851 227 45 Grundurſache,
2302 1865 117 26 warum
2442 1862 48 29 der
2512 1860 108 33 Strom
2643 1864 45 32 die

1423 1894 69 38 Ufer
1515 1895 214 39 überſchritten,
1752 1898 72 39 liegt
1846 1899 31 31 in
1900 1902 61 29 dem
1985 1901 322 46 Stabilitits⸗Prinzipe
2330 1911 50 29 des
2402 1909 152 42 Winters,
2574 1915 114 38 welcher

1423 1943 98 42 früher
1542 1948 51 30 den
1619 1946 107 33 Strom
1750 1950 99 40 ſtocken
1873 1954 102 37 machte
1999 1959 56 31 und
2078 1957 30 31 in
2132 1958 153 40 Eisfeſſeln
2307 1962 175 40 ſchlug!11.

1519 1999 66 38 Alſo
1621 2003 48 29 der
1696 2001 128 38 Himmel
1856 2005 78 39 hatte
1958 2007 43 31 die
2025 2008 164 42 Sündfluth
2226 2014 69 31 über
2316 2015 44 32 die
2384 2015 150 42 Menſchen
2555 2020 130 40 gebracht

1424 2052 57 29 und
1502 2051 35 38 ſie
1561 2053 53 30 alle
1638 2052 116 40 erſäuft.
1778 2055 65 32 Nur
1866 2056 61 32 eine
1949 2059 105 40 einzige
2068 2060 121 38 Familie
2211 2064 74 32 blieb
2310 2067 102 40 übrig:
2436 2069 76 32 Noa.
2537 2058 152 48 Warum?

1423 2101 78 33 Weil
1525 2112 29 22 er
1575 2103 45 31 ein
1646 2104 200 39 „frommer
1858 2097 135 54 Mann“
2026 2118 59 25 war
2109 2116 56 29 und
2188 2115 44 32 ein
2259 2119 165 39 „göttliches
2442 2120 107 33 Leben“
2575 2122 113 40 fuͤhrte!

1423 2155 147 37 Vielleicht
1598 2163 60 26 war
1692 2167 28 22 er
1750 2158 46 32 ein
1825 2159 167 44 Domherr,
2022 2165 72 31 denn
2127 2166 43 31 die
2206 2167 114 41 führten
2350 2170 99 34 immer
2482 2174 45 31 ein
2562 2178 126 37 „göttt—

1423 2207 115 39 liches
1561 2207 161 34 Leben!“

1525 2259 65 32 Noa
1620 2261 67 30 aber
1718 2262 86 39 erhob
1837 2264 45 31 ein
1917 2267 169 39 gewaltiges
2120 2268 129 41 Geſchrei
2257 2273 116 39 „ſchon
2405 2278 47 29 der
2484 2276 205 43 Tafelfreuden

1425 2312 107 39 halber,
1566 2314 72 29 denn
1674 2318 31 26 es
1745 2314 80 39 hieß:
1859 2317 53 30 das
1947 2317 79 31 Ende
2061 2321 72 31 alles
2159 2322 230 41 „Fleiſches“
2422 2334 59 25 war
2516 2328 174 39 gekommen!

1425 2363 66 39 Alſo
1516 2372 47 22 um
1586 2364 44 31 die
1663 2372 70 32 paar
1767 2366 83 41 übrig
1874 2368 161 39 gebliebene
2059 2370 150 42 Menſchen
2241 2375 65 38 noch
2341 2384 32 31 zu
2397 2370 207 50 beſchäftigen,
2634 2381 52 40 ließ

1425 2417 47 29 der
1496 2415 125 38 Himmel
1643 2417 109 41 bauen,
1787 2420 57 30 und
1867 2426 75 40 zwar
1966 2421 61 32 eine
2051 2423 116 39 Arche.
2213 2427 63 30 Und
2305 2427 31 32 in
2372 2429 86 38 dieſer
2482 2430 94 40 Arche,
2612 2432 78 40 ſagte

1426 2467 87 39 Gott,
1536 2467 51 40 ſoll
1610 2478 29 21 er
1664 2476 55 24 von
1743 2471 74 30 allen
1831 2470 173 41 Gattungen
2028 2473 174 43 Geſchoͤpfen
2227 2478 60 32 eine
2310 2481 88 38 große
2405 2478 285 48 Ständeverſamm⸗

1424 2522 70 37 lung
1527 2520 183 39 einberufen,
1741 2528 56 25 von
1828 2522 78 39 jeder
1940 2524 120 40 Parthei
2093 2528 46 31 ein
2162 2528 100 41 Paar,
2298 2531 60 38 alſo
2382 2532 62 31 eine
2468 2536 163 35 „Chambre
2656 2539 35 26 de

1427 2571 116 38 pairs!“
1569 2572 76 31 Aber
1669 2573 89 31 damit
1779 2574 43 30 die
1847 2575 220 41 Verſammlung
2092 2587 70 31 ganz
2179 2581 202 40 unpartheiiſch
2416 2583 46 39 ſei,
2497 2584 26 38 ſo
2545 2586 85 39 müſſe
2662 2597 30 21 er

1418 2622 172 39 keinberufen
1614 2624 43 31 die
1681 2624 94 39 Vögel
1797 2632 56 25 von
1877 2628 108 30 allen
2010 2629 163 41 Farben,
2197 2632 43 32 die
2263 2633 62 39 hoch
2341 2634 112 40 fliegen,
2476 2638 56 29 und
2550 2638 63 39 auch
2628 2646 62 23 ver⸗

1426 2675 151 39 ſchiedenes
1602 2673 157 43 Gewürm,
1775 2678 52 30 das
1851 2677 39 32 im
1914 2679 117 33 Staube
2053 2680 112 40 kriecht!

1526 2725 76 32 Gott
1625 2725 106 40 ſprach:
1755 2727 64 38 „Jn
1835 2729 87 38 dieſer
1939 2730 85 40 Arche
2042 2732 72 40 ſollſt
2126 2733 52 32 Du
2199 2734 61 33 Dir
2271 2735 200 35 Kammern
2488 2739 118 41 machen,
2631 2741 77 32 eine

1427 2777 81 32 obere
1531 2779 56 29 und
1614 2776 61 32 eine
1697 2780 130 38 untere,“
1851 2781 59 37 alſo
1934 2782 45 31 ein
2000 2782 379 46 Zwei⸗Kammer⸗Syſtem;
2402 2791 99 30 darum
2524 2781 68 41 aber
2614 2792 79 38 hatte

1418 2827 55 33 die
1497 2827 82 38 Arche
1601 2827 76 39 auch,
1699 2828 53 32 wie
1775 2834 31 26 es
1828 2830 87 41 heißt,
1940 2839 56 25 von
2019 2834 119 40 außen
2162 2838 71 32 und
2255 2837 112 33 innen
2392 2840 80 31 viel
2493 2835 96 48 Pech!

1525 2877 57 32 Als
1604 2877 77 39 Roa,
1712 2881 47 29 der
1780 2879 298 46 Miniſterpraͤſident,
2103 2886 30 32 in
2156 2889 48 30 der
2227 2888 84 39 Arche
2327 2896 85 33 war,
2443 2893 56 29 und
2523 2892 43 31 die
2588 2891 102 40 Depu⸗

1427 2935 88 32 tirten
1544 2937 53 28 aus
1626 2930 74 38 allen
1724 2931 174 43 Geſchöpfen
1926 2936 63 42 mit,
2021 2937 131 42 ſchloß
2184 2941 123 39 unſer
2340 2942 199 41 Herrgott
2559 2941 136 42 hinter

1420 2979 135 48 iihnen
1579 2996 49 31 zu.

1527 3039 77 33 Man
1628 3040 69 40 fieht
1718 3039 87 39 ſchon,
1841 3039 54 40 daß
1917 3039 63 32 dies
2004 3041 60 31 eine
2097 3044 93 38 wahre
2224 3044 119 40 deutſche
2367 3042 328 51 Stäudeverſammlung

1428 3099 70 32 war,
1517 3091 36 39 ſie
1569 3092 131 39 ſchließen
1713 3091 45 32 nie
1772 3092 45 38 ab,
1841 3093 57 30 und
1911 3091 136 40 verlaſſen
2061 3094 46 39 ſich
2122 3095 111 40 darauf,
2248 3096 75 32 Gott
2337 3097 70 33 wird
2421 3097 75 38 ſchon
2511 3098 186 39 abſchließen!

1430 3143 44 36 Jn
1515 3142 86 38 dieſer
1636 3144 87 37 erſten
1756 3142 311 42 Reichsverſammlung
2109 3145 95 32 kamen
2245 3148 55 31 alle
2332 3147 152 40 paarweiſe
2521 3150 60 30 und
2611 3148 86 41 jeder

1430 3194 154 39 Deputirte
1602 3193 48 35 bat
1665 3194 72 37 ſeine
1758 3193 77 39 Frau
1848 3193 201 40 mitgebracht!
2071 3194 150 36 Warum?
2240 3197 108 39 Wegen
2362 3201 49 29 der
2433 3198 265 41 Oppofition!

1431 3245 71 39 Auch
1527 3246 118 38 deshalb
1667 3246 117 38 mußten
1812 3245 31 31 in
1863 3245 80 39 jener
1964 3246 310 43 Reichsverſammlung
2299 3248 111 40 Frauen
2434 3249 168 41 eingelaſſen
2626 3258 71 24 wer⸗

1420 3299 72 37 fden,
1514 3298 65 31 weil
1598 3302 31 26 es
1654 3298 111 30 damals
1787 3296 63 38 noch
1875 3297 74 31 keine
1973 3298 213 42 Zeitungen
2209 3302 65 39 gab,
2305 3304 55 29 und
2384 3302 42 31 die
2450 3296 246 48 Verhandlungen

1430 3349 63 38 doch
1517 3348 148 40 allgemein
1689 3348 94 40 publik
1805 3349 109 30 werden
1937 3349 132 39 mußten!

1529 3408 160 39 Dazumal,
1712 3416 38 22 m.
1784 3406 22 39 f.
1830 3406 47 39 H.
1896 3416 30 28 u.
1948 3407 62 40 H.,
2039 3410 98 38 hatten
2160 3411 44 33 die
2227 3410 116 41 Thiere,
2365 3411 44 32 die
2435 3412 98 40 Voͤgel
2552 3421 29 23 u.
2605 3413 23 39 f.
2641 3413 55 40 w.,

1435 3459 62 40 noch
1521 3459 60 40 ihre
1606 3459 127 42 Sprache
1756 3459 117 41 gehabt;
1898 3463 55 29 und
1978 3466 30 27 es
2032 3462 126 41 entſtand
2179 3463 62 32 eine
2262 3456 86 48 große
2370 3463 137 42 Debatte,
2529 3463 46 33 in
2585 3451 135 58 welcher
