2686 4432
131 141 194 71 Belüllllle
364 138 157 65 Mülllet
563 137 69 65 llil
680 129 61 73 let
781 136 122 73 ſpli.

293 221 89 29 „Mens
400 227 62 16 sana
480 219 25 23 in
523 226 113 23 corpore
655 220 88 22 sano-

179 260 93 34 Unſere
284 259 58 36 Zeit
356 259 43 35 hat
412 258 78 34 dieſes
503 257 119 37 klaſfiſche
634 256 231 38 Erziehungsideal
877 255 25 28 in

130 299 39 28 die
189 298 54 28 Tat
266 297 134 37 umgeſetzt.
442 296 67 29 Kam
530 300 28 24 es
581 297 58 31 auch
662 296 69 35 ſchon
755 295 44 27 den
825 292 76 29 Grie—

130 337 54 34 chen
207 336 94 34 darauf
322 345 43 23 au,
391 335 70 33 Geiſt
501 335 51 27 und
594 336 102 33 Körper
736 331 164 38 gleichmäßig

130 374 202 36 durchzubilden,
354 373 26 35 ſo
402 373 81 36 haben
506 373 58 34 doch
586 372 96 36 ſpätere
703 370 89 36 Zeiten
811 370 91 28 andere

130 411 298 38 Erziehungsmethoden
458 412 117 36 gekannt,
617 410 51 28 und
709 409 58 31 nach
809 409 92 35 langen

128 451 224 35 Jahrhunderten,
374 450 26 29 in
422 450 77 28 denen
529 449 37 27 die
606 447 144 36 Erziehung
788 446 112 36 einſeltig

129 489 45 35 auf
194 489 38 28 die
254 488 168 37 Ausbildung
446 488 41 27 der
509 487 117 36 geiſtigen
656 485 163 36 Fuͤhigkeiten
862 485 39 28 be—

129 531 86 33 grenzt
226 533 66 28 war,
306 527 124 29 dämmert
451 534 52 19 nun
525 525 38 27 ein
586 523 124 36 Zeitalter
733 524 96 33 herauf,
853 524 48 27 das

129 565 46 29 den
198 564 70 30 Wert
290 565 42 28 der
353 562 179 36 Leibesübung
555 562 25 28 in
598 562 92 28 vollem
709 561 126 37 Umfange
855 571 45 18 au—

128 604 150 36 zuerkennen
301 603 74 28 bereit
396 602 36 34 iſt.
474 600 55 28 Wie
551 600 40 34 für
613 600 37 28 die
687 599 121 37 gebildete
848 599 52 33 Ju—

128 642 64 36 gend
214 642 85 34 früher
321 640 38 28 die
380 639 130 28 Kenntnis
532 639 44 27 des
599 638 95 37 Homer
727 638 93 34 einfach,
862 638 38 28 ein

128 678 281 34 Standeserfordernis
431 684 63 26 war,
517 677 27 34 iſt
567 679 70 31 heite
673 676 38 29 die
752 676 147 37 Ausübung

127 717 122 36 einzelner
290 716 180 34 Sportsarten
503 715 142 37 unbedingt
683 715 51 28 eine
775 715 125 29 Notwen—

128 755 97 36 digkeit,
248 754 38 28 die
307 755 45 34 erſt
373 763 56 27 zum
450 753 200 35 Vollmenſchen,
672 762 56 28 zum
763 753 136 28 modernen

127 792 134 35 Menſchen
284 793 116 34 ſtempelt.
443 791 49 29 Ein
516 791 112 35 Menſch,
653 793 40 27 der
709 792 63 32 nicht
791 791 107 35 ſchwim⸗

125 840 55 20 men
194 832 220 33 kann,
274 825 31 45 —
304 832 110 33 lächelt
425 840 60 19 man
498 830 61 29 über
573 831 41 35 ihn
637 830 64 34 nicht
722 830 60 28 eben
804 829 25 35 ſo
858 837 40 28 ge⸗

125 869 172 37 ringſchätzig,
320 869 46 29 wie
387 869 60 34 einft
467 869 109 36 gelehrte
607 868 192 36 Kloſterſchüler
839 867 60 28 über

126 908 46 28 den
194 907 236 36 Bauͤernburſchen,
453 907 42 28 der
517 907 64 34 nicht
602 906 63 36 leſen
687 905 88 30 kann?

182 945 39 29 Es
244 948 69 26 wäre
335 954 51 19 nun
409 954 64 27 ganz
496 946 113 35 verfehlt,
632 944 181 37 anzunehmen,
848 942 49 35 daß

125 988 27 24 es
173 984 27 28 in
222 984 42 28 der
285 983 112 37 einſeitig
420 984 184 35 ausgeführten
626 983 144 36 Erziehung
794 981 42 28 der
853 982 45 26 da—

124 1022 113 37 maligen
258 1021 59 36 Zeit
338 1022 64 33 nicht
423 1022 58 34 auch
504 1021 117 28 Männer
642 1021 59 36 gäb,
725 1020 36 28 die
787 1019 111 34 unſerem

126 1061 116 36 heutigen
264 1060 138 36 Geſchlecht
423 1059 42 29 als
486 1060 59 34 erſte
566 1059 106 28 Künder
693 1058 50 28 und
780 1057 117 28 Vorläu—

125 1099 36 34 fer
181 1100 68 27 einer
270 1098 98 37 großen
390 1098 150 36 Bewegung
563 1098 80 35 gelten
662 1098 115 27 könnten.
794 1090 34 49 .
838 1094 58 28 Und

124 1137 92 36 gerade
238 1138 78 34 jenen,
340 1136 37 29 die
397 1136 60 28 über
480 1136 37 28 die
538 1135 149 36 großartige
723 1133 172 35 Entwicklung

126 1175 43 28 des
192 1175 104 34 Sports
318 1174 38 28 die
378 1174 91 36 Hände
490 1174 89 35 ringen
602 1173 51 28 und
676 1172 44 28 den
743 1171 151 35 Untergang

125 1214 69 34 ihres
216 1212 95 37 Homer
332 1213 41 31 für
394 1213 141 35 gekommen
559 1211 92 35 halten,
693 1210 91 36 gerade,
824 1210 70 34 jenen

124 1251 72 35 ſöllte
216 1251 39 28 ein
277 1250 68 28 Blick
366 1250 85 28 in“die
472 1249 139 34 Geſchichte
633 1248 83 35 ſagen,
747 1248 50 33 daß
835 1247 60 27 viele

124 1289 128 36 berühmte
274 1288 117 28 Männer
412 1287 25 35 ſo
474 1291 83 24 etwas
594 1287 45 28 wie
660 1286 88 33 Sport
791 1284 102 33 trieben,

124 1327 50 35 daß
215 1327 40 33 ſie,
273 1330 50 24 ans
365 1326 53 28 dem
457 1324 118 36 Rahmen
616 1324 43 28 der
690 1323 203 35 Gewohnheiten

122 1365 68 35 ihrer
211 1364 175 36 Zeitgenoſſen
407 1363 105 35 fallend;
549 1362 130 37 gleichſam
715 1362 69 27 einen
807 1361 85 36 Hauch

122 1403 117 35 verſpürt
261 1402 82 37 haben
364 1408 50 22 von
438 1402 52 28 dem
512 1410 78 20 neuen
608 1400 79 34 Geiſt,
710 1400 42 28 der
772 1400 45 27 mif
840 1399 53 28 dem

122 1441 89 34 Sport
232 1441 60 28 über
316 1441 37 28 die
376 1439 134 37 Meuſchen
532 1441 63 27 kam.
655 1438 85 29 Mens
761 1447 73 19 sana
864 1438 29 27 in

122 1488 127 29 corpore
264 1488 81 20 sano.

178 1517 129 28 Erinnern
349 1516 47 28 wir
437 1520 51 24 uns
530 1516 44 28 des
615 1515 96 37 großen
742 1514 150 35 Feldherrn,

121 1554 110 38 Prinzen
253 1554 100 37 Eugen,
375 1554 42 28 der
439 1554 40 28 ein
500 1554 106 28 Turner
627 1560 64 27 war,
712 1553 46 28 wie
792 1561 25 19 er
850 1552 44 34 auf

121 1594 116 36 heutigen
259 1593 145 28 Turnieren
427 1591 63 35 ſeine
512 1592 99 34 Punkte
642 1591 119 36 jammeln
795 1592 96 26 könnte.

120 1631 130 29 Erinüern
272 1631 48 28 wir
350 1634 59 30 uns,
451 1629 51 29 und
543 1630 67 27 allen
632 1628 259 36 Kanalſchwimmern

121 1669 31 35 ſei
173 1673 28 24 es
223 1668 95 38 geſagt,
341 1668 49 35 daß
432 1668 30 34 ſie
502 1669 71 27 einen
614 1667 97 36 großen
734 1666 157 36 Vorgänger

121 1708 96 35 hatten,
254 1707 106 34 nämlich
382 1706 189 36 Frauklin,
613 1706 43 27 der
696 1705 93 27 einmal'
830 1704 61 27 über

121 1746 64 35 fechs
207 1746 139 28 Kilometer
368 1745 44 34 auf
434 1744 42 28 der
496 1743 108 36 Themſe
625 1743 140 35 ſchwamm.
827 1742 64 28 Eine

121 1784 142 34 beachtliche
285 1783 116 35 Leiftung
426 1783 40 33 für
504 1782 121 28 damais!
666 1781 60 28 Und
767 1780 124 36 vergeſſen

120 1822 48 29 wir
190 1822 46 28 den
257 1821 179 36 ehrwürdigen
458 1820 102 34 Tolſtoi
581 1820 74 33 nicht,
678 1819 42 28 der
742 1819 39 27 ein
802 1817 87 35 ebenſo

120 1863 73 34 guter
213 1859 170 32 Schwimmer
405 1858 45 29 wie
472 1858 94 35 Läufer
600 1865 63 21 war.

119 1907 26 20 er
166 1898 58 34 doch
246 1898 93 29 einmal
360 1897 51 28 eine
433 1896 98 29 Strecke
566 1902 49 23 von

120 1937 25 28 in
168 1936 53 28 drei
241 1936 101 36 Tagen,
365 1935 80 29 wobei
467 1935 57 36 zwei

724 1856 166 34 Marſchierte

656 1899 54 24 200
733 1895 156 28 Kilometern

564 1935 75 35 junge
663 1933 82 34 Leute,
769 1933 37 28 die
846 1933 43 35 ihn

975 131 155 37 begleiteten,
1152 131 81 36 völlig
1271 131 141 37 verſagten,
1454 130 51 29 und
1526 128 101 36 Tolſtoi
1669 128 78 29 allein

974 175 50 23 ans
1046 170 57 35 Ziel
1126 172 126 34 gelangke.

1032 208 59 28 Und
1129 209 91 27 kenneſn
1262 208 47 29 wir
1349 208 66 32 nicht
1436 205 127 36 Byron
1604 205 59 32 auch
1705 205 42 27 als

975 246 170 34 Schwimmer
1166 246 52 28 und
1240 246 96 34 Reiter,
1359 248 41 25 als
1423 245 87 34 Boxer
1540 249 50 23 von
1612 242 135 35 Format?

974 284 119 36 Brahms
1115 285 92 33 machte
1229 285 172 35 Bergtouren.
1458 282 114 37 Wagner
1601 281 47 35 ſoll,
1687 282 58 31 noch

973 323 44 28 mit
1040 323 89 36 fiebzig
1151 322 104 36 Jahren
1277 324 43 34 ſich
1343 323 45 28 den
1411 322 81 33 Spaß
1524 322 101 27 erlaubt
1655 319 90 34 haben,

974 360 63 35 ſeine
1058 361 79 35 Gäͤſte
1177 362 45 28 mit
1264 362 77 28 einem
1371 359 143 34 Kopfſtand
1554 367 29 28 zu
1624 358 120 31 erfreuen.

973 399 108 29 Nennen
1104 400 49 29 wir
1173 409 56 26 zum
1251 399 99 34 Schluß
1373 399 45 27 den
1441 397 121 34 Größten
1585 403 50 22 von
1668 396 76 32 allen,

973 447 41 19 um
1057 438 37 28 die
1122 438 79 35 Reihe
1224 438 144 35 berühmter
1398 435 127 33 Männer,
1548 435 38 28 die
1608 435 25 28 in
1665 435 79 34 ihrem

973 476 87 29 Sinne
1100 476 195 36 Sportfreunde
1335 483 95 25 waren,
1480 473 51 36 hier
1579 473 164 37 abzukürzeu,

973 514 152 37 Goethe.

1029 552 39 29 Es
1091 553 27 34 iſt
1139 552 81 36 wenig
1245 552 113 33 bekannt,
1390 549 49 33 daß
1462 548 99 34 Goethe,
1601 548 40 28 ein
1682 551 62 24 aus—

972 591 162 37 gezeichneter
1155 590 87 29 Reifer
1264 590 50 28 und
1351 589 39 27 ein
1426 586 234 34 leidenſchaftlicher
1681 585 63 29 Eis⸗

972 630 82 34 läuͤferr
1076 636 55 21 war
1153 628 51 29 und
1246 628 37 27 die
1324 626 147 34 körperliche
1493 624 164 36 Betätigung,
1700 624 42 27 als

972 667 136 37 Ausgleich
1121 667 43 27 der
1186 665 122 35 ſeeliſchen
1321 662 287 39 Funktionem,ernſtlich,
1639 662 102 34 ſchätzte.

972 706 90 35 Daher
1083 705 84 34 niußte
1188 707 27 25 es
1238 704 50 35 ihm
1311 703 101 36 ſoͤgleich
1435 700 133 36 auffallen,
1592 700 47 28 wie,
1668 699 74 34 falſch

972 744 51 28 und'
1047 742 158 34 unnatuͤrlich
1227 750 59 19 man
1308 751 29 25 zu“
1378 740 77 35 ſeiner
1476 738 59 36 Zeit
1576 738 38 28 die
1634 737 109 37 Jugend

971 790 82 27 erzog,
1077 781 45 27 wie
1144 780 57 28 weit
1222 780 146 35 überſchätzt
1398 778 48 27 das
1468 776 198 36 Nur-Geiſtige,
1697 776 46 28 wie

971 819 53 36 ſehr
1046 818 158 35 unterſchätzt
1227 818 41 27 der
1303 816 147 34 körperliche
1471 815 117 36 Zuſtand
1627 815 41 27 der,
1689 813 53 32 Ju—

970 857 64 37 gend
1057 856 86 28 wurde
1165 856 51 28 und
1240 856 45 27 wie
1307 855 80 35 wenig
1410 862 60 20 man
1512 853 38 27 die
1591 856 59 33 gute
1672 852 70 28 Wir—

970 898 62 33 kung
1057 895 42 28 der
1121 893 211 37 Leibesübungen
1362 892 44 33 auf
1424 892 44 28 den
1487 891 162 29 arbeitenden
1672 890 70 36 Geiſt

968 935 104 26 erkannt
1094 933 76 35 hatte.

1027 978 56 35 „Es
1105 979 58 35 geht
1186 977 37 28 bei
1244 981 51 24 uns
1317 978 63 27 alles
1414 976 105 35 dahin,“
1554 975 56 36 ſagt
1632 975 107 35 Goethe,

970 1017 55 35 „die
1048 1016 61 28 liebe
1129 1015 108 37 Jugend
1275 1014 131 37 frühzeitig.
1448 1016 73 33 zahm
1561 1022 29 27 zu
1631 1014 109 33 machen,

968 1056 48 27 älle
1039 1054 178 36 Originallät
1239 1054 51 27 und
1322 1054 49 27 alle
1392 1051 123 37 Wildheit
1549 1051 190 37 auszutreiben,

968 1093 25 34 ſo
1016 1093 50 34 daß
1089 1101 40 19 am
1152 1091 71 29 Ende
1245 1092 80 34 nichts
1346 1090 76 37 übrig
1446 1090 77 28 bleibt
1545 1090 42 28 als
1610 1090 42 28 der
1674 1089 66 36 Phi—

968 1132 70 33 ſter.“

1024 1169 59 28 Und
1105 1169 42 27 als
1168 1176 59 20 man
1266 1168 43 34 ſich
1352 1171 49 24 aus
1442 1166 146 35 politiſchen
1611 1166 127 28 Gründen

966 1213 155 30 gezwungen
1143 1206 113 35 glaubte,
1280 1206 52 28 dem
1353 1205 59 28 eben
1443 1205 187 35 aufblühenden
1649 1204 90 28 Turn—

966 1245 78 35 ſoſen
1068 1245 46 27 den
1136 1244 89 36 Riegel
1247 1243 198 37 vorzuſchieben,
1477 1250 55 20 war
1554 1242 101 36 Goethe
1683 1243 55 34 ehr—

966 1283 42 33 lich
1026 1283 109 27 betrübt.
1177 1283 41 35 Ju
1236 1282 150 29 Eckermann
1409 1281 55 36 ſagt
1482 1290 25 19 er
1525 1280 127 29 darüber:
1674 1280 63 34 „Jch

966 1321 42 28 bin
1032 1322 45 27 den
1116 1321 125 34 deutſchen
1263 1320 199 35 Turnübungen
1503 1319 127 33 durchaus
1672 1320 64 32 nicht

965 1359 151 36 abgeneigt;
1139 1368 41 19 um
1195 1358 26 34 ſo
1242 1359 69 35 mehr
1333 1360 44 34 hat
1398 1362 27 24 es
1447 1358 48 28 mir
1518 1358 47 27 leid
1583 1363 84 30 getan,
1687 1357 50 34 daß

964 1398 43 33 ſich
1030 1397 53 35 ſehr
1106 1397 61 28 bald
1190 1397 151 35 Politiſches
1365 1396 71 28 dabei
1466 1396 133 36 einſchlich,
1630 1396 24 35 ſo
1687 1396 50 34 daß

965 1436 37 28 die
1024 1435 139 36 Behörden
1184 1437 43 34 ſich
1250 1435 115 37 genötigt
1388 1434 84 37 ſahen,
1495 1435 30 33 ſie
1546 1443 30 28 zu
1607 1434 130 35 beſchrän—

964 1476 41 27 ken
1028 1474 60 28 oder
1128 1474 69 36 wohl
1237 1483 48 27 gar
1324 1483 29 26 zu
1395 1472 136 29 verbieten.
1574 1473 93 29 Damit
1709 1473 28 33 iſt

965 1522 51 19 nun
1039 1513 49 27 das
1110 1512 69 29 Kind
1210 1512 32 29 inm
1265 1512 74 28 Bade
1379 1511 153 34 verſchüttet.
1594 1511 69 28 Aber
1703 1511 32 33 ich

965 1551 74 36 hoffe,
1063 1551 50 33 daß
1135 1560 60 19 man
1218 1551 37 27 die
1276 1550 204 34 Turnanſtalten
1502 1549 93 29 wieder
1617 1549 118 37 herſtelle,

964 1590 64 27 denn
1051 1589 85 35 unſere
1159 1588 108 34 deutſche
1288 1588 108 36 Jugend
1419 1588 87 33 bedarf
1528 1592 36 30 es,
1598 1587 137 37 beſonders

963 1627 38 28 die
1024 1627 162 34 ſtudierende,
1210 1628 41 26 der
1274 1627 37 28 bei
1333 1627 53 28 dem
1408 1626 78 29 vielen
1525 1626 118 36 geiſtigen
1683 1626 52 28 und

963 1665 126 35 gelehrten
1111 1664 112 29 Treiben
1265 1665 64 28 alles
1372 1665 146 34 körperliche
1541 1664 194 37 Gleſchgewicht

962 1703 60 35 fehlt
1044 1703 51 27 und
1119 1702 72 35 ſomit
1212 1702 52 36 jede
1283 1703 86 36 nötige
1392 1703 120 32 Tatkraft
1533 1703 135 36 zugleich.“

1019 1740 99 34 Goethe
1140 1740 27 34 iſt
1189 1740 54 35 alſo
1266 1741 37 27 die
1323 1741 225 36 Doppelwirkung
1572 1741 44 27 des
1630 1741 104 33 Sports

962 1786 50 21 von
1034 1778 137 37 Aubeginn
1196 1780 52 26 klar
1269 1779 119 36 geweſen,
1411 1779 52 27 und
1501 1779 49 27 das
1591 1787 59 27 mag
1692 1778 43 28 der

962 1817 95 28 Grund
1079 1816 110 36 geweſen
1211 1816 58 35 ſein,
1292 1824 99 21 warum
1414 1817 62 27 aller
1494 1816 88 34 Sport
1604 1817 52 35 ihm
1678 1823 55 27 per—

961 1855 91 36 ſönlich
1076 1855 25 34 fo
1124 1855 97 35 wichtig
1245 1855 135 36 geworden
1404 1854 34 35 iſt.

1017 1892 41 33 Jn
1084 1893 144 36 „Dichtung
1270 1893 50 28 und
1343 1891 151 37 Wahrheit“

961 1935 59 30 uns,
1044 1931 46 28 wie
1111 1940 25 19 er
1157 1931 127 34 fechten
1306 1930 51 29 und
1395 1930 116 28 reiten

1536 1891 132 35 beſchreibt
1709 1900 25 19 er

1553 1932 87 32 lernte,
1682 1930 51 27 und

1820 127 96 35 beweiſt
1937 131 51 24 uns
2010 128 116 36 zugleich,
2150 127 45 28 wie
2217 125 123 36 erufthaft
2361 125 52 28 und
2449 126 78 36 erfrig
2564 134 29 20 er

1818 165 52 28 und
1893 165 62 33 ſeine
1976 165 256 35 Sportskameraden
2255 165 43 35 ſich
2321 164 54 28 dem
2398 163 103 36 Fechten
2534 164 60 34 hin—

1818 204 108 36 gegeben
1950 203 96 34 haben:
2071 204 75 34 „Wir
2164 211 86 23 waren
2269 212 53 20 nun
2341 202 251 36 heraugewachſen,“

1819 241 109 36 fagter,
1953 241 69 33 „und
2045 242 54 28 dem
2121 242 188 32 Schlendriane
2330 241 59 32 nach
2422 240 90 36 follten
2545 240 49 28 wir

1818 280 59 31 auch
1901 279 76 27 neben
2011 280 110 28 anderen
2143 281 106 37 Dingen
2291 281 90 34 fechten
2424 279 52 28 und
2517 278 77 29 reiten

1818 320 93 31 lernen,
1934 326 41 18 um
1998 320 50 24 uns
2070 319 159 35 gelegentlich
2252 319 100 36 unferer
2373 318 72 37 Haut
2477 326 29 27 zu
2527 317 67 34 weh—

1817 364 42 19 ren
1882 355 51 27 und
1955 363 29 26 zu
2007 354 94 35 Pferde
2131 356 51 28 kein
2214 357 178 36 ſchülerhaftes
2415 355 116 38 Auſehen
2563 364 30 28 zu

1818 393 90 34 haben.
1950 392 66 28 Was
2040 393 45 27 den
2107 394 76 34 erſten
2204 394 87 34 Punkt
2322 396 107 36 betrifft,
2470 395 25 35 ſo
2537 401 55 22 war

1818 436 49 23 uns
1909 432 52 27 eine
2002 430 77 34 ſolche
2110 430 108 38 Uekung
2260 432 76 35 ſehr
2376 434 216 36 angenehm:

1817 470 64 28 denn
1904 469 48 27 wir
1975 470 85 33 hatten
2083 472 49 24 uns
2155 468 70 34 ſchon
2249 471 82 35 längſt
2353 471 163 36 Haurapiere
2538 478 52 21 von

1816 506 176 38 Haſelſtöcken,
2014 506 46 29 mit
2081 506 105 28 Körben
2209 513 51 22 von
2282 507 113 35 Weideén,
2423 510 90 34 ſauber
2550 517 42 28 ge—

1816 547 113 33 flochten,
1952 554 42 19 um
2016 544 37 29 die
2076 544 78 37 Hand
2176 554 29 27 zu
2236 545 111 36 ſchützen,
2378 555 30 27 zu
2440 547 151 37 verſchaffen

1815 584 112 37 gewußt.
1970 583 63 29 Nun
2057 583 100 34 durften
2181 583 47 28 wir
2249 587 52 24 uns
2331 584 106 34 wirklich
2469 586 123 35 ſtählerne

1815 623 111 35 Klingen
1949 623 111 36 zulegen,
2083 622 51 28 und
2158 622 48 28 das
2229 621 124 35 Geraſſel,
2386 621 48 28 das
2464 624 48 29 wir
2545 624 46 27 da—

1814 662 44 27 mit
1882 661 118 33 machten,
2023 668 55 20 war
2100 660 55 35 ſehr
2176 660 104 34 lebhaft.
2330 659 39 29 Es
2393 659 124 34 befanden
2545 661 44 32 ſich

1816 699 103 28 damals
1940 699 61 36 zwei
2023 699 172 36 Fechtmeiſter
2216 699 26 28 in
2264 698 154 36 Frantfurt,
2437 698 40 28 ein
2499 699 93 27 älterec

1814 737 144 33 Deutſcher,
1982 737 42 29 der
2046 738 44 33 auf
2112 738 94 37 ſtrenge
2228 738 52 28 und
2318 736 107 37 tüchtige
2447 735 79 35 Welſe
2562 745 29 27 zu

1813 775 85 29 Werke
1920 776 71 36 ging,
2014 777 51 27 und
2087 776 39 29 ein
2148 775 138 38 Ffanzoſe,
2310 776 42 28 der
2385 774 81 36 feinen
2489 774 102 29 Vorteil

1813 814 73 33 durch
1911 813 157 30 Avancieren
2110 815 52 28 und
2185 815 152 34 Relirieren,
2380 815 74 33 durch
2497 813 92 34 leichte,

1813 853 115 36 flüchtige
1950 852 97 36 Stöße,
2070 854 85 34 welche
2177 854 58 34 ſtets
2257 853 46 29 mit
2333 853 99 37 einigen
2455 851 134 36 Ausrufen

1814 891 113 36 begleitet
1950 900 97 25 waren,
2068 900 30 26 zu
2135 892 119 34 erreichen
2296 891 86 36 ſuchte.
2443 891 51 29 Die
2515 890 71 29 Mei⸗

1812 938 112 28 nungen,
1947 930 86 33 welche
2054 928 50 29 Art
2127 930 38 28 die
2186 930 60 35 beſte
2288 930 41 36 ſei,
2370 937 88 22 waren
2499 930 86 36 geteilt

1812 967 52 28 und
1885 972 27 23 es
1934 968 73 28 ward
2029 968 46 33 faſt
2096 968 88 35 ebenſo
2206 968 54 35 ſehr
2280 969 46 28 mit
2347 968 112 29 Worten
2489 968 98 36 geſtrit—

1813 1012 48 27 teu,
1883 1006 41 27 als
1946 1006 45 27 mit
2014 1006 41 27 der
2077 1006 94 34 Klinge
2192 1006 134 36 gefochten.
2384 1006 60 28 Und
2465 1014 43 20 um
2543 1014 45 27 zu—

1813 1045 48 34 letzt
1884 1043 42 28 der
1947 1043 85 33 Sache
2053 1043 39 28 ein
2114 1042 72 29 Ende
2217 1052 29 26 zu
2283 1043 109 34 machen,
2434 1043 74 27 ward
2549 1044 39 27 ein

1811 1081 155 35 Wettkampf
1986 1080 118 37 zwiſchen
2142 1080 86 29 beiden
2251 1080 123 35 Meiſtern
2417 1081 171 33 veranſtaltet.

1811 1120 55 28 Der
1888 1119 121 34 Deutſche
2032 1119 70 34 ſtand
2133 1119 24 28 in
2200 1119 79 34 ſeiner
2301 1118 108 36 Poſitur
2450 1118 46 28 wie
2536 1118 53 28 eine

1811 1157 106 33 Mauer,
1941 1157 76 35 paßte
2038 1157 45 33 auf
2105 1156 80 35 ſeinen
2208 1157 103 28 Vorteil
2332 1157 52 28 und
2418 1156 84 34 wußte
2539 1157 45 28 mit

1811 1196 135 28 Battieren
1969 1195 52 28 und
2043 1194 119 37 Legieren
2195 1195 81 35 ſeinen
2299 1195 105 37 Gegner
2446 1195 48 27 das
2536 1195 52 28 eine

1810 1233 61 29 über
1894 1235 48 27 das
1965 1234 91 28 andere
2078 1233 63 29 Mal
2162 1242 29 28 zu
2213 1235 137 34 eutfernen?
2412 1232 90 36 Dieſer
2543 1234 44 28 de⸗

1810 1274 126 34 hauptete,
1962 1272 48 28 das
2033 1272 30 36 ſei
2085 1273 65 34 nicht
2171 1271 110 36 Raiſon,
2295 1272 50 29 und
2368 1272 59 36 fuhr
2445 1272 45 28 mit
2508 1271 78 35 ſeiner

1810 1310 189 37 Beweglichkeit
2018 1310 60 35 fort,
2102 1311 46 28 den
2171 1311 109 28 anderen
2302 1311 25 28 in
2350 1310 74 29 Atem
2445 1319 30 27 zu
2505 1310 79 36 ſjetzen.

1810 1350 66 31 Auch
1900 1350 97 32 brachte
2018 1358 26 18 er
2066 1349 54 28 dem
2141 1349 139 35 Deutſchen
2303 1344 69 46 wohl
2380 1349 94 36 einige
2497 1348 87 35 Stöße

1810 1389 45 33 bei,
1880 1388 37 28 die
1939 1388 42 35 ihn
2004 1387 60 28 aber
2086 1387 78 36 ſelbſt,
2198 1394 74 22 wenn
2309 1391 27 24 es
2358 1387 76 33 Ernſt
2475 1386 110 36 geweſen

1809 1430 78 30 wäre,
1910 1426 23 28 in
1958 1425 37 28 die
2017 1425 91 28 andere
2132 1424 67 29 Welt
2221 1424 107 38 geſchickt
2352 1425 115 36 hätten.“

1865 1464 100 34 Goethe
1987 1464 66 28 wird
2075 1464 70 35 heute
2167 1464 36 34 oft
2224 1463 92 37 zitiert,
2345 1470 74 22 wenn
2459 1466 28 24 es
2528 1462 57 36 gilt,

1808 1504 54 28 dem
1882 1502 215 36 Sportgedanken
2116 1502 52 28 eine
2189 1501 105 37 Breſche
2313 1511 30 27 zu
2361 1501 120 36 ſchlagen.
2524 1500 60 29 Und

1808 1541 49 29 das
1878 1542 46 28 mit
1945 1540 93 36 Recht;
2062 1547 73 21 wenn
2156 1549 30 28 zu
2209 1540 77 36 ſeiner
2307 1540 59 36 Zeit
2407 1540 43 27 der
2490 1538 90 36 Sport

1807 1581 58 32 auch
1889 1580 58 33 noch
1971 1579 155 36 keineswegs
2158 1579 37 28 die
2236 1578 149 35 univerſelle
2426 1577 155 37 Bedeutung

1807 1618 81 34 haben
1910 1618 97 33 konnte,
2031 1617 37 28 die
2089 1626 25 18 er
2134 1617 44 35 ſich
2201 1618 71 35 heute
2289 1616 123 35 erkämpft
2431 1617 43 34 hat
2498 1633 33 3 —
2554 1615 26 36 ſo

1806 1656 54 32 find
1884 1656 37 27 die
1947 1655 161 34 Ausfprüche
2148 1654 117 35 Goethes
2307 1655 57 33 doch
2407 1653 177 35 Betenntniſſe

1806 1694 68 27 eines
1896 1693 109 34 Geiſtes,
2029 1692 41 28 der
2098 1692 173 28 Kommendes
2293 1694 84 33 ahnte.
2433 1691 59 28 Und
2535 1691 49 27 das

1806 1732 27 35 iſt
1856 1735 50 24 uns
1928 1731 34 28 im
1984 1731 98 33 Kampf
2102 1739 78 27 gegen
2203 1730 38 28 die
2263 1730 218 34 Sporwerächter
2511 1729 72 34 heute

1806 1771 58 32 noch
1887 1769 52 28 eine
1961 1769 75 34 ſtarke
2060 1766 92 38 Waffe.

1823 1883 225 29 Verantwortlicher
2066 1883 141 23 Redakteur:
2227 1883 82 23 and.
2328 1883 62 28 pnil.
2409 1883 32 28 S.
2460 1883 103 25 Becker.

1958 1937 178 29 Gerausgeber:
2170 1937 129 29 Wilheim
2316 1932 94 34 Beritz.

722 2152 245 72 Deutſche
1007 2152 622 77 Krankenkaſſen-Glieder
1672 2150 291 63 Windaus!

373 2249 147 38 Stimmt
549 2260 36 35 zu
614 2250 57 35 den
700 2259 51 25 am
783 2250 52 33 13.
867 2248 63 35 und
960 2250 53 32 14.
1044 2246 82 42 Juli
1156 2245 252 46 bevorſtehenden
1440 2246 138 44 Wahlen
1608 2247 51 34 der
1688 2244 306 46 Bevollmächtigten
2026 2243 52 45 für
2106 2244 48 36 die
2183 2243 134 46 deutſche

626 2434 27 32 1.
711 2429 132 37 Werner
872 2437 29 28 v.
932 2428 115 46 Lutzau
1551 2429 33 33 8.

617 2487 34 33 2.
708 2482 85 38 Otto
816 2482 199 37 Tiedemann
1546 2483 35 35 9.

617 2539 33 33 3.
707 2536 125 46 Harald
863 2535 202 46 Gutſchmidt
1528 2536 53 33 10.

617 2594 34 32 4.
708 2589 134 45 Herbert
871 2588 113 38 Marks
1535 2591 45 32 JJ.

617 2647 34 32 5.
710 2642 130 37 Eduard
869 2641 141 45 Karlſon
1526 2643 54 33 12.

616 2699 34 33 6.
706 2695 85 37 Karl
820 2695 167 44 Schreiber
1524 2696 55 34 13.

615 2750 34 36 7.
708 2745 130 40 Eduard
868 2747 124 48 Boehm
1524 2750 54 34 14.

295 2826 106 46 Achtet
429 2825 126 45 darauf,
586 2825 61 47 daß
676 2825 86 37 Eure
791 2824 225 45 Kaſſenbücher
1045 2825 141 35 erneuert
1216 2823 76 45 ſind,
1326 2822 38 38 da
1396 2823 68 47 Jhr
1492 2822 83 46 ſonſt
1617 2824 80 45 nicht
1739 2823 145 43 ſtimmen
1927 2824 106 37 könnt.

682 2878 122 48 Nehmt
833 2878 140 37 keinerlei
1003 2877 235 47 Streichungen
1268 2877 33 36 in
1332 2876 56 37 den
1420 2875 101 45 Liſten
1550 2885 67 37 vor,
1649 2880 38 35 da
1717 2877 88 38 Eure
1835 2878 149 37 Stimme
2014 2876 81 46 ſonſt
2137 2876 152 48 ungültig
2329 2875 61 44 iſt!

113 2878 95 47 Päſſe
236 2890 70 36 zum
336 2879 179 46 Wahllokal
546 2879 79 37 mit!

1055 2322 203 99 Liſte
1322 2323 171 96 Nr.
1552 2321 82 80 7.

115 2932 85 47 Euch
232 2932 72 47 nach
335 2934 51 36 der
415 2933 253 47 Stimmabgabe
698 2933 43 35 im
771 2931 155 47 deutſchen
956 2930 200 49 Wahlbüro!

295 2987 76 37 Das
400 2986 181 47 Wahlbüro
611 2986 123 54 (Große
763 2986 92 42 Str.,
887 2986 43 36 im
959 2984 108 47 Hauſe
1096 2985 52 35 des
1178 2983 323 47 Gewerbe-Vereins)
1531 2983 37 45 iſt
1597 2986 39 36 ab
1668 2985 180 45 Mittwoch,
1880 2986 56 37 den
1968 2988 34 34 3.
2033 2984 93 44 Juli,
2158 2983 112 45 täglich
2293 2991 62 28 von
2378 2985 114 33 12—1.
2516 2983 64 35 und

112 3048 62 28 von
203 3042 148 34 19
259 3035 28 55 -
286 3042 56 34 20
381 3040 68 46 Uhr
478 3039 146 47 geöffnet.
683 3038 71 60 Alle
784 3038 178 46 Auskünfte
990 3037 141 45 daſelbſt.
1190 3038 51 36 An
1271 3040 55 34 den
1356 3037 196 48 Wahltagen
1580 3039 79 37 wird
1688 3042 57 34 das
1775 3039 95 39 Büro
1899 3042 57 34 den
1986 3049 117 37 ganzen
2133 3038 73 47 Tag
2238 3037 74 37 über
2342 3035 135 47 geöffnet
2499 3034 82 46 ſein.

517 3115 191 108 Für
791 3116 323 107 Kecht
1160 3114 245 107 und
1490 3112 670 135 Ordnungl!

1643 2426 85 38 Otto
1758 2434 29 28 v.
1818 2426 143 43 Jannau

1640 2480 176 45 Alexander
1846 2479 220 46 Schwedersky

1639 2533 146 46 Heinrich
1816 2533 127 45 Paulin

1638 2588 82 37 Karl
1752 2586 157 48 Sawitzky

1638 2641 84 37 Karl
1751 2641 116 44 Lorenz

1637 2694 135 46 Herbert
1801 2692 161 45 Friedrich

1635 2747 141 47 Johann
1805 2747 178 37 Neumann

2092 2823 122 47 Nehmt
2244 2822 242 46 Kaſſenbücher
2517 2822 63 36 und

2457 2876 124 36 Meldet

244 3436 278 35 ENCHSCHE

296 3499 180 33 Fahrrader

399 3574 65 27 sind
488 3584 36 17 zu
548 3573 100 28 haben
668 3574 29 27 in
719 3574 54 27 der

454 3750 262 38 Goldingen.

581 3437 346 92 U

245 3642 293 44 Buchhandlung
571 3644 120 34 Ferd.
717 3644 211 34 Besthorn

468 3696 48 23 lun.
536 3697 37 23 M.
593 3697 110 23 Eeritæ

1176 3392 53 27 —
1260 3392 107 31 —

1197 3400 43 53 2
1241 3420 66 46 ſ
1320 3433 26 38 8

1151 3538 261 84 —

1247 3726 17 12 ——
1292 3726 47 12 u

1477 3367 91 40 mit
1587 3367 91 41 nie
1691 3366 383 56 versagendem

1557 3441 438 45 Dosenöner.

1567 3541 68 29 KiS
1677 3542 98 28 Sidol
1796 3540 186 38 Companv.

1476 3596 85 37 Riga,
1580 3595 141 36 Eisecera
1742 3596 59 27 ielã
1823 3595 79 34 Ns,
1914 3594 160 37 Telephon

1723 3645 102 25 35317.

1739 3293 95 37 —
1897 3292 165 38 —
2329 3286 46 24 —

2138 3319 71 55 F0
2231 3317 335 56 toaenttale

2236 3379 36 34 H.
2301 3379 168 41 Kleinberg

2179 3424 94 30 (Firma
2292 3424 45 25 M.
2353 3424 168 29 Roſenfeld),

2123 3463 163 30 Goldingen,
2304 3462 164 29 Kirchenſtraße
2487 3461 41 25 Nr.
2548 3463 34 25 16.

2123 3493 113 29 empfiehlt
2253 3500 25 23 zu
2303 3493 171 30 konturrenzlos
2491 3492 91 29 billigen

2299 3524 107 28 Preiſen:

2124 3562 146 35 Kameras,
2292 3563 114 34 Statiue,
2434 3563 148 33 Kalletten,

2123 3600 117 35 Platten,
2258 3601 146 34 Rollfilme,
2422 3601 161 35 Fiſmpacks,

2124 3638 214 37 Köntgenlilme,
2368 3639 214 35 licttempfindli-

2123 3677 45 29 ctie
2190 3677 116 36 Paplere
2317 3677 55 29 und
2384 3677 113 33 Rarten,
2510 3676 72 29 Ene-

2122 3716 131 29 milealien
2275 3719 76 24 ete.
2350 3731 20 4 —
2395 3715 187 29 ſtandichatts-

1116 3791 541 101 Malermeiſter

396 3978 79 38 —
547 3982 29 37 —
582 3994 26 25 ⏑
618 3985 162 36 2—

221 4033 280 75 Hurt
548 4037 407 78 Slddde

419 4133 221 30 eimufeimæi
651 4136 101 28 iætæt

409 4169 353 61 Windau.

107 4241 378 59 Golcliner
534 4239 296 76 Firuſse
824 4244 102 51 Ne
964 4249 96 48 Io.

1329 3904 203 38 Goldingen,
1555 3895 178 46 Polizei⸗-Str.
1756 3903 50 28 Nr.
1829 3908 25 24 8.

1113 3960 352 60 Uebernehme
1490 3959 345 59 verſchiedene
1861 3957 212 51 Maler⸗

1112 4039 233 49 arbeiten
1370 4052 77 42 zur
1468 4036 246 58 ſofortigen
1734 4035 337 57 Ausführung.

2122 3753 103 36 platten
2237 3760 51 21 von
2307 3753 37 28 Ls
2363 3756 63 27 1—
2440 3760 48 28 pro
2507 3753 74 37 Otzzd.

2122 3800 43 19 an.
2192 3809 29 3 —
2236 3790 346 39 Ansarbeitung

1669 3780 107 106 R.
1817 3779 233 103 Urban,
2123 3835 66 25 von
2211 3829 385 40 Amateuranfnahmen

2123 3868 162 36 (Entwickeln
2300 3876 51 22 von
2364 3869 149 36 Negativen
2529 3869 53 28 und

2151 3907 176 37 Anfertigung
2350 3914 53 22 von
2424 3906 122 35 Kopien).

1146 4138 892 75 ſlliet-Ouittungs-Bücher

1437 4224 55 35 ſind
1513 4224 121 36 vorrätig
1656 4224 26 28 in
1705 4224 43 28 der

1303 4270 211 30 Buchdruckerei
1537 4270 121 38 Eugen
1681 4270 207 37 Vetkiewiez,
1911 4269 161 37 Goldingen.

2124 3985 457 161 Uinillllii

2224 4161 61 31 mit
2307 4161 184 39 Wohnung

2190 4207 24 29 iſt
2233 4208 70 29 ſofort
2320 4214 26 24 zu
2363 4209 156 25 vermieten.

2121 4246 46 30 Zu
2193 4247 172 29 erfragen:
2392 4247 192 30 Holzmann,

2169 4277 168 32 Goldingen,
2354 4277 131 30 Kirchenſtr.
2501 4277 37 23 2.

1063 4328 174 28 Buchdruckere
1234 4324 14 42 i
1254 4329 59 31 Eug.
1330 4331 141 30 Petkiewicz.
1491 4332 143 30 Goldingen.
