3335 5074
289 189 613 140 EJJ
990 182 804 153 JJ

190 1800 51 25 Der
253 1800 137 25 natürliche
407 1799 84 26 Hafen

191 1833 109 25 lttehoes
319 1841 34 18 an
372 1834 47 24 der
437 1833 56 26 Str

189 1867 63 25 zleht
267 1867 88 25 Schiſſe
368 1873 47 19 aus
428 1867 64 25 aller

190 1900 95 25 Herren
325 1900 114 26 Làndern
457 1908 34 18 an

188 1936 87 22 tolnen
295 1933 59 26 Raus

188 2008 82 53 —
277 2007 77 33 ruſtet
364 2006 45 33 ſich
421 2007 61 32 auch
493 2002 103 38 Shehoe
606 2015 31 26 zu
650 2008 105 33 großem
763 2009 72 33 Feſt:
848 2016 47 19 vor

243 2040 52 26 00
306 2040 111 33 Fahren,
429 2041 79 27 Anno
521 2040 74 32 1238,
610 2043 91 25 wurde
712 2043 57 26 dem
782 2043 52 26 Ort
846 2043 48 26 das

186 2074 98 32 lübſche
298 2074 80 32 Recht
393 2074 140 33 verliehen,
548 2076 91 25 wurde
654 2082 27 19 er
697 2082 44 25 zur
757 2077 83 26 Stadt
856 2084 39 18 er-

187 2108 95 32 hoben.
312 2108 59 26 Das
386 2107 162 33 Programm
563 2109 46 26 der
624 2109 143 32 Feſtwoche
782 2109 28 32 iſt
824 2110 71 32 wohl

186 2141 204 32 ausgearbeitet.
429 2142 37 25 Eos
486 2140 66 27 wird
573 2142 50 26 den
644 2142 94 31 Gäſten
758 2143 65 32 nicht
843 2150 51 20 nur

187 2175 101 31 Fuhrer
296 2174 26 27 in
331 2174 40 26 die
379 2173 74 33 ſtolze
459 2174 211 34 Bergangenheit
678 2176 76 31 dieſet
762 2176 132 33 Siedlung

187 2214 45 20 am
253 2208 126 32 Geeſthang
417 2207 62 32 ſein,
499 2207 111 34 ſondern
627 2208 58 26 wili
703 2210 108 31 zugleich
832 2211 61 30 auch

187 2241 73 31 durch
286 2241 41 26 die
351 2241 137 32 heimelige
512 2241 143 33 Schoͤnheit
678 2242 70 32 ihres
771 2243 124 32 beutigen

186 2274 121 32 Antlitzes
320 2274 122 33 geieiten.
466 2275 37 26 Es
517 2274 27 33 iſt
556 2276 122 31 angetan,
691 2276 45 25 der
748 2276 91 31 Stadt,
854 2276 41 26 die

187 2308 25 32 ſo
225 2308 68 26 viele
305 2308 58 26 dem
376 2308 106 27 Namen
495 2309 61 31 nach
571 2309 104 30 kennen,
688 2309 138 27 alldieweil
839 2310 55 31 hier

188 2342 45 26 der
255 2342 106 32 Lange
382 2341 99 31 Petern
504 2343 112 31 geboren
637 2343 82 30 ward,
742 2343 45 26 der
810 2342 85 33 ſeines

187 2376 99 26 Daters
305 2376 108 31 goldene
430 2375 95 32 Fuchſe
543 2376 28 26 in
590 2376 71 26 einer
681 2375 114 33 einzigen
813 2377 82 31 Nacht

186 2409 156 31 verbumfeit
356 2409 55 26 und
426 2409 156 32 derjuchheit
596 2410 53 32 hat,
666 2416 68 20 neue
749 2410 76 32 Gaͤſte
839 2410 54 29 und

187 2442 81 26 damit
285 2448 68 20 neue
368 2442 126 32 Freunde
509 2448 31 26 zu
559 2443 147 32 gewinnen.

3103 1890 65 26 kliet
3177 1898 57 18 vom
3246 1892 89 24 Closter

3103 1922 45 27 hof
3163 1924 61 25 uber
3244 1925 40 24 die
3301 1925 34 24 at

3103 1956 87 26 Eirche
3215 1958 44 24 der
3281 1958 53 24 Sioc

1842 2036 73 9 9u
2264 2027 243 19 m—
2889 2037 36 6 ..
2971 2034 69 11 ere-

1760 2042 28 5 —
2081 2043 7 5 **
2145 2044 2 4 v
2256 2043 32 5 2
2865 2044 48 25 a
2986 2038 159 33 ne

2662 2076 164 28 —

3022 2118 17 10 D

236 2500 58 26 Wie
313 2507 79 25 gerne
410 2500 110 27 wurden
538 2500 49 26 wir
608 2500 79 33 ihnen
713 2500 102 33 Führer
841 2500 52 33 ſein

186 2533 67 26 beim
267 2533 80 32 erſten
358 2533 99 32 Beſuch
471 2534 28 26 in
511 2533 79 32 dieſer
602 2534 138 32 reizvollen
752 2535 82 26 Stadt
846 2534 47 32 auf

187 2567 44 25 der
246 2566 136 32 Geeltnaſe
395 2567 120 32 zwiſchen
529 2568 80 25 Stoͤr⸗·
622 2566 54 35 und
689 2567 204 32 Wilſtermarſch.

186 2596 58 30 Wie
262 2600 58 32 ſtolz
338 2600 54 26 und
411 2600 120 32 krafivoll
549 2601 72 31 ſchon
639 2601 48 25 das
705 2600 64 27 Biid
788 2600 41 26 bei
848 2601 57 25 der

185 2633 121 32 Anfahrt,
322 2633 40 26 die
386 2633 255 32 geſchloſſene
664 2634 228 31 Stadtſied—

189 2663 90 36 tumg
302 2666 87 33 vinter
403 2667 49 26 den
466 2667 141 32 maͤchtigen
620 2667 205 32 Fabtitanlagen
839 2668 53 25 und

186 2700 50 26 den
250 2701 131 31 ragenben
396 2699 124 32 Schloten
536 2701 45 25 der
598 2700 197 32 Zementfabrit,
812 2701 78 26 deren

185 2733 151 32 tieſenhafte
349 2730 73 36 Ofen
438 2732 146 33 beiſpiellos
601 2734 53 31 ſind
670 2733 28 27 in
713 2734 180 31 Seutjchland.

186 2767 98 25 Vorbei
312 2773 44 19 am
395 2766 140 32 Hafen,
575 2766 27 27 in
630 2767 59 26 dem
717 2767 172 32 Frachtewer,

185 2800 130 32 Tſchalden
342 2800 54 26 und
426 2800 117 31 Schoner
571 2800 110 31 Zement
708 2801 53 25 und
790 2800 94 26 Kreide

184 2833 87 30 laden,
294 2834 60 31 geht
378 2832 41 27 die
441 2833 83 32 Fahrt
548 2833 27 27 in
599 2833 40 26 die
662 2833 229 32 gewerbelfleitzige,

184 2866 133 32 lebendige
326 2866 83 27 Stadt
419 2866 96 33 hinein,
526 2867 41 26 die
577 2867 135 26 einladend
722 2867 52 26 und
784 2867 107 31 freund⸗

183 2900 45 30 lich
250 2900 82 30 wirkt,
354 2906 65 26 ganz
441 2901 104 30 anders,
567 2900 51 26 wie
638 2899 41 27 die
698 2900 104 31 vielfach
825 2900 66 31 recht

184 2933 214 32 abgeſchloſſenen
416 2933 54 26 und
488 2934 92 31 targen
597 2934 115 26 anderen
730 2933 98 27 Ctädte
845 2934 46 25 der

174 2966 142 33 Weſtuͤſte
336 2967 55 26 und
413 2966 45 26 der
480 2967 152 31 Elbmarſch.
676 2966 49 27 Ein
746 2966 77 32 Reich
846 2966 43 32 fuͤr

183 3000 54 31 ſich,
253 3000 78 32 ſtilles
346 2999 87 32 Sdyll,
446 2999 171 33 freundliches
632 3000 75 26 Stuck
721 2999 170 33 Bergangen⸗

184 3033 52 32 heit
251 3033 121 27 inmitten
387 3033 46 26 der
448 3032 59 27 dem
522 3033 57 32 Tag
594 3034 185 31 zugewandten
795 3034 93 30 Stadt,

185 3066 27 31 iſt
227 3067 45 25 der
295 3066 216 33 Rloſterhof
536 3067 48 25 mit
599 3067 85 31 ſeinen
699 3066 103 33 ſchoͤnen
817 3067 72 27 alten

172 3100 128 30 Bauten,
314 3100 49 26 den
375 3099 142 33 maͤchtigen
528 3101 153 30 Stämmen,
694 3101 78 26 deren
783 3100 106 27 Kronen

185 3133 42 27 ein
243 3133 78 32 ſtilles
338 3132 99 33 Waſſer
453 3133 150 32 beſchatten.

233 3191 59 27 Und
307 3191 52 26 wie
372 3192 127 31 unerhort
513 3190 80 33 ſchoͤn,
610 3190 148 34 einzigartig
773 3191 36 26 im
825 3190 63 35 Reiz

186 3225 44 26 der
250 3225 158 32 Gegenfaͤtze,
427 3225 71 26 dann
514 3225 96 26 wieder
629 3226 44 25 der
701 3224 188 33 Spazier?

211 3265 70 26 ang
335 3259 78 31 nach
466 3258 265 33 Breitenburg
781 3259 105 32 hinaus.

211 3293 57 24 nter
292 3291 142 29 maͤchtigen
458 3288 102 35 Eichen,
584 3292 106 31 Buchen
713 3291 54 27 ünd
791 3292 97 26 Ulmen

182 3325 72 32 fuͤbrt
276 3324 41 27 die
336 3324 89 32 Allee;
446 3330 46 27 zur
513 3325 95 26 Linken
628 3325 103 27 wöiben
752 3324 44 32 ſich
820 3324 69 33 ſteiie

183 3358 141 26 bewaldete
344 3358 106 31 Ruden/
471 3364 45 26 zur
536 3359 100 30 rechten
657 3357 60 33 liegt
738 3358 149 32 tellerflach,

182 3391 74 33 faftig
283 3393 68 31 grun
373 3391 46 27 der
446 3391 302 33 Matſchwieſenſtreifen,
775 3392 45 26 der
848 3391 41 27 die

183 3425 68 26 Stoͤr
264 3424 47 32 auf
323 3424 83 33 ibrem
421 3423 189 34 Maͤanberlauf
623 3431 44 26 zur
681 3425 65 26 Elbe
758 3424 130 33 begleitet.

182 3458 53 26 Bis
249 3457 45 33 hin
307 3464 46 26 zur
366 3458 95 26 Brüde
475 3458 59 32 geht
549 3459 45 25 der
608 3458 120 32 herrliche
741 3457 73 33 Weg,
830 3458 57 26 dort

182 3492 103 25 wendet
296 3498 27 19 er
333 3491 44 33 ſich
390 3491 61 31 nach
463 3491 96 27 Suden
568 3491 47 32 auf
626 3492 48 25 das
684 3490 204 33 Breltenburger

183 3525 95 32 Schlot
301 3532 42 25 zu.
389 3524 97 32 Schlotz
508 3525 54 26 und
586 3523 155 33 Schloßpark
763 3525 48 26 mit
834 3525 52 27 den

181 3558 82 32 ſtllien
290 3557 118 32 Waſſern
435 3558 104 26 bannen
565 3558 109 32 unferen
702 3557 106 32 Schritt,
836 3558 50 26 wir

182 3591 86 32 wiſſen
283 3591 74 32 nicht,
374 3592 32 25 ob
421 3590 50 27 wir
485 3592 140 26 verweilen
639 3591 78 33 ſollen
731 3592 62 25 oder
807 3590 81 27 lieber

182 3625 209 32 welterſchreien
432 3630 44 21 am
527 3623 213 29 Stoͤrkanal
789 3624 97 31 vorbel,

181 3658 118 33 zwiſchen
333 3658 154 32 Moorbruch
521 3658 54 27 und
610 3658 178 27 Tannenwald
823 3657 83 36 nach

182 3686 149 43 Laͤgerdorf,
339 3692 58 26 dem
412 3690 473 34 uberraſchenden
629 3686 116 43 Snduſtt
744 3690 141 34 lezentrum

181 3725 122 27 inmitten
320 3726 46 25 der
382 3724 112 33 Marſch.

191 3806 4 41 —

180 4011 10 56 32

176 4919 239 28 ladusiriozentcum.
429 4920 23 24 in
465 4920 57 25 dem
535 4919 52 32 Tag
601 4920 49 24 und
665 4919 80 26 Nacm
757 4920 138 32 geormitet
908 4921 71 26 vird:

174 4951 105 27 Zement
302 4952 97 26 verluſ
421 4952 42 26 die
485 4953 67 25 Stodi
575 4955 24 23 in
621 4953 104 25 Sehiffen
748 4954 50 24 und
821 4954 158 30 Suterzugen

1923 4953 53 26 Dai
1994 4953 188 32 breitenburger
2197 4951 88 28 Schlob
2916 4962 130 21 Aulaehmon
3059 4962 124 21 Noubaeher

638 5061 54 8 immm
1007 5060 13 7 t
