2177 3143
959 54 68 38 —
1056 24 81 50 854
1165 43 45 21 —

98 119 124 42 erhoben
242 119 108 33 waren.
396 115 44 34 Er
460 115 78 43 hatte
560 112 91 42 zuerſt
674 110 47 33 ein
743 108 173 43 ſchwieriges
928 107 138 34 Concert⸗

98 162 68 43 ſtück
185 161 105 43 ſpielen
310 160 115 41 wollen,
446 159 69 40 aber
536 154 136 43 waͤhrend
695 162 31 25 er
746 151 170 44 präludirte,
939 150 50 43 fiel
1006 150 61 42 ihm

98 206 64 34 M
182 206 59 35 i
262 204 96 41 Velch.
377 200 169 42 Nalieniſche
567 197 136 36 Melodie
723 197 56 43 ein,
799 195 58 35 und
879 193 134 42 während
1037 202 29 24 er

98 250 39 42 fie
158 247 107 45 ſiclle
286 245 135 42 verend
443 243 131 35 Weruec
597 240 137 44 ärgerlich
756 240 56 33 mit
833 240 63 32 dem
911 238 67 42 Juß
1002 236 63 42 auf

98 297 77 38 Kat
220 291 74 42 ſeine
333 289 109 37 Gattin
484 287 55 34 mit
572 284 207 44 veraͤchklichem
813 280 170 42 Aufwerfen
1015 280 51 33 des

99 335 138 35 Mudes
258 333 66 44 leiſe
344 333 45 34 die
410 331 161 43 Schultern
594 331 100 42 zuckle,
716 329 99 38 beugte
836 325 49 42 ſich,
906 325 51 33 der
978 324 88 43 Fürſt

98 378 145 44 lauſchend
277 378 67 34 weit
377 384 54 26 vor
466 374 60 35 und
553 373 33 34 in
606 372 145 35 Bianca's
772 369 102 42 Zügen
896 367 171 43 ſchimmerte

98 423 98 43 iche
214 422 163 42 Entzucken.
420 418 149 42 Vielleicht
587 418 78 41 hatte
684 414 51 33 der
748 411 135 35 Kuͤnſtler,
904 411 53 41 aarf
979 405 88 52 ſeiner

98 467 72 41 noch
187 467 100 40 farzen
310 465 69 33 aber
400 462 184 43 ruhmvollen
596 457 150 43 doufbahn,
768 456 52 33 viel
838 455 227 42 Schmierigeres

99 508 124 44 fpiclend
244 507 204 43 Werwunden
470 504 122 42 kechniſch
604 501 77 43 ſchon
695 500 136 41 Beſſeres
844 497 132 44 geleiſtet,
999 498 68 34 aber

99 553 49 35 e
173 552 79 43 te
274 561 38 25 E
321 551 72 42 Wch
417 550 27 41 ſo
466 549 50 41 auf
538 547 43 33 die
603 544 114 35 Seelen
740 543 89 41 ſeiner
849 542 136 43 Zuhorer
1008 541 59 33 ein⸗

101 595 122 44 gewiekl
267 595 65 35 Die
364 593 139 42 enfachen
524 588 207 42 Variationen,
764 587 56 33 mit
847 586 90 33 denen,
960 594 31 25 er
1012 584 54 34 das

100 640 114 43 Berio
252 639 123 42 umgab-
417 633 107 45 ſtahlen
557 633 49 42 ſich,
641 632 56 34 wie
731 629 174 44 wehmüthig
939 627 129 44 lagende

101 684 160 35 Siimnen
353 680 80 43 Jjedes
463 679 86 44 Herz.
598 674 91 44 Wohl,
719 683 100 25 waren
850 673 115 40 manche
997 672 72 41 recht

101 727 83 44 e
212 724 148 44 muchterne
381 723 149 41 darunker,
552 722 66 32 aber
641 718 66 42 auch
728 719 33 33 in
781 717 65 34 dem
867 716 118 42 älteſten
1009 716 57 32 und

99 771 237 40 Cccrocnecften
370 768 54 33 wie
456 766 33 33 in
516 765 64 33 dem
607 763 139 41 jüngflen,
780 760 152 43 friſcheſten
954 759 113 44 Herzen

99 815 77 43 gelt
196 820 32 27 S
249 812 60 34 eine
331 810 110 39 Stelle.
462 808 37 42 ſei
521 813 32 29 es
576 807 62 33 eine
658 806 73 33 liebe
753 804 197 42 Erinnerung.
974 803 36 39 ſei
1033 808 32 28 es

100 859 61 34 Ane
194 857 55 34 Mit
279 857 114 40 vangen
424 852 163 44 Jhnungen
620 850 115 42 gehegte
755 848 163 45 Hoffnung,
952 847 45 32 die
1019 846 48 34 der

99 902 104 33 Siaub
223 901 50 32 der
285 897 203 43 Alltäglichkeit
509 895 71 42 nicht
603 903 74 33 ganz
700 902 35 33 zu
758 891 160 34 uͤberdecken
940 898 126 33 vermag,

99 945 60 34 ind
193 948 58 29 aus
286 942 87 41 dieſer
394 940 100 35 Stelle
515 939 114 34 weckten
650 937 46 33 die
717 936 84 34 Töne
823 934 31 34 in
876 934 77 40 jeder
974 934 94 42 Bruſt

100 989 46 33 ein
172 987 86 40 leiſes
280 986 88 40 Echo!

185 1029 118 42 Nochte
318 1028 133 34 Werneck
473 1026 115 42 nachher
609 1024 66 41 noch
700 1023 28 39 jo
750 1022 76 42 jchön
847 1021 61 34 und
928 1020 140 34 vollendet

98 1074 106 42 jpielel
235 1082 107 24 —er
374 1072 70 40 fand
475 1070 54 33 den
558 1068 108 41 rechten
687 1066 114 40 Beifall
833 1064 80 43 nicht.
942 1059 125 50 Erich's

99 1117 93 42 Spiel
213 1122 69 37 trug
303 1116 52 33 den
378 1115 80 41 Sieg
480 1114 102 32 davon.
605 1129 41 6 —
667 1109 78 42 Nach,
767 1109 65 33 dem
844 1109 142 33 Concerte,
1007 1111 61 29 trat

99 1162 51 33 der
170 1161 90 43 Fuͤrſtꝰ
291 1160 53 41 auf
371 1159 54 42 ihn
459 1166 44 33 zu,
535 1155 55 34 mit
620 1154 94 33 voller
736 1151 121 36 Wärme
884 1151 75 36 feine
980 1151 87 44 Hand

100 1204 174 43 ergraͤfend:
318 1202 80 42 „Sie
434 1202 88 42 haͤben
556 1199 59 33 mir
649 1198 108 41 großen
780 1196 106 40 Genuß
920 1195 146 41 bereſtet,

99 1249 77 41 ſadle
199 1258 40 32 er/
273 1247 171 43 „größeren/
477 1243 49 34 als
547 1242 37 42 ich
608 1241 182 41 ausjprechen
811 1240 80 33 kann.
936 1238 132 42 Nehmen

99 1292 61 34 Sie
193 1290 114 35 meinen
339 1288 155 43 herzlichen
513 1286 90 34 Dank
624 1285 97 41 dafür,
755 1283 80 45 Herr
855 1282 142 42 Wolitzkv,
1030 1282 37 41 ich

100 1336 90 43 hoffe,
213 1334 61 35 Sie
294 1335 31 33 in
347 1334 50 33 der
420 1331 137 42 Reſidenz
580 1329 66 41 noch
669 1328 76 41 öfter
767 1337 36 32 zu
824 1327 121 38 Hren!«
980 1320 86 51 Auch

101 1389 36 32 zů
157 1378 133 34 Werneck
311 1376 92 42 ſprach
426 1385 30 24 er
479 1374 89 42 einige
589 1372 211 34 anertennende
820 1369 112 43 Worte,
955 1370 112 32 wandte

100 1423 50 42 ſich
173 1423 68 33 aber
262 1420 63 42 doch
347 1420 105 34 wieder
474 1428 35 33 ʒu
524 1416 140 42 Wolitzty.
709 1414 109 35 Bruno
840 1413 98 34 wollte
952 1412 116 35 Biancg

101 1466 56 34 mit
179 1466 50 40 ſich
250 1464 167 42 fortziehen,
450 1463 67 32 aber
540 1462 36 38 ſie
599 1459 47 42 ſah
668 1459 165 40 bittend
797 1452 45 58 zu
854 1458 62 41 ihm
938 1457 52 39 auf
1013 1456 56 33 und

100 1509 128 42 flüſterte
261 1507 81 41 leife:
388 1505 78 42 „Laß
486 1504 78 40 mich,
595 1503 80 39 Eitte,
703 1501 51 41 laß
774 1501 69 41 mich
864 1501 51 35 ihn
940 1500 129 41 anſehen,

100 1563 31 23 et
165 1553 97 39 ſpielte
297 1552 27 39 jo
358 1550 86 40 ſchön,
482 1548 54 33 wie
569 1546 67 41 ich's
672 1555 53 31 gar,
759 1545 71 39 nicht
855 1544 83 40 ſagen
964 1544 103 32 kann!«

97 1595 110 36 Bruno
239 1593 106 43 machte
379 1593 62 32 eine
474 1590 101 41 leichte,
611 1588 191 42 ungeduldige
823 1587 179 41 Bewegung,
1026 1586 42 32 die

97 1639 107 34 lauen
235 1637 103 42 Augen
370 1635 113 42 warfen
517 1633 79 34 einen
629 1631 120 42 falſchen
784 1630 75 41 Blitz
894 1630 52 39 auf
978 1629 89 41 GEich,

98 1684 69 33 Mer
188 1682 49 33 der
260 1681 92 41 ſehoͤne
364 1679 103 34 Mund
488 1676 114 41 lächelte
622 1676 59 33 und
705 1685 31 23 er
759 1675 74 32 blieb
855 1675 101 39 ſtehen.
1001 1672 66 34 Der

99 1727 86 42 junge
208 1725 135 42 Kümftler
366 1722 92 43 fühlte
479 1721 82 42 mehr
583 1720 51 33 des
657 1718 162 40 Mädchens
842 1711 222 51 bewundernden

97 1769 89 41 Blic,
218 1767 51 36 als
303 1777 31 24 er
365 1767 52 41 ihr
449 1765 64 42 ſah;
548 1769 45 28 er
612 1762 93 42 fühlte
736 1762 52 42 ihn
817 1771 37 23 an
876 1763 65 31 dem
962 1760 105 33 wilden

97 1812 127 42 Klopfen
246 1812 90 40 jeines
358 1810 144 45 Herzens,
523 1808 50 33 als
595 1816 32 24 er
646 1806 49 41 ſich
722 1814 66 33 zum
807 1805 90 40 erjten
907 1803 90 34 Male,
1019 1804 48 32 der

98 1856 144 40 eblichen
276 1854 190 42 Erſchaͤnung
500 1851 27 41 ſo
560 1851 73 42 nahe
666 1849 112 40 befaͤnd.
835 1848 77 43 Jetzt
945 1847 122 41 rauſchte

99 1901 65 41 auch
187 1900 85 43 Frau
294 1898 134 34 Werneck
447 1897 98 41 näher,
566 1894 45 33 die
631 1893 153 42 Lorgnette
800 1900 53 25 vor
875 1893 55 32 den
949 1890 118 43 Augen:

99 1944 107 42 echt
235 1942 86 43 ſchön,
353 1939 151 41 wirklich.
538 1938 75 42 ſagte
635 1938 38 41 ſie
694 1935 152 43 nachläſſig
868 1945 36 32 zu
926 1934 140 42 Wolitzte

97 1987 136 44 dahrend
254 1986 50 34 der
325 1985 89 43 Farſt
435 1984 55 33 mit
511 1982 64 34 dem
596 1979 234 44 Buͤrgermeiſter
852 1978 102 43 ſprach.
993 1978 74 43 Jch

98 2032 72 42 habe
195 2030 108 45 Jhnen
335 2028 68 42 noch
440 2027 46 34 ein
520 2026 107 33 kleines
649 2022 279 46 Familienereigniß
961 2022 106 40 mitzu⸗

101 2073 136 45 heilen
270 2073 74 42 jetzte
370 2073 44 42 ſie
450 2073 79 31 dann
559 2068 95 44 hinzu
689 2086 41 4 —
763 2066 62 34 Die
847 2065 103 34 Worte,
983 2064 84 41 fielen

97 2118 138 42 faͤngfain
257 2125 59 26 von
334 2116 82 36 ihren
440 2113 114 43 Lippen.
577 2112 50 33 als
648 2110 187 41 widerſetzten
856 2109 49 41 ſich
927 2109 80 41 dieſe,
1032 2109 36 41 ſie

99 2160 284 44 auszuſprechen
411 2158 99 41 mein
530 2156 92 40 Sohn
643 2155 53 42 hat
718 2155 50 40 ſich
789 2155 81 41 heute
891 2154 57 31 mit
969 2146 98 53 Fräu⸗

94 2205 61 34 lein?
186 2204 120 35 Bianca
338 2203 132 39 Dernot,
510 2201 49 32 der
592 2199 121 38 Tochter
748 2199 52 32 des
824 2206 111 31 armen,
976 2196 91 33 leider

96 2248 219 44 geiſteskranken
349 2245 178 44 ehemaligen
555 2243 175 34 Secretairs
764 2240 88 42 ſeiner
874 2239 194 39 Durchlaucht

96 2290 148 36 derlobt!?
289 2289 64 36 Die
383 2289 89 42 junge
494 2287 102 35 Braut
618 2285 141 41 erröthete
781 2284 60 41 tief,
864 2283 48 33 als
934 2282 133 43 Wolizty

95 2338 65 32 dem
191 2335 104 40 Baare
328 2333 94 41 ſeinen
455 2329 198 40 Glückwunich
687 2328 161 40 ausiprach.
906 2327 76 43 „Jch,
1018 2326 48 33 bin

95 2378 114 43 doppell
233 2376 152 45 glücklig,«
409 2374 137 35 bemerkte
565 2373 44 34 die
622 2372 111 42 Kleine,
755 2372 151 40 ſchüchtern
926 2380 35 31 dit
976 2370 91 36 ihrem

96 2423 161 34 Berlobten
280 2420 160 43 aufſehend,
464 2419 75 41 daß
560 2417 38 41 ich
621 2417 67 38 heut
711 2415 27 40 ſo
751 2414 58 35 viel
820 2414 135 42 Schönes
968 2414 97 41 hören,

96 2467 82 33 einen
201 2464 134 42 kruͤnſtler
359 2465 115 32 kennen
506 2461 99 34 lernen
638 2459 134 41 durfte
754 2454 29 56 ?
815 2458 81 42 Erich
917 2459 150 40 verbeugte

92 2511 50 42 ſich
165 2509 172 43 ſchweigend.
382 2506 46 34 Es
451 2514 65 26 war
535 2506 62 39 ihm
619 2504 73 41 nicht
713 2502 136 43 möglich,
873 2502 64 32 dem
959 2501 108 42 jungen

92 2552 187 45 hnungelos
302 2551 160 43 glücklichen
474 2547 136 42 Geſchöpf
630 2547 46 33 ein
694 2546 86 42 Baar
790 2544 187 44 gewöhnliche
989 2544 77 45 Höf⸗

92 2595 243 44 lichkeitzphrajen
358 2604 36 34 zu
415 2593 142 35 erwidern
578 2592 59 32 und
660 2591 78 41 hätte
760 2599 31 24 er
814 2589 84 41 ſagen
919 2589 58 32 und
993 2590 73 35 thun

93 2640 111 42 duͤrfen,
227 2638 54 35 wie
305 2638 57 42 jein
406 2647 46 32 Herz
476 2637 59 33 und
558 2637 62 33 eine
629 2637 91 40 bange
733 2634 126 42 Ahnung
870 2632 51 42 ihn
935 2633 129 41 drängte,

96 2684 27 39 ſo
142 2684 79 42 hätte
243 2691 31 26 er
294 2683 54 34 das
371 2681 124 42 uͤebliche
507 2678 101 42 Weſen
630 2678 51 41 feſt
703 2688 39 23 an
757 2676 71 42 ſeine
840 2676 95 41 Bruft
945 2685 120 34 gezogen

95 2726 58 34 und
175 2727 133 42 gerufen:
329 2725 130 40 Armes
472 2723 86 41 Kind,
577 2721 58 35 Du
656 2722 55 40 biſt
732 2730 57 24 nir
810 2721 54 33 dos
873 2720 98 40 Dpfer
984 2719 81 34 eines

95 2769 269 43 wohldurcdachten
381 2768 131 42 Blanes!
554 2766 93 44 Zolge
668 2764 74 41 nicht
758 2765 64 33 dem
838 2762 227 43 ſelbſtfüchtigen,

94 2812 103 43 eitlen,
219 2812 117 43 fulſchen
357 2811 219 44 Bräutigam
555 2802 39 57 e
609 2809 60 34 Am
705 2808 151 43 folgenden
878 2806 83 43 Tage
988 2806 76 41 ſchon

94 2856 83 43 reiſte
197 2854 82 41 Erich
341 2858 15 32 .
400 2856 42 34 Er
477 2854 101 43 fühlte,
610 2853 56 41 daß
698 2853 52 32 des
778 2851 148 42 ſeltſamen
950 2850 113 41 ſchönen

93 2899 164 50 Mädchens
279 2898 72 34 Bild.
383 2900 51 40 ihn
457 2901 65 41 noch
544 2897 99 43 lange,
678 2896 85 42 lange
786 2895 148 41 verfolgen,
957 2894 106 42 würde,

92 2946 69 32 aber
184 2951 45 24 ein
257 2941 135 41 mitzloſes
413 2942 135 35 Trauern
565 2950 51 25 um
638 2944 94 30 etwas
754 2938 159 41 unbedingt
922 2937 141 35 Verlore⸗

90 2992 55 29 nes
178 2986 60 34 und
259 2984 239 42 Unerteichbares
519 2984 49 40 lag
588 2984 72 42 nicht
680 2984 33 32 in
736 2983 90 40 ſeiner
849 2981 114 43 friſchen
984 2982 79 42 that⸗

1084 1289 7 11 4

1117 104 140 42 kräftigen
1279 102 235 35 Mannesnatur.
1557 99 53 44 Jn
1642 99 50 34 der
1714 97 92 44 ſtillen
1828 97 101 43 Nacht,
1963 99 44 34 die
2027 102 66 35 dem

1118 148 144 34 Concerte
1287 145 100 44 folgte,
1422 144 76 42 ſagte
1519 152 30 26 er
1572 143 51 42 ſich
1642 142 126 43 ruhiger,
1798 141 55 35 wie
1877 141 119 42 thöricht
2017 143 73 40 ſeine

1117 191 192 41 ſonderbaren
1330 189 164 42 Ahnungen
1525 187 34 33 in
1580 186 104 43 Bezug
1713 184 51 43 auf
1785 184 145 35 Bianca's
1954 185 139 44 Schickſal

1118 244 40 24 an
1180 236 49 32 der
1252 234 88 33 Seite
1362 233 52 33 des
1435 231 108 42 jungen
1554 229 134 34 Werneck
1709 229 80 41 ſeien.
1834 227 188 45 Berechnung
2032 228 61 38 und

1118 278 155 42 Eigenmutz
1293 276 124 43 wohnen
1438 274 86 43 jamn
1545 273 29 41 ſo
1584 273 132 43 manchex
1729 271 232 44 Menſchenſeele,
1975 268 117 41 warum

1117 322 81 41 ſollte
1230 322 55 33 das
1318 322 154 38 verarmke,
1506 317 166 35 verbitterte
1693 315 210 42 Künſtlerpaar
1937 316 73 43 nicht
2030 318 63 35 eine

1117 365 193 41 Verbindung
1339 364 81 42 ihres
1443 361 126 43 Sohnes
1590 361 57 33 mit
1668 361 65 32 dem
1755 359 114 42 ſchönen
1890 359 203 44 Fürſtenkinde

1119 408 156 43 gewünſcht
1293 407 61 34 und
1377 406 162 42 angebahnt
1561 404 101 43 haben,
1684 404 65 41 das,
1770 411 85 25 wenn
1867 403 65 42 auch
1943 403 48 33 nie
2002 403 91 45 Rang

1117 453 60 34 uͤnd
1200 452 117 34 Namen
1335 450 93 41 ſeines
1450 449 113 33 Vaters
1584 447 205 43 beanſpruchen
1811 447 108 42 konnte,
1942 446 63 43 doch
2015 448 78 44 wohl

1118 496 48 34 ein
1187 496 104 41 reiches
1302 493 198 46 Heirathsgut
1521 500 58 25 von
1601 492 65 32 dem
1681 489 216 44 vermögenden/
1919 490 173 40 kinderloſen

1119 539 81 35 alten
1211 538 100 45 Herrn
1334 536 131 43 erhalteñ
1484 535 114 42 mochte.
1643 533 116 36 Konnte
1779 535 108 33 darum
1896 533 109 35 Brun
2012 534 81 44 ſelbſt

1117 585 71 33 aber
1224 583 73 41 icht
1324 581 55 34 das
1414 578 124 39 liebliche
1572 577 140 42 Geſchöpf
1744 586 56 25 von
1834 586 120 33 ganzem
1976 577 117 44 Herzen

1118 626 103 42 lieben,
1245 626 58 35 und
1326 624 85 34 liebte
1434 623 38 43 ſie
1482 623 55 33 den
1550 621 162 35 Verlobten
1724 620 71 42 nicht
1807 621 150 41 ebenfalls.
2001 620 92 46 Hatte

1118 671 74 39 nicht
1214 670 81 41 Erich
1318 669 81 42 ſelbſt
1420 665 218 43 mitangeſehen,
1659 665 34 33 in
1715 663 114 43 welcher
1841 663 93 42 Weiſe
1955 665 60 33 und
2036 666 58 33 wie

1117 714 75 40 raſch
1216 715 44 33 die
1283 712 79 35 Liebe
1383 712 34 33 in
1437 711 46 41 ihr
1506 709 106 42 ſunges
1634 708 80 44 Herz
1736 709 169 41 eingezogen
1927 708 86 42 ſchien
2033 705 61 37 und

1118 758 95 42 ihrem
1246 766 117 33 ganzen,
1397 754 131 42 ruhigen,
1561 752 93 34 kalten
1674 751 103 41 Weſen
1798 752 55 33 den
1875 751 142 43 Stempel
2037 753 56 42 echt

1119 801 199 42 frauenhaͤfter
1339 797 169 42 Lieblichkeit
1541 796 57 34 und
1620 795 152 43 Weichheit
1800 795 174 43 aufgeprägt
1993 796 101 41 hatte?

1117 844 93 45 Hatte
1234 853 30 25 er
1287 844 37 41 ſie
1346 842 73 41 nicht
1440 850 39 24 an
1500 841 93 41 jenem
1618 840 90 41 erſten
1718 839 100 34 Abend,
1840 839 54 33 wie
1911 839 61 34 eine
1984 839 108 44 keuſche,

1119 887 147 44 Fleichſam
1298 886 80 42 farb⸗
1414 884 60 34 und
1496 883 122 40 duftloſe
1640 882 120 43 Knospe
1780 882 142 43 gefunden
1944 883 58 33 und
2025 883 68 42 hent

1119 932 55 33 wie
1206 941 36 32 zu
1275 927 212 36 wundervoller
1509 926 160 43 Schönheit
1707 926 140 41 entfaltet.
1890 924 111 43 Mußte
2021 926 74 42 nicht

1119 976 49 33 der
1191 971 222 43 Sormenſtrahl
1444 972 49 32 der
1516 969 79 34 Liebe
1629 970 55 33 das
1720 969 113 33 bewirkt
1860 970 115 39 haben?
2008 970 86 41 „Und

1119 1027 85 26 wenn
1227 1020 38 39 ſie
1285 1018 54 32 den
1360 1015 160 35 Verlobten
1542 1013 85 34 liebte
1648 1013 60 32 und
1730 1023 30 23 er
1782 1012 74 41 ſeine,
1876 1012 112 42 Braut,
2009 1021 85 26 wenn

1118 1063 52 33 der
1191 1062 97 42 Fuͤrſt,
1321 1060 54 33 wie
1398 1064 34 28 es
1455 1057 93 42 ſchien,
1580 1057 147 41 zufrieden,
1749 1065 62 24 war
1827 1056 57 33 mit
1904 1055 89 42 dieſer
2014 1056 78 34 Ver⸗

1138 1106 110 41 induͤng
1269 1124 41 3 —
1330 1109 66 28 was
1419 1101 87 43 fehlte
1529 1111 36 32 zu
1585 1101 96 41 ihrem
1694 1099 124 36 Glücke?
1832 1094 72 57 Mit
1903 1094 67 57 der
1982 1109 111 33 ganzen

1119 1149 91 40 Kraft
1230 1148 90 41 feiner
1340 1146 147 42 redlichen,
1518 1143 274 43 vorurtheilsfreien
1813 1143 101 34 Natur
1935 1145 159 33 rerbannte

1120 1193 82 41 Erich
1228 1193 45 33 die
1295 1192 105 33 immer
1423 1187 235 43 wiederkehrende
1680 1187 172 41 Abneigung
1874 1196 87 34 gegen
1982 1187 110 35 Bruno

1120 1236 90 43 ſelbſt,
1236 1235 57 35 und
1315 1234 97 43 zuletzt
1435 1232 104 44 gelang
1559 1236 33 29 es
1613 1232 62 42 ihm
1698 1231 94 42 beſſer.

1185 1279 60 34 Als
1268 1279 48 33 der
1335 1277 211 42 Moͤrgenwind
1568 1277 56 31 das
1645 1275 89 41 junge
1744 1272 139 38 Getreide
1901 1274 123 40 bewegte
2034 1273 62 34 und

1119 1325 45 33 die
1185 1322 116 43 Lerchen
1334 1322 49 41 ſich
1417 1320 222 42 aufſchwangen,
1661 1318 51 33 da
1744 1317 75 42 jagte
1854 1326 31 24 er
1916 1316 49 34 der
1987 1316 106 34 kleinen

1120 1368 98 34 Stadt
1240 1366 57 34 mit
1315 1366 120 42 ruhiger
1456 1362 156 43 Wehmuth
1635 1361 155 41 Lebewohl,
1811 1359 76 39 nicht
1907 1360 120 42 ahnend,
2038 1360 56 42 daß

1120 1412 33 33 in
1185 1409 157 39 demſelben
1365 1408 150 41 Moment,
1549 1406 48 33 als
1634 1405 60 40 ſein
1724 1404 90 42 letzter
1836 1403 81 35 Blick,
1950 1404 55 33 das
2035 1410 58 27 von

1121 1454 185 35 blendendem
1328 1449 221 43 Sonnenſtrahl
1570 1449 181 43 übergoſſene
1774 1447 59 34 alte
1850 1446 111 42 Schloß
1984 1447 110 42 grüßte,

1121 1498 118 35 Bianea
1260 1497 120 33 Dernot
1402 1505 53 23 vor
1476 1496 64 31 dem
1563 1492 90 36 Bildẽ
1674 1493 53 39 des
1748 1492 131 41 Prinzen
1923 1500 57 33 Hugo
2003 1490 89 42 ſtand,

1121 1543 59 32 und
1202 1541 51 33 des
1276 1540 107 41 jungen
1396 1537 153 41 Künſtlers
1572 1536 135 43 gedachte,
1729 1536 48 31 der
1799 1534 90 39 dem
1915 1535 75 31 ſchönen
2002 1533 91 41 Brin⸗

1120 1595 52 31 zen
1205 1584 29 39 ſo
1263 1583 108 41 ähnlich
1395 1582 48 40 ſah
1465 1581 59 32 und
1546 1581 49 31 der
1616 1579 46 32 die
1685 1579 84 39 ſuͤßen
1790 1576 116 40 Weiſen.
1927 1576 81 41 ihres
2031 1576 62 35 Ge⸗

1120 1626 193 36 durtslandes
1335 1625 28 40 ſo
1388 1625 50 40 füß
1460 1625 57 31 und
1538 1623 128 40 rührend
1688 1620 116 44 geſpielt
1824 1620 94 40 hatte!
1940 1620 68 33 Der
2025 1621 69 33 aber

1119 1671 70 42 fuhr
1212 1671 148 33 vorwaͤrts
1383 1669 32 33 in
1437 1668 44 33 die
1502 1666 137 41 lachende,
1662 1666 145 41 grinende
1829 1662 83 35 Welt
1934 1663 105 43 hinein,
2057 1664 36 33 da

1119 1716 130 39 draͤußen
1272 1714 95 33 wollte
1390 1722 32 23 er
1445 1712 30 32 in
1496 1708 148 43 raſtlojem
1667 1709 134 33 Streben
1822 1707 152 43 vergeſſen,
1996 1707 97 33 wollte

1119 1759 59 41 ſein
1199 1757 80 45 Herz
1301 1756 139 42 zwingen,
1464 1754 70 42 nicht
1555 1753 82 41 mehr
1660 1752 35 32 in
1715 1751 105 42 leiſem.
1844 1749 250 44 hoffnungsloſem

1119 1802 75 38 Weh
1227 1811 36 32 ʒu
1297 1801 128 40 erheben,
1459 1807 83 24 wenn
1568 1798 42 32 die
1634 1796 157 42 Phantaſie
1813 1795 61 41 ihm
1896 1794 61 33 eine
1978 1794 116 42 goldene

1120 1843 322 42 Mädchenerſcheinung
1472 1842 187 41 vorzauberte
1688 1839 55 34 mit
1767 1837 191 44 ſtrahlendem
1979 1837 112 41 Antlit,

1118 1899 59 25 don
1198 1887 199 42 Veilchenduft
1418 1885 135 42 uͤmweht,
1575 1883 136 35 Veilchen
1728 1882 33 33 in
1782 1885 55 30 den
1859 1881 119 34 durklen
1989 1880 103 34 Locken.

1118 1933 84 38 Nicht
1237 1932 57 40 ſein
1326 1930 96 34 Vater
1455 1928 79 37 ſollte
1567 1928 95 33 davon
1697 1926 135 42 erfahren
1862 1944 42 5 —
1937 1924 153 34 Niemand.

1119 1977 99 33 Allein
1240 1976 96 33 wollte
1359 1984 32 23 er
1412 1974 55 32 den
1489 1973 89 39 erſten
1599 1969 206 41 Lebenskampf
1827 1968 175 41 ausfechten,
2036 1968 55 33 und

1119 2020 92 42 rüſtig
1232 2018 82 35 dabei
1335 2019 151 32 vorwärts
1499 2011 120 68 jchauen
1645 2015 32 32 in
1699 2016 56 30 das
1776 2012 124 42 kuͤnftige
1922 2010 97 35 Leben.

1602 2080 19 19 E

1186 2105 130 34 Monate
1347 2104 61 38 ſind
1440 2102 85 39 dahin
1558 2110 131 34 gezogen.
1734 2100 72 33 Seit
1839 2099 110 41 Erichs
1978 2097 114 41 Abreiſe

1119 2151 92 39 haben
1233 2150 45 32 die
1288 2147 133 41 Veilchen
1444 2146 101 33 wieder
1569 2145 116 43 Zebluͤht
1705 2144 59 33 und
1776 2143 60 41 ſind
1847 2141 142 43 verblüht
2032 2141 60 44 Jm

1119 2194 215 40 Schloßgarten
1357 2192 69 40 ſteht
1447 2190 128 41 zwiſchen
1598 2190 53 31 den
1676 2187 212 40 Roienbüjchen
1910 2186 43 34 die
1975 2184 116 42 ſchlenke

1119 2237 71 34 Lilie
1220 2237 57 32 Mit
1307 2236 81 37 ihren
1412 2233 223 41 ſilberfarbenen
1657 2230 265 35 Blumenblättern
1943 2229 59 33 und
2024 2229 68 33 über

1117 2283 67 31 dem
1214 2278 258 43 tiefen
1303 2268 29 57 ·
1331 2278 141 43 Brunnen
1503 2277 43 32 im
1569 2276 78 44 Hofe
1672 2274 133 41 rauſchen
1824 2273 61 34 und
1906 2273 122 41 ſliſtern
2049 2272 42 33 die

1118 2323 221 43 dichtbelaubten
1364 2322 218 40 Lindenbäume
1611 2320 62 32 und
1693 2319 191 33 betäubender
1907 2316 83 40 Duft
2010 2315 81 41 riecht

1118 2378 40 24 an
1180 2369 53 32 den
1254 2365 101 43 ſtillen,
1379 2365 200 41 verhangenen
1592 2362 141 45 Fenſtern
1755 2362 60 41 hin,
1838 2360 50 34 als
1911 2360 85 33 wolle
2008 2369 32 23 er
2049 2359 41 32 die

1117 2411 156 42 Menſchen
1305 2418 57 26 von
1393 2409 124 33 drinnen
1545 2405 212 44 herauslocken,
1792 2405 49 32 all
1864 2404 46 33 die
1930 2403 107 35 Gaben
2057 2410 33 33 zu

1118 2455 150 43 geniezen,
1302 2454 43 32 die
1366 2453 51 33 der
1439 2451 169 42 prachtvolle
1631 2448 321 41 Sommernachmittag
1973 2447 33 33 in.
2028 2454 61 25 ver⸗

1118 2496 234 45 ſowenderiſcher
1363 2496 88 44 Fülle
1463 2498 75 31 beüt.
1553 2494 79 34 Aber
1644 2493 44 34 die
1701 2491 239 35 mattblinkenden
1950 2488 138 44 Spiegel⸗

1118 2543 118 40 ſcheiben
1259 2541 114 34 werden
1394 2540 73 40 nicht
1490 2538 140 43 geöffnet;
1654 2542 32 28 es
1711 2536 86 33 bleibt
1810 2535 87 33 Alles
1908 2534 65 42 ſtill.
2017 2533 71 34 Das

1116 2587 89 42 große
1228 2585 137 35 Gebaͤude
1400 2584 70 41 ſteht
1502 2582 103 34 wieder
1640 2579 109 41 einſam
1769 2598 42 5 —
1844 2577 123 44 uhelos
1989 2577 35 42 iſt
2043 2576 47 33 der

1116 2631 91 43 Fuͤrſt
1228 2629 103 33 wieder
1353 2627 231 43 hinausgezogen
1603 2624 31 34 in
1657 2624 44 34 die
1724 2624 81 33 weite
1816 2621 92 43 Welt,
1932 2620 49 41 ſeit,
1999 2621 91 40 enem

1117 2675 93 40 Zage,
1231 2674 38 32 da
1290 2671 116 35 Biauca
1424 2669 122 34 Dernol
1566 2669 32 33 in
1618 2669 51 32 der
1682 2666 213 41 Schloßfapelie
1914 2665 58 33 mit
1982 2664 108 33 Brune

1116 2717 133 34 Berrec
1270 2720 116 39 getraut
1407 2714 118 33 worden
1547 2712 41 43 iſt.
1634 2711 69 35 Der
1716 2711 88 44 Fürſt
1826 2710 52 42 hat
1898 2709 65 33 dem
1984 2707 107 42 jungen

1116 2763 101 40 Paare
1238 2760 48 32 ein
1307 2758 130 43 hübſches
1460 2757 129 42 Landgut
1610 2755 33 34 in
1666 2757 50 31 der
1738 2754 82 43 Rähe
1840 2762 71 34 zum
1916 2745 174 54 Hochzeits⸗

1116 2804 123 44 geſchenk
1261 2802 130 44 genacht,
1427 2801 38 34 da
1487 2800 109 34 Brimo
1619 2800 70 40 ſtets
1711 2800 66 31 dem
1797 2796 160 35 Landleben
1960 2786 129 53 geneigt

1115 2848 136 42 deiefen,
1283 2847 59 33 und
1375 2846 78 41 jchen
1485 2842 182 43 ökenomiſche
1691 2842 131 34 Studien
1861 2838 123 44 gemacht
2005 2831 81 51 hatte.

1096 2876 112 58 Barm
1219 2893 86 32 aber
1327 2897 63 27 war
1413 2898 32 24 er
1467 2888 66 42 nach
1555 2888 114 41 kurzem
1689 2884 107 43 Beſuch
1818 2885 44 32 bei
1885 2883 52 32 den
1957 2880 132 49 Neuver⸗

1115 2935 139 43 maͤhlten,
1288 2934 44 33 die
1360 2933 49 41 ſich
1431 2932 90 40 ſeiner
1544 2931 97 41 Guiſt
1664 2930 28 40 ſo
1715 2929 62 41 ſehr
1799 2927 154 41 erfreuten⸗
1973 2917 116 51 wieder

1115 2980 146 43 abgereiſl.
1306 2975 185 41 Vereinſamt
1513 2975 70 40 liegt
1602 2974 57 32 das
1675 2971 113 42 Schloß
1798 2969 137 36 inmitten
1945 2967 143 33 Sonnen⸗
