3439 5222
35 210 100 51 ijwer
166 211 11 42 i
207 212 115 50 Paris
354 211 35 50 af
418 212 36 37 de
485 209 83 50 fraͤn
598 208 196 52 Richmond
826 209 202 41 aͤterwände
1045 211 55 38 de⸗

35 270 181 47 puterade.

193 320 451 44 Walreformrörelſen
677 321 15 40 i
744 320 218 51 England.
1021 320 84 41 Wid

33 383 49 35 ett
111 378 152 50 meeting
294 376 11 40 i
333 372 261 54 Birmingham
625 378 68 49 har
724 378 64 40 den
814 378 140 39 bekante
971 375 137 52 Bright

32 434 161 52 nyligenl
231 433 74 39 aͤter
356 429 91 52 tagit
500 430 56 40 till
596 431 87 41 orda
728 432 56 50 för
835 437 54 35 att
937 432 81 49 yrka
1061 430 45 50 paͤ

34 488 204 51 delaktighet
267 486 11 39 i
309 487 63 38 den
403 485 162 51 politiſka
597 488 194 40 walrätten
821 487 55 50 för
907 487 52 51 ſex
989 485 118 49 miljo—

34 556 62 27 ner
127 543 227 51 engelsmän,
394 540 73 49 ſom
499 542 56 49 för
585 545 241 38 närwarande
857 545 63 37 äro
951 541 158 49 derifrän

33 598 186 52 uteſlutne.
278 595 64 41 Wi
371 596 102 48 wilia
505 600 77 48 här,
615 599 87 49 efter
733 603 47 35 ett
810 599 140 38 reberat
981 596 55 39 till
1067 607 41 27 en

32 653 114 49 franſk
184 651 163 52 tidning,
393 654 131 48 anföra
561 652 106 53 ſlutet
705 653 36 50 af
778 655 90 49 hans
908 652 108 51 laͤnga
1058 651 51 49 och

34 707 148 52 kraftiga
214 708 65 39 tal.

88 762 101 50 „Om
178 755 58 63 en
296 763 211 51 engelsman
538 763 126 49 flyttar
699 787 43 4 —
778 762 76 50 ſade
885 763 69 48 han
987 785 21 3 —
1016 759 93 39 till

32 817 111 41 Goda
187 818 261 51 Hoppsudden,
495 818 35 49 ſaͤ
575 819 56 49 fuͤr
676 820 70 49 han
784 818 117 50 röſta;
947 828 55 27 om
1041 816 68 39 han

31 872 127 52 flyttar
188 873 56 40 till
289 873 220 49 Auſtralien,
547 873 58 50 jaͤr
649 875 70 49 han
764 874 109 49 röſta;
934 882 55 28 om
1041 871 68 48 han

32 929 128 51 flyttar
199 929 54 40 till
293 928 169 51 Canada,
494 929 56 48 faͤr
581 931 70 48 han
682 928 113 52 röſta;
840 929 53 37 det
924 928 39 37 är
994 924 115 47 endaſt

35 984 56 42 uti
121 987 94 48 hans
246 989 79 47 eget
356 985 96 49 land,
493 984 44 50 paͤ
569 986 93 49 hans
694 996 84 38 egen
808 983 107 48 mark,
947 982 59 37 der
1036 981 70 48 han

37 1043 41 37 är
118 1041 94 50 född,
257 1040 45 50 pa
342 1039 131 50 ſielfwa
505 1041 63 38 den
600 1038 88 51 jord,
734 1039 71 48 ſom
836 1039 69 48 han
935 1034 93 52 gijort
1057 1033 50 39 rik

37 1108 129 40 genom
206 1096 56 49 ſitt
300 1095 118 39 arbete
450 1095 52 49 och
532 1096 76 37 med
639 1094 57 50 ſitt
727 1094 135 39 anletes
893 1091 116 47 ſwett,
1054 1090 54 37 det

37 1155 41 36 aͤr
118 1152 90 39 blott
238 1153 58 37 der
327 1162 83 27 man
441 1150 203 50 förwägrar
675 1150 127 48 honom
832 1150 113 36 denna
977 1143 129 51 rättig—

1138 209 59 52 jag
1235 209 116 52 aldrig
1391 208 46 52 paͤ
1474 207 126 50 ſaͤdant
1637 205 68 51 ſätt
1735 203 181 51 mißfirma
1946 199 98 62 ming,
2084 198 123 64 lands—

1140 268 97 38 maͤn.
1298 265 79 51 Jag
1408 265 103 48 yrkar
1542 263 55 47 för
1628 265 74 36 dem
1734 256 243 54 pärättighet
1975 251 99 69 till.
2092 259 115 33 inträ—

1142 326 38 34 de
1219 332 127 39 genom!
1392 320 74 48 ſina
1506 317 284 49 repreſentanter,
1808 306 95 70 uti,
1902 306 71 70 det
2004 310 120 45 äldſta,
2156 308 55 36 det

1143 374 371 51 wördnadswärdaſte
1545 372 216 49 parlament,
1794 368 68 47 fom
1893 367 54 46 för
1972 363 239 40 närwarande

1144 430 164 50 exiſterar
1355 429 121 40 ibland
1515 426 217 50 menniſtor;
1778 423 50 49 och
1867 422 67 37 när
1971 420 36 37 de
2047 416 88 52 ſkola
2168 417 43 48 ha

1144 486 68 45 faͤtt
1257 487 115 37 denna
1417 481 184 51 rättighet,
1646 492 80 28 men
1765 478 54 39 icke
1857 476 108 49 förut,
2013 472 79 51 ſtull
2127 481 84 27 man

1145 543 74 37 med
1264 543 74 36 rätt
1384 541 114 36 kunna“
1544 536 97 50 fäga,
1687 539 53 35 att
1784 531 180 51 England,
2003 530 82 57 den,
2110 525 102 63 ſtolta

1145 597 145 38 modren
1322 594 54 49 för
1408 592 71 52 fria
1510 590 188 48 natibner,
1738 588 112 49 äfwen
1882 584 89 49 lielft
2001 585 41 36 är
2050 576 135 72 fritt.“

1202 673 50 5 —
1291 648 67 40 En
1402 659 116 29 man,
1558 646 88 44 ſom
1685 644 75 40 icke
1791 641 123 48 ſlagit
1945 639 64 43 ſin
2045 638 168 42 huſtru.

1147 705 58 40 En
1245 701 170 53 huſtruni
1453 700 117 48 Paris
1608 700 84 50 hade
1730 697 142 50 nyligen
1912 695 100 48 ſtämt
2052 692 49 49 ſin
2131 701 84 51 man

1146 761 96 50 inför
1281 757 133 50 poliſeu
1452 756 56 49 för
1546 757 54 37 det
1631 757 82 47 han,
1745 752 110 50 enligt
1891 751 132 48 hennes
2062 750 153 58 uppgift,

1147 818 86 48 hade
1264 811 116 53 gifwit
1410 812 111 49 henne
1554 810 139 49 örfilar,
1733 807 137 59 ſparkat
1901 808 108 57 henne,
2043 803 50 62 och
2124 811 91 55 miß—

1146 869 147 51 handlaͤt
1325 869 110 47 henne
1467 865 327 50 paͤmängahanda
1826 863 78 46 ſätt.
1950 858 85 40 Wid
2061 859 157 49 förhöret

1145 924 138 50 föreföll
1315 920 155 50 följande
1502 920 117 51 roliga
1651 919 96 48 ſcen:

1201 978 192 40 Mannen:
1416 968 51 36 —
1482 976 180 50 Säg'när
1683 972 58 51 jag
1770 973 63 48 har
1858 968 105 52 ſlagit
1988 967 69 52 dig,
2077 968 58 51 ſäg
2153 969 64 37 det.

1200 1033 182 49 Huſtrun:
1403 1055 50 4 —
1473 1030 92 40 Miu
1596 1041 84 28 man
1711 1030 65 48 har
1806 1028 108 37 redani
1947 1023 151 52 laͤnga
2130 1022 89 40 tider

1145 1087 227 51 mißhandlat
1404 1085 84 52 mig.

1199 1143 185 39 Mannen:
1404 1165 52 5 —
1468 1141 104 51 Säg,
1590 1142 68 36 när
1675 1137 57 52 jag
1750 1138 64 50 har
1831 1135 105 51 ſlagit
1953 1134 70 52 dig,
2042 1134 59 52 ſäg
2119 1135 99 38 bara.

37 1208 69 48 het,
152 1206 73 49 ſom
255 1205 12 40 i
305 1204 131 52 hwarje
475 1209 113 35 annaͤt
617 1204 165 50 ſamhälle
814 1201 35 50 af
878 1200 229 51 engelsmän,]
1199 1196 473 49 Domſtols-ordförauden:
1705 1216 51 5 —
1787 1192 89 40 Will,
1908 1190 43 62 ni.
1976 1189 194 62 tiga!.

39 1262 175 48 öfweraͤllt
244 1261 231 48 annorſtädes
506 1259 11 40 i
547 1259 165 50 werlden,
744 1257 98 52 fkulle
867 1255 79 50 friit
961 1253 145 52 medgif-
1198 1253 193 40 Mannen:
1426 1275 51 4 —
1510 1250 96 40 Men
1652 1252 69 47 hon
1760 1248 58 40 mä
1856 1247 42 39 daͤ
1940 1249 84 48 ſäga
2062 1248 68 37 när
2162 1257 59 39 jag

38 1324 78 33 was
146 1318 131 48 honom
309 1346 89 9 ...
1144 1312 64 49 har
1239 1307 105 53 ſlagit
1375 1308 123 49 henne.

93 1362 221 59 „Sſwerallt
344 1371 144 49 ſaͤledes,
519 1374 96 35 utom
647 1370 63 49 hos
741 1369 74 38 dem
845 1365 140 50 ſielfwe,
1025 1364 78 49 blif-]
1199 1363 182 51 Huſtrun:
1415 1362 86 49 Han
1533 1362 64 49 har
1629 1359 67 62 ſaͤlt
1726 1360 79 58 bort
1835 1357 73 39 alla
1940 1356 103 40 waͤra
2073 1357 147 39 möbler.

37 1439 56 28 wa
132 1428 280 51 engelsmännen
450 1430 179 45 upptagne
661 1423 11 40 à
702 1422 100 51 ſtötet
832 1422 36 47 af
898 1423 115 36 denna
1044 1421 63 38 den!
1200 1419 193 40 Mannen:
1427 1441 52 5 —
1509 1415 78 62 Det
1618 1417 40 37 ür
1690 1416 58 59 icke
1778 1415 99 60 ſlag,
1898 1414 65 61 det.
2013 1467 6 8 .

38 1483 189 51 menſtliga
260 1483 51 49 och
342 1482 195 40 nationella
569 1479 170 50 frihetens
756 1478 103 48 ſtora,
892 1474 214 52 beſtändiga,!
1199 1474 183 50 Huſtrun:
1415 1497 52 4 —
1499 1476 87 44 Han
1573 1468 109 70 har.
1690 1472 253 60 öfwergifwit
1973 1480 86 39 mig.

38 1538 114 52 ewiga
191 1536 222 48 Lonſtilution
452 1536 51 47 och
543 1534 159 52 beſkydd;
746 1544 79 28 men
863 1533 65 49 här
966 1534 63 36 äro
1070 1533 36 35 de!
1198 1529 194 40 Mannen:
1428 1551 49 6 —
1508 1526 77 62 Det
1616 1528 41 58 är
1648 1522 96 72 icke
1760 1526 106 60 ſlag,
1899 1527 64 36 det.

38 1594 188 49 förtalade,
273 1595 62 36 äro
366 1593 36 38 de
433 1591 171 49 ſmädade,
650 1592 62 36 äro
744 1590 37 37 de
812 1585 184 54 förfölide,
1043 1588 63 36 äro!
1198 1584 188 49 Ouſtrun:
1420 1607 52 4 —
1503 1587 87 44 Han
1621 1590 104 51 ſuper
1757 1581 46 51 ſig
1836 1581 72 38 alla
1940 1582 112 49 dagar
2081 1580 78 49 full.

40 1651 37 37 de
116 1648 200 51 föriagade;
360 1658 84 28 mau
483 1643 160 49 inbjuder
683 1646 73 37 dem
794 1642 55 39 till
880 1642 99 47 tuſen
1010 1640 96 51 ſlags!
1198 1640 11 39 .
1214 1640 179 39 Mannen:
1436 1662 48 4 —
1527 1637 98 39 Men
1664 1634 152 53 ſlagen?
1855 1636 82 40 När
1969 1640 65 47 har
2065 1634 57 53 jag
2154 1634 68 52 ſla—

38 1703 105 50 nöjen
174 1704 51 48 och
256 1701 229 50 förſtröelſer,
517 1711 79 27 nien
628 1711 55 27 om
715 1704 36 34 de
783 1698 124 48 ſtanna
938 1696 67 40 wid
1036 1694 157 53 un-fgit
1229 1692 87 54 dig?

39 1759 169 50 derhuſet,
239 1760 82 36 eller
351 1756 66 39 wid
447 1754 265 49 walbyraͤerna,
745 1754 50 49 och
828 1765 56 27 om
915 1754 37 37 de
983 1751 31 49 ſe
1031 1752 74 49 ſinaß!
1198 1750 283 50 Ordföranden:
1528 1748 191 40 Wittnena
1774 1747 90 51 ſfola
1920 1749 109 49 höras
2073 1747 152 39 rörande

37 1814 112 40 rikare
186 1814 122 38 bröder
348 1812 111 47 röſta,
505 1809 35 49 ſa
578 1809 135 40 tillaͤter
744 1821 86 27 man
862 1811 73 36 dem
967 1807 56 40 icke
1055 1806 221 51 attſlagen.

37 1869 174 50 inſtrifwa
251 1868 72 48 ſina
355 1879 109 27 namn
496 1865 54 39 till
580 1865 143 49 förmän
754 1865 57 48 för
842 1867 38 36 de
912 1862 195 48 principer,!
1200 1861 60 40 En
1308 1860 226 50 ſömmerſka:
1579 1884 48 3 —
1669 1858 80 53 Jag
1788 1869 79 29 war
1899 1860 64 50 hos
1996 1859 39 50 hr
2066 1858 159 40 Lebaron

35 1924 61 47 för
142 1922 120 51 hwilla
308 1924 103 37 deras
450 1921 97 49 fäder
587 1921 74 48 före
701 1923 74 36 dem
815 1920 51 49 och
906 1922 37 35 de
981 1916 248 53 ſielfwe!(den
1275 1918 214 50 anklagade)
1537 1927 42 28 en
1619 1916 80 50 dag,
1740 1918 67 35 när
1846 1917 69 48 han
1955 1913 92 40 wille
2086 1913 50 51 ſlaͤ
2176 1913 49 50 ſin

36 1983 41 47 ha
110 1978 104 48 ſuckat
245 1977 197 51 ſaͤmaͤnga
474 1977 135 51 gaͤnger
641 1976 11 39 i
670 1976 212 50 mißmodets
900 1974 110 39 bittra
1027 1973 253 52 tim-Jhuſtru.

34 2047 91 28 mar.
185 2033 78 52 Jag
304 2033 99 49 ſeulle
435 2031 99 50 wüia
566 2032 172 49 förändra
771 2033 63 37 allt
865 2033 105 37 detta.
1031 2029 79 51 Jag!!
1203 2028 195 40 Mannen:
1418 2052 50 3 —
1487 2027 83 40 När
1600 2025 60 53 jag
1691 2025 148 51 wille,
1864 2025 47 50 ja.
1946 2025 167 51 Jhören,
2130 2023 97 40 mine

34 2091 97 40 talar
169 2093 91 35 utan
299 2087 171 51 fiendſkap
511 2092 92 34 emot
641 2086 121 51 naͤgon
802 2086 75 49 klaß
908 2086 83 39 eller
1022 2090 91 34 emotb
1149 2086 136 49 herrar.

34 2146 122 51 naͤgon
195 2144 222 50 inſtitution;
463 2155 80 27 men
582 2143 63 38 den
683 2154 105 36 man,
834 2142 70 48 ſom
936 2143 101 47 yrkar
1069 2141 43 48 pä!
1205 2138 177 41 Wittnet:
1417 2162 48 4 —.
1501 2137 85 49 Han
1630 2137 130 40 riltade
1799 2143 73 34 mot
1911 2139 110 49 henne
2052 2140 48 35 ett.
2131 2137 94 47 knyt—

37 2206 53 36 att
128 2200 56 50 för
222 2199 195 51 beſtändigt
454 2197 155 52 uteſluta
648 2198 69 49 fem
754 2196 167 50 miljoner
961 2196 35 49 af
1041 2196 73 49 ſina

36 2257 197 40 landsmän
253 2254 96 49 ifraͤn
367 2267 42 27 en
426 2253 182 52 rättighet,
628 2253 71 47 ſom
717 2255 91 49 hans
827 2253 105 38 lands
949 2251 163 48 konſtitu—

38 2312 78 39 tion
154 2314 64 48 gör
257 2310 92 51 helig
388 2310 11 39 i
443 2312 92 47 hans
576 2312 112 47 ögon,
734 2333 27 4 —
765 2310 111 37 det
916 2310 39 36 är
993 2310 122 47 denne,

41 2368 101 51 ſäger
174 2366 80 51 jag,
293 2365 71 50 ſom
396 2366 97 38 delar
525 2364 169 51 England
726 2364 11 39 i
769 2369 136 34 twenne
935 2362 181 48 nationer,

43 2425 52 47 och
136 2422 72 48 ſom
247 2423 64 49 gör
351 2423 54 37 det
444 2419 164 51 omöjligt
646 2420 56 49 för
742 2420 43 49 oß
817 2423 52 35 att
899 2418 218 51 fullſtändigt

43 2479 52 49 och
127 2477 55 50 för
213 2476 100 40 alltid
344 2486 101 29 wara
476 2480 48 36 ett
556 2475 103 49 nöjdt
690 2476 51 49 och
768 2474 130 51 lyckligt
916 2473 76 49 folk.
1039 2474 76 51 Jag

1151 2195 176 51 näfsſlag,
1360 2206 78 27 men
1469 2192 59 52 jag
1561 2194 129 46 kaſtade
1722 2193 72 52 mig
1826 2195 161 47 emellan,
2021 2192 49 50 och
2102 2190 127 50 ſäblef

1152 2254 55 36 det
1237 2249 58 53 jag
1328 2250 72 49 ſem
1432 2251 110 48 erhöll
1573 2250 122 50 ſlaget.

1207 2306 193 39 Mannen:
1436 2329 47 3 —
1517 2305 128 48 Alltſaͤ,
1685 2307 53 36 det
1776 2314 76 29 war
1891 2303 56 39 icke
1978 2302 75 40 min
2092 2303 133 51 huſtru.

1154 2361 247 53 (Stormande
1434 2360 106 48 ſlratt
1571 2360 118 39 ibland
1722 2358 209 54 aͤhörarne).

1208 2417 59 39 En
1308 2428 123 27 annan
1471 2416 164 50 qwinna:
1686 2415 79 51 Jag
1805 2426 75 27 war
1911 2414 139 52 engaͤng
2082 2417 143 36 näwar—

1152 2476 108 36 rande
1292 2475 68 35 när
1392 2475 104 46 herrn
1529 2474 58 36 der
1618 2469 91 41 wille
1742 2471 50 51 flä
1824 2471 50 49 ſin
1907 2473 133 48 huſtru.

42 2534 145 49 fordrar
218 2532 138 48 derföre
387 2533 67 49 det,
486 2531 71 49 ſom
590 2530 55 41 icke
678 2533 41 37 är
750 2534 112 35 annat
893 2533 45 36 än
970 2541 40 27 en
1036 2531 78 38 kon-4
1208 2527 193 40 Mannen:
1437 2550 20 5 —
1468 2526 162 39 Alltid
1664 2529 87 36 bara.
1785 2558 6 7 .
1814 2521 34 66 .
1868 2557 7 8 .
1909 2525 125 40 wille
2067 2525 62 52 ſla.

43 2587 198 50 ſtitutionel
277 2586 189 52 rättighet,
512 2591 52 35 att
600 2586 211 48 underhuſet
848 2585 58 40 maͤ
945 2584 78 49 fritt
1063 2585 50 49 och!
1206 2582 177 40 Wittnet:
1417 2606 50 4 —
1501 2582 77 51 Jag
1610 2583 76 38 lade
1718 2581 72 52 mig
1822 2584 164 47 emellan,
2020 2583 51 49 och
2095 2582 58 50 jag
2179 2581 51 49 ſick

43 2642 109 50 lojalt
182 2642 242 50 repreſentera
456 2646 57 36 det
543 2642 165 49 förenade
739 2640 267 52 konungarikets
1025 2639 171 50 kom-paͤ
1229 2643 54 35 det
1315 2638 98 48 wiſet
1445 2645 180 44 emottaga
1657 2637 133 52 ſlagen.

21 2710 152 30 muner
219 2698 52 49 och
316 2697 78 49 folk.
454 2697 167 52 England
667 2699 64 48 har
775 2697 103 51 länge
916 2696 106 40 warit
1059 2699 54 36 be-4
1215 2694 194 40 Mannen:
1442 2717 33 5 —
1474 2693 167 50 Alltſaͤ
1673 2703 77 29 war
1782 2697 54 35 det
1868 2692 56 40 icke
1954 2691 76 41 min
2062 2692 133 51 huſtru.

42 2755 125 39 römdt
211 2753 56 49 för
310 2754 64 38 den
412 2752 200 52 perſonliga
650 2752 124 51 frihet,
826 2751 71 50 ſom
941 2752 62 49 deß
1050 2751 66 50 folk!
1208 2750 83 39 Alla
1325 2748 117 52 öfriga
1473 2749 149 40 wittnen
1655 2749 127 51 intyga
1814 2747 154 53 ungefär
2000 2747 113 51 dylika
2144 2751 87 48 hän—

45 2808 175 50 aͤtnjuter,
253 2832 51 5 —
337 2810 53 37 det
421 2811 40 36 är
491 2807 78 49 fritt
599 2812 52 35 att
681 2809 124 48 tänka,
836 2807 79 48 fritt
945 2813 52 34 att
1027 2807 87 48 tala,
1153 2805 119 47 delfer.

44 2865 83 48 fritt
166 2869 54 34 att
258 2863 155 51 ſkrifwa;
460 2864 50 49 och
552 2862 168 52 England
758 2865 63 49 har
853 2863 101 49 ſedan
985 2863 130 50 maͤnga

45 2919 44 40 aͤr
133 2919 145 40 tillbaka
322 2918 106 40 warit
466 2920 179 48 berömdt,
699 2919 51 50 och
789 2920 54 37 det
881 2921 40 37 är
961 2919 159 38 berömdt

46 2978 100 37 ännu
178 2974 12 40 i
221 2976 115 37 denna
366 2976 86 49 dag,
497 2974 53 39 uti
581 2975 76 49 hela
688 2974 167 49 werlden,
900 2974 54 49 för
985 2974 50 48 ſin
1067 2972 53 39 in—

44 3029 133 50 duſtris
208 3029 108 51 frihet
347 3031 50 46 och
428 3030 55 48 för
514 3030 50 49 ſin
595 3030 150 50 handels
773 3028 106 50 frihet
909 3029 51 49 och
985 3028 136 50 ſtorhet.

42 3085 81 52 Jag
157 3085 123 50 önſkar
312 3084 137 48 derföre
493 3089 90 35 weta
628 3083 176 52 hwarföre
835 3083 92 39 waͤrt
964 3084 66 49 foll
1069 3083 56 39 icke

43 3141 104 50 ſkulle
178 3150 102 29 wara
311 3140 90 49 fritt.
448 3139 115 49 Hwar
594 3140 118 48 finnes
751 3139 70 39 wäl
850 3141 77 44 den,
959 3139 71 49 ſom
1047 3138 78 51 ſkall

44 3197 117 49 ſwara
220 3194 87 52 mig,
368 3195 45 48 pa
467 3197 92 36 detta
613 3195 96 49 ſtälle
760 3195 81 38 eller
894 3194 43 49 paͤ
991 3193 136 51 hwilket

44 3252 96 47 ſtälle
185 3250 72 50 ſom
295 3250 96 51 helſt,
420 3252 62 48 och
522 3249 103 52 waͤga
660 3250 97 51 ſäga,
797 3248 67 40 wid
896 3254 47 34 ett
973 3248 152 52 meeting

46 3306 119 40 ibland
213 3308 93 49 hans
352 3306 219 46 landsmän,
623 3310 54 35 att
722 3309 113 35 denna
880 3303 146 51 milion,
1072 3305 54 49 för

48 3363 120 48 hwars
199 3361 53 49 ſak
282 3360 59 52 jag
372 3361 98 39 talar
502 3360 11 39 i
545 3362 93 37 detta
673 3359 184 52 ögonblick,
884 3363 40 36 är
953 3360 54 49 för
1031 3370 94 38 mye—

51 3417 48 39 ket
137 3416 163 51 olunnig,
340 3416 55 49 för
426 3416 123 49 mycket
588 3416 148 49 laſtfull,
768 3415 55 50 för
854 3416 120 47 mycket
1003 3415 123 51 farlig,

51 3472 55 47 för
136 3476 53 34 att
218 3483 82 27 man
330 3472 100 50 ſkulle
463 3474 115 45 kunna
611 3471 167 49 anförtro
818 3470 200 49 denſamma
1050 3474 75 36 rät—

52 3525 153 52 tigheten
236 3531 52 34 att
317 3525 136 51 wätia?
513 3526 74 48 För
611 3526 77 39 min
714 3526 53 39 del
793 3525 227 51 ätminſtone,
1048 3525 78 52 ſkall

1210 2860 264 51 Manneu4
1504 2859 128 50 Alltſa,
1664 2860 72 49 ſom
1768 2872 92 27 man
1891 2861 132 49 finner,
2054 2860 98 50 klaga
2179 2857 56 40 icke

1157 2917 37 38 de
1226 2915 178 51 qwinnor,
1444 2916 72 49 ſom
1555 2916 143 50 erhaͤllit
1729 2915 134 53 ſlagen,
1910 2917 50 49 och
1992 2915 76 40 min
2101 2914 133 52 huſtru,

1160 2971 71 50 ſom
1263 2971 186 52 ingenting
1489 2971 155 51 erhaͤllit,
1684 2972 140 52 klagar;
1855 2984 86 27 man
1972 2972 64 38 kan
2065 2970 169 49 minſann

1164 3027 56 38 icke
1252 3026 133 51 afhaͤlla
1418 3028 47 50 ſig
1496 3027 82 49 fraͤn
1611 3033 53 33 att
1696 3028 106 48 briſta
1834 3035 40 32 ut
1904 3027 13 40 i
1947 3026 189 52 gapſkratt.

1216 3081 96 40 Men
1360 3090 179 32 mannens
1584 3082 90 52 logik
1718 3082 182 50 förmaͤdde
1938 3083 57 39 icke
2033 3083 110 39 rädda
2174 3083 59 50 ho—

1163 3149 94 27 nom.
1319 3137 85 50 Han
1436 3138 69 47 blef
1536 3140 99 37 dömd
1666 3138 57 39 till
1754 3151 42 27 en
1828 3139 153 39 maͤnads
2012 3137 166 53 fängelſe.

1416 3272 270 75 Pioudhon's
1728 3273 269 73 begrufniug.

1166 3359 316 63 Proudhonzs,
1527 3365 67 37 den
1625 3362 93 51 ſtore
1750 3360 221 53 tänkarenst,
2017 3361 220 54 begrafning

1164 3415 183 53 förſiggick
1377 3415 11 40 i
1420 3415 121 49 Paris
1574 3420 33 36 d.
1640 3420 52 36 20
1723 3416 187 42 Jannari.
1969 3416 267 42 Auktoriteter—

1166 3482 46 29 na
1245 3494 28 4 —
1277 3470 219 41 berättar
1527 3483 41 29 en
1601 3470 286 52 korreſpondent
1918 3471 58 41 till
2007 3471 111 42 Kölu.
2136 3472 100 53 Zeit.

1166 3549 33 4 —
1198 3526 142 52 hade
1372 3526 118 52 anſett
1521 3525 129 53 nödigt
1682 3532 56 34 att
1769 3526 73 41 wid
1874 3530 101 36 detta
2001 3526 146 52 tillfälle
2178 3533 57 34 ut—

1224 3691 175 51 Grefwen
1438 3693 130 40 riktade
1607 3706 41 27 en
1680 3693 206 49 pröfwande
1917 3693 75 40 blick
2023 3694 45 47 paͤ
2098 3695 141 50 honom.

1225 3748 98 50 „Det
1368 3747 125 53 gifwes
1540 3761 42 27 en
1626 3749 164 51 förſyn;“
1837 3749 137 52 aͤtertog
2013 3751 70 50 han
2114 3750 127 52 derpaͤ;

1168 3817 108 37 „man
1309 3803 93 48 inſer
1434 3806 67 47 det,
1535 3816 54 27 om
1623 3804 83 46 ockſaͤ
1739 3804 111 49 ſent.“

1224 3860 101 51 „Jag
1359 3861 65 48 har
1455 3859 117 52 aldrig
1603 3859 131 51 twiflat
1765 3860 121 49 derpä,
1917 3872 80 27 men
2029 3860 78 28 —“

1222 3915 158 50 „Men“,
1426 3915 62 49 föll
1528 3916 155 50 grefwen
1724 3918 129 48 honom
1852 3911 40 59 i
1891 3915 140 47 talet,
2079 3916 60 50 „ni
2169 3916 73 39 will

1165 3976 91 34 weta
1298 3973 100 49 hwad
1440 3971 72 48 ſom
1545 3972 110 50 händt
1685 3969 103 53 mig?
1847 3969 137 41 Wälan
2015 3971 54 50 dä,
2101 3996 32 4 —
2137 3971 105 53 jag

1166 4029 65 49 har
1264 4026 62 49 ſett
1358 4051 50 3 —
1443 4028 146 48 henne.“

1222 4081 194 52 Geitzwich
1437 4085 103 36 kände
1560 4082 46 50 ſig
1640 4083 107 38 oroad
1776 4081 36 48 af
1829 4082 91 39 detta
1941 4082 100 49 ſwar.
2076 4080 165 52 „Sett?“

1164 4138 148 52 fraͤgade
1344 4140 71 48 han
1446 4142 76 35 med
1555 4137 109 49 ſpänd
1695 4138 207 50 nyfikenhet,
1935 4139 132 49 „hwem
2098 4136 92 41 dä?“

1225 4192 161 51 „Emiſie
1418 4192 194 41 Müller!“

1221 4249 193 51 Geitzwich
1448 4249 173 39 bleknade.

343 3694 68 55 En
451 3696 400 57 brattmuäls-novell

578 3782 31 42 af

441 3847 128 41 Jutins
596 3847 152 38 Conard.

170 3906 65 42 (Se
261 3905 69 35 nis
355 3905 98 42 2—5,
479 3905 120 42 7711.,
625 3906 78 34 13-
715 3900 50 55 17,
792 3909 76 33 19-
879 3900 55 55 23,
961 3908 70 42 25.)

117 3973 173 51 Följande
334 3984 152 39 morgon
531 3971 150 51 inneſlöt
727 3974 46 51 ſig
821 3976 153 50 grefwen
979 3967 43 63 i
1021 3976 108 50 ſitt

62 4043 94 36 rum,
201 4031 71 48 han
311 4029 85 49 hade
434 4026 186 50 förſjunkit
658 4027 11 40 i
706 4029 124 47 dyſtert
871 4031 170 48 ſwaͤrmod
1075 4033 51 49 och

63 4087 160 40 lemnade
271 4083 106 52 ingen
424 4082 167 40 tillträde.
661 4082 102 51 Förſt
808 4090 90 34 emot
942 4087 185 52 middagen

62 4141 136 50 ſtickade
229 4142 71 48 han
330 4151 41 27 en
402 4137 129 50 betjent
561 4138 74 52 för,
648 4142 53 35 att
733 4139 85 38 kalla
849 4139 190 53 Geitzwich
1073 4143 54 40 ill

65 4197 60 51 ſig.
172 4195 131 39 Denne
342 4193 128 49 infann
502 4193 58 51 ſig.
606 4191 251 51 Ofwerraſkad
889 4196 34 47 af
953 4198 175 49 grefwens

64 4249 212 53 fullkomligt
292 4249 212 49 förändrade
535 4248 172 50 utſeende,
740 4248 68 50 blef
824 4250 68 49 han
909 4250 133 48 ſtaͤende
1061 4253 67 40 wid
1683 4247 87 49 Han
1803 4249 83 49 hade
1917 4251 109 48 dagen
2058 4248 96 49 förut
2176 4260 66 27 un—

66 4303 142 59 dörren.
1166 4308 177 37 derrättat
1388 4305 170 51 grefwen,
1604 4308 53 35 att
1696 4306 69 48 hon
1804 4304 98 50 ſkulle
1942 4304 89 51 gifta
2062 4304 67 51 ſig;
2175 4307 69 47 han

124 4360 117 51 „Maͤr
271 4359 38 40 ni
340 4358 56 41 icke
426 4359 83 47 wäl,
541 4360 79 50 herr
652 4357 178 53 grefwe?“
862 4363 57 47 tog
944 4359 377 53 Geitzwichfruttade
1364 4365 53 35 att
1457 4364 112 37 denne
1609 4371 50 26 nu
1701 4360 85 49 hade
1817 4359 127 49 erfarit
1973 4359 187 49 motſatſen
2193 4360 51 50 och

34 4417 88 40 till
154 4417 108 38 ordet.
1168 4416 133 49 ſäledes
1331 4417 159 49 upptäckt
1522 4416 92 50 hans
1647 4413 196 52 bedrägeri.
1891 4414 117 49 „Men
2033 4416 98 50 hwar
2148 4413 94 41 doͤ?“

124 4471 101 51 „Jag
255 4470 78 39 maͤr
364 4468 121 49 mycket
515 4468 88 41 illa“
637 4493 50 4 —
718 4469 155 48 ſwarade
904 4470 64 39 den
1004 4471 337 50 tillfraͤ-tutropade
1373 4474 70 47 han
1475 4476 76 34 med
1584 4482 42 28 en
1657 4469 71 50 wiß
1760 4470 262 50 modſtulenhet.

68 4528 87 50 gade
184 4527 76 38 med
291 4524 185 50 eftertryck,
510 4536 101 37 „men
642 4524 155 50 läkaren,
841 4524 71 50 ſom
942 4524 78 52 ſeall
1051 4525 83 51 hjel—

69 4594 46 37 pa
146 4580 86 52 mig,
265 4581 62 38 kan
358 4580 89 39 blott
476 4590 100 28 wara
608 4578 58 53 jag
697 4578 109 51 ſielf“.

127 4636 120 51 „Men
278 4636 99 50 hwad
408 4636 65 49 har
504 4634 42 39 dä
577 4636 110 49 händt
717 4632 85 42 er?“

125 4690 252 53 „Naͤgonting,
408 4692 159 48 hwarom
597 4689 60 52 jag
690 4690 152 50 önſkade,
873 4694 52 35 att
956 4692 73 26 —“
1060 4690 80 49 Här

68 4748 121 50 afbröt
234 4748 71 49 han
346 4745 51 49 och
437 4744 315 49 ſammanrynkade
790 4755 147 39 pannan
937 4740 42 62 i
1026 4747 113 47 dyſtra

68 4803 107 55 weck,
193 4801 36 49 ſaͤ
262 4798 273 53 attGeitzwich
568 4800 214 51 förſträcktes
814 4800 53 48 för
898 4801 140 49 honom.

126 4858 77 50 „Ar
233 4856 59 52 jag
324 4854 57 40 icke
412 4866 33 28 er
479 4858 95 46 wän,
606 4856 81 49 herr
704 4852 178 55 grefwe?“
914 4854 140 49 började
1072 4857 70 50 han

67 4916 13 40 i
111 4914 211 51 deltagande
353 4915 82 47 ton;
467 4910 199 50 „hwarföre
696 4910 74 39 will
799 4909 39 40 ni
867 4909 94 51 dölja
991 4911 55 48 för
1060 4911 82 51 mig

69 4970 142 49 orſaken
250 4967 57 41 till
338 4971 53 35 ert
422 4963 221 53 bekymmer?
704 4966 86 51 Säg
821 4964 85 52 mig,
939 4966 101 50 hwad
1071 4965 71 50 ſom

68 5038 110 29 oroar
209 5036 50 35 er,
293 5021 114 52 kanſke
440 5021 62 40 kan
532 5019 59 54 jag
624 5020 86 52 biſtaͤ
741 5033 36 28 er
793 5022 74 39 med
892 5020 63 40 raͤd
974 5021 51 51 och
1042 5021 99 40 daͤd“.

1228 4527 96 47 „Det
1355 4530 41 36 är
1427 4540 43 27 en
1502 4525 111 49 biſak!
1646 4525 84 49 Hon
1764 4527 41 36 är
1838 4525 135 51 olycklig
2006 4526 49 50 och
2088 4524 57 53 jag
2172 4525 74 41 will

1173 4580 175 49 förbättra
1380 4585 133 47 hennes
1545 4581 187 51 ſtällning:
1767 4582 68 48 hon
1867 4580 78 51 ſkall
1976 4580 113 50 ärfwa
2114 4582 132 50 hälften

1175 4635 36 50 af
1241 4636 72 39 min
1344 4639 279 51 förmögenhet.“
1658 4634 190 52 Geitzwich
1881 4636 149 48 ſpetſade
2062 4639 144 37 öronen.

1194 4691 204 55 „Himlen
1443 4695 168 51 wälſigne
1657 4704 37 28 er
1740 4691 55 49 för
1834 4693 92 37 detta
1975 4691 149 51 beſlut!“
2170 4693 75 48 ſade

1177 4744 187 64 Geitzwich
1403 4749 263 51 ſfrymtattigt;
1713 4746 82 52 „jag
1835 4746 98 49 ſtulle
1964 4747 208 51 längeſedan
2203 4750 42 49 ha

1177 4801 115 50 gifwit
1321 4814 37 27 er
1388 4804 90 40 detta
1509 4805 78 50 raͤd,
1620 4815 80 28 men
1731 4802 59 52 jag
1810 4802 144 51 waͤgade
1980 4801 76 53 icke;
2087 4815 78 28 men
2182 4805 63 51 häͤr

1178 4856 147 49 aͤterſtuͤr
1356 4860 97 37 ännu
1483 4872 43 27 en
1557 4859 190 52 ſwärighet
1786 4862 53 35 att
1870 4857 266 50 öfwerwinna.“

1235 4911 99 52 „Jag
1365 4918 66 34 wet
1462 4915 34 49 af
1526 4915 143 52 ingen.“

1235 4966 98 50 „Det
1377 4969 110 49 gäller
1532 4972 101 50 bloͤtt,
1680 4970 46 52 paͤ
1766 4967 136 53 hwilket
1947 4980 109 28 namn
2092 4969 37 41 ni
2166 4970 78 52 ſſall

1180 5020 135 52 ffrifwa
1356 5024 235 51 teſtamentet“
1633 5050 51 5 —
1728 5025 138 51 ätertog
1898 5025 82 51 han,
2027 5026 216 42 betraltande

2245 196 86 52 jöra
2360 207 43 30 en
2434 193 204 52 militäriſt
2670 194 313 52 demonſtration,
3016 199 34 38 d.
3064 177 64 76 w.
3137 197 48 52 J.
3184 177 77 76 att
3270 183 67 66 laͤ

2247 255 40 37 ta
2318 249 170 53 publiken
2520 253 99 37 weta
2651 252 58 37 att
2740 247 200 42 militären
2971 258 84 33 war
3086 250 129 53 paͤſin
3232 243 107 65 wak⸗

2247 304 291 54 Begrafningen
2577 313 84 31 war
2692 303 121 50 utſatt
2846 302 59 41 till
2936 303 44 40 kl.
3020 305 33 39 J.

2249 359 166 53 begaͤfwo
2454 359 50 51 ſig
2544 357 58 41 till
2644 357 211 52 ſorgehuſet
2887 356 12 41 i
2931 357 129 53 Pasſy
3091 358 100 54 fingo
3223 366 115 37 redan

2248 415 74 40 wid
2356 416 82 36 Are
2470 414 51 37 de
2553 412 211 50 triomphie
2784 412 31 51 ſe
2833 412 142 40 82dra
3008 411 330 55 linie-regementet

2251 468 217 52 nppſtälldt,
2501 465 58 52 och
2591 465 12 41 i
2636 465 182 52 närheten
2851 466 40 52 af
2922 466 158 42 Auteuil
3111 466 228 55 paͤfſamma

2252 523 73 51 fätt
2359 523 93 51 liſta
2485 520 600 54 gardes-grenadierregementet.
3131 521 60 43 Kl.
3231 526 108 51 i32,

2251 582 132 36 medan
2410 576 206 49 folkſkaran
2637 576 177 41 wäntade
2835 578 158 49 utanför
3012 578 222 52 ſorgehuſet,
3255 579 84 48 hör—

2252 639 39 34 de
2323 643 88 29 man
2445 631 181 53 plötsligt
2661 631 116 50 liudet
2810 633 38 50 af
2876 632 277 51 militärmuͤſik,
3175 634 56 51 och
3250 645 89 30 man

2252 686 63 53 ſag
2344 689 141 37 82:dra
2528 686 320 54 linieregementet
2880 690 145 40 komma
3065 688 275 52 marſcherande

2254 743 102 51 utför
2395 740 169 41 Grande
2607 757 70 25 rué
2718 744 50 38 de
2803 744 143 51 Passv.

2254 809 67 39 pen
2338 796 78 41 kom
2434 795 99 43 näxa
2554 798 58 41 till
2630 798 371 54 begrafningshuſet,
3021 804 61 49 tog
3101 800 238 51 trum-muſi—

2254 855 58 39 ken
2343 851 86 42 wid.
2479 851 267 54 Folkmasſan,
2765 855 205 50 förkörnad
2989 856 193 52 deroͤfwer,
3209 855 131 53 träng—

2254 915 41 35 de
2325 908 51 52 ſig
2406 907 92 52 efter
2530 912 67 37 den
2629 911 283 50 marſcherande
2945 917 162 47 truppen
3141 912 56 51 och
3227 920 114 43 ropaͤ—

2255 968 59 37 de:
2347 964 102 48 „Pas
2480 963 50 38 de
2565 966 225 51 musidue“.

2256 1031 81 29 men
2383 1018 329 51 tamburmajoren
2759 1022 64 51 gaf
2869 1022 107 51 ſuart
3021 1027 51 36 ett
3118 1025 121 49 tecken,
3284 1024 58 51 och

3114 306 63 42 De
3206 308 108 52 hwilk

3008 744 89 53 Juſt
3128 744 73 41 när
3233 749 107 46 trup—

2855 965 268 43 Trummorna
3155 969 188 52 tyſtnade;

2258 1082 242 34 trummorna
2544 1076 137 40 rördes
2722 1075 114 53 änyo.
2898 1077 67 41 Nu
3007 1078 157 53 trängde
3195 1080 50 52 ſig
3277 1082 64 49 ho—

2257 1142 67 41 pen
2341 1134 98 37 emot
2458 1131 205 51 öfwerſten;
2713 1133 107 47 „Pas
2847 1133 50 38 de
2925 1135 203 50 musiqué!
3165 1136 176 51 Respéc—

2258 1193 62 32 ten
2354 1186 37 38 le
2424 1188 175 36 morts!)
2641 1184 146 53 ſänljöd
2821 1192 58 36 det
2912 1187 88 52 frän
3033 1190 77 40 alla
3141 1191 110 51 ſidor,
3284 1191 58 52 och

2259 1241 202 53 öfwerſten,
2495 1243 131 50 hwars
2657 1242 240 52 förlägenhet
2935 1252 83 33 war
3059 1245 283 55 omißkännelig,

2258 1298 62 53 gaf
2350 1302 51 35 ett
2434 1298 124 47 tecken,
2598 1298 58 50 och
2697 1297 71 41 allt
2801 1298 73 49 blef
2904 1301 85 51 tyſt.
3051 1300 91 49 Fem
3173 1302 87 41 eller
3290 1303 54 51 ſex

2260 1353 164 41 minuter
2463 1353 152 51 ſednare
2647 1353 78 41 kom
2760 1354 95 50 1iſta
2886 1357 458 54 gardes-grenadierrege—

2261 1413 135 37 mentet
2437 1409 277 53 marſcherande
2753 1410 104 51 fram
2900 1407 114 55 läugs
3046 1416 130 47 gatan.
3237 1413 106 49 Folk—

2261 1463 152 51 masſan
2453 1463 68 54 gick
2562 1471 165 45 truppen
2770 1465 58 40 till
2868 1467 137 49 mötes,
3045 1467 58 50 oͤch
3133 1472 139 47 ropade
3304 1467 39 42 aͤ⸗

2261 1526 92 46 nyo:
2386 1520 108 50 „Pas
2526 1521 50 39 de
2611 1522 234 51 musiduel?
2879 1521 369 54 Regements-cheſen
3281 1525 64 52 gaf

2263 1573 247 55 ockſaͤgenaſt
2542 1577 110 40 tecken
2686 1575 39 42 aͤt
2758 1584 248 33 trummorna
3039 1577 58 50 och
3115 1579 153 49 muſiken
3287 1585 59 36 att

2262 1631 133 52 tyſtua.
2456 1631 78 42 Vid
2576 1632 143 52 ſjelfwa
2763 1632 210 53 ſorgehuſet
3004 1642 105 31 woro
3141 1633 90 53 inga
3261 1635 85 53 ſyn—

2261 1686 144 53 nerliga
2437 1687 364 53 förſigtighetsmätt
2833 1688 210 53 widtagna.
3092 1688 140 53 Endaſt
3263 1689 84 42 ätta

2263 1742 164 52 officielle
2459 1743 321 54 polisſergeanter
2812 1754 105 31 woro
2950 1743 207 54 tillſtädes;
3189 1749 39 37 de
3247 1746 98 49 hem—

2263 1798 69 52 lige
2371 1798 306 54 polisagenterne
2717 1800 114 42 kunde
2863 1812 92 30 man
2986 1800 266 53 naturligtwis
3284 1801 64 41 icke

2263 1854 130 41 känna.

2318 1908 209 63 Proudhon
2561 1915 72 50 dog
2664 1917 95 36 utan
2793 1916 58 37 att
2884 1912 49 52 ha
2965 1910 142 43 anlitat
3139 1910 124 55 nägon
3291 1925 56 28 re—

2265 1964 185 53 ligionens
2483 1968 144 49 tjenare
2659 1992 51 4 —
2743 1979 43 29 en
2820 1969 109 51 preſt,
2962 1968 78 51 ſom
3059 1967 132 52 infann
3209 1969 50 52 ſig
3277 1970 72 50 hos

2264 2021 150 52 honom,
2463 2022 56 41 lät
2559 2024 76 52 hau
2676 2021 60 55 gä,
2769 2022 12 42 i
2813 2028 58 37 det
2904 2024 76 51 han
3013 2024 80 52 ſade
3125 2022 39 43 at
3195 2025 54 51 ſin
3280 2025 68 51 hu—

2265 2085 88 48 ſtru:
2386 2077 109 53 „Det
2528 2078 44 42 är
2606 2083 70 48 hos
2710 2079 61 53 dig
2803 2079 63 53 jag
2897 2080 71 51 har
3001 2084 57 36 att
3091 2079 79 52 ſöka
3201 2079 148 50 abſolu—

2266 2135 121 44 tion!“
2431 2159 51 4 —
2517 2135 57 52 och
2615 2136 101 51 hans
2750 2136 153 52 dödliga
2936 2136 242 51 qwarlefwor
3219 2136 131 53 blefwo

2264 2189 266 54 naturligtwis
2565 2190 93 52 ockfä
2690 2191 154 50 jordade
2878 2197 94 35 utan
3004 2192 78 40 alla
3113 2191 160 53 kyrkliga
3298 2203 52 30 ce—

2264 2246 199 45 remonier.
2510 2246 94 42 Liket
2635 2248 93 52 hade
2760 2247 187 51 hwarken,
2979 2245 119 54 ſaͤſom
3130 2246 10 42 i
3168 2247 120 50 Paris
3307 2247 46 40 är

2265 2303 173 53 brukligt,
2484 2302 140 52 blifwit
2662 2302 209 53 uppſtälldt
2912 2303 11 41 i
2964 2308 50 35 ett
3047 2301 174 54 likkapell,
3266 2302 88 42 eller

2265 2363 126 50 fördes
2432 2363 58 37 det
2531 2358 59 41 till
2630 2359 134 53 kyrkan
2804 2359 60 51 för
2904 2362 58 38 att
3001 2362 61 38 der
3103 2358 162 54 inwigas
3312 2357 41 44 aͤt

2265 2417 143 50 jorden.
2469 2414 148 53 Straxt
2657 2415 94 51 efter
2791 2418 57 37 det
2882 2418 39 37 de
2954 2415 190 41 omtalade
3176 2421 177 45 trupper—

2267 2485 48 28 na
2354 2472 92 50 hade
2478 2470 190 51 pasſerat,
2701 2471 105 41 körde
2826 2469 204 54 likwagnen
3061 2469 115 53 fram.
3235 2468 118 56 Wag—

2268 2540 68 28 nen
2368 2525 89 53 aͤkte,
2490 2525 186 50 ſannolikt
2708 2523 49 55 paͤ
2789 2525 114 53 högre
2935 2525 217 54 befallning,
3192 2524 38 54 ſaͤ
3262 2526 92 52 fort,

2268 2588 56 37 att
2357 2606 51 4 —
2441 2581 150 42 oaktadt
2623 2579 248 55 kyrkogärden
2905 2580 11 42 i
2948 2581 128 53 Pasſy
3108 2581 62 42 icke
3194 2592 81 31 war
3297 2582 57 41 be⸗

2270 2639 106 52 lägen
2409 2649 105 29 mera
2546 2636 49 41 än
2628 2637 52 41 tio
2713 2637 192 41 minuters
2936 2637 85 53 wäg
3052 2636 101 54 ifrän
3185 2641 66 38 den
3291 2639 65 39 dö—

2271 2698 62 38 des
2365 2691 285 54 boſtad
2512 2686 43 64 —
2555 2691 80 54 ide
2684 2690 150 55 liktaͤget
2866 2693 235 52 deltagaͤnde,
3133 2692 134 53 hwilka
3294 2698 62 37 ut⸗

2271 2749 125 54 gjorde
2427 2760 43 29 en
2502 2751 25 38 3
2552 2751 24 36 à
2600 2752 110 37 4000
2740 2748 189 52 perſoner,
2956 2748 131 52 näſtan
3105 2746 111 56 maͤſte
3233 2749 122 52 ſprin—

2272 2818 46 40 za
2362 2805 60 53 för
2467 2808 58 37 att
2569 2803 95 54 följa
2706 2808 95 37 med.
2860 2803 88 42 När
2988 2802 100 55 taͤget
3128 2804 129 42 ankom
3297 2804 59 42 till

2272 2858 258 55 kyrkogaͤrden,
2576 2861 180 52 ſtannade
2794 2863 40 37 de
2875 2857 84 44 aͤtta
2998 2860 360 53 polisſergeanterne

2272 2916 73 41 wid
2376 2920 146 48 porten,
2556 2916 57 52 och
2646 2915 201 52 mängden,
2893 2916 78 51 ſom
3005 2915 137 51 likwißt
3173 2915 104 41 ännu
3308 2914 50 54 pa

2273 2970 144 55 afſtaͤnd
2459 2971 114 52 hörde
2605 2970 117 52 ljudet
2756 2971 38 52 af
2825 2976 41 35 de
2899 2977 144 35 twenne
3074 2976 284 47 regementenas

2273 3034 203 44 trummor,
2508 3027 57 50 fick
2597 3027 123 51 oſtörd
2753 3026 158 41 beträda
2942 3029 68 37 den
3028 3029 102 38 mark
3147 3030 62 37 der
3230 3026 126 51 Prou⸗

2271 3084 124 52 dhons
2412 3083 66 41 ben
2498 3082 104 51 ſkulle
2622 3081 130 53 hwila.
2779 3081 251 51 Folkmasſan
3047 3081 92 52 hade
3157 3082 203 42 emellertid

2273 3138 180 54 betydligt
2484 3139 147 51 förökat
2663 3137 52 53 ſig
2748 3138 57 48 och
2838 3137 135 52 belopp
3005 3137 51 53 ſig
3087 3149 50 29 nu
3169 3137 112 52 ſäkert
3300 3137 58 42 till

2272 3198 109 37 5000
2433 3195 189 51 perſoner.
2683 3190 62 52 Pä
2797 3190 250 54 kyrkogaͤrden
3087 3193 68 53 gick
3198 3197 57 38 det
3287 3193 70 42 lika

2272 3250 112 41 enkelt
2424 3249 59 42 till
2523 3250 79 51 ſom
2642 3247 11 42 i
2693 3249 225 51 ſorgehuſet.
2979 3247 94 43 Liket
3112 3249 83 53 blef,
3240 3248 116 54 enligt

2272 3310 67 36 den
2370 3305 163 49 aflidnes
2558 3315 87 42 egen
2664 3303 134 50 önſkan
2843 3303 178 53 nedlagdt
3048 3303 8 42 i
3076 3307 66 38 den
3162 3304 196 43 allmänna

2274 3360 180 53 grafwen,
2501 3363 63 38 der
2604 3365 150 35 annars
2795 3360 126 51 endaſt
2959 3365 40 35 de
3030 3360 222 54 fullkomligt
3282 3361 75 52 fat—

2276 3416 70 52 kige
2393 3417 57 50 och
2496 3415 191 49 medellöſe
2735 3413 131 51 blifwa
2914 3415 183 54 begrafne.
3159 3415 86 43 Wid
3289 3420 68 37 den

2277 3474 126 48 öppna
2448 3470 167 53 grafwen
2660 3469 239 52 framträdde
2948 3474 55 37 tre
3048 3472 38 52 af
3123 3471 234 53 Proudhous

2276 3526 186 53 närmaſte
2503 3525 157 42 wänner
2699 3526 57 52 och
2798 3526 142 41 tolkade
2979 3530 67 38 den
3084 3527 158 54 aflidnes
3280 3529 77 50 för—

1979 3619 37 2 —
2030 3603 70 18 —
2114 3599 126 32 —
2247 3599 118 32 —————
2402 3599 80 32 —
2519 3599 75 32 —
2631 3599 6 32 r
2639 3599 6 32 n
2644 3599 65 32 —
2767 3599 83 32 —
2879 3599 11 32 r
2892 3599 54 32 —
2970 3599 96 32 —
3066 3599 96 32 —
3191 3599 78 32 —

2279 3693 154 52 grefwen
2472 3696 77 38 med
2581 3695 153 40 lurande
2765 3695 136 51 blickar,
2949 3697 109 40 under
3090 3698 53 39 det
3172 3699 70 50 han
3274 3699 81 39 dar—

2278 3751 83 38 rade
2392 3749 37 51 af
2460 3750 116 53 orolig
2608 3754 162 37 wäntau.

2335 3805 80 50 „Pä
2445 3811 150 35 namnet
2625 3806 187 50 Henriette
2842 3807 207 53 Werthen,“
3082 3809 155 50 ſwarade
3263 3809 92 52 gref—

2280 3871 90 30 wen.

2335 3916 98 51 „Det
2463 3917 153 41 kommer
2646 3922 54 35 att
2728 3918 156 51 medföra
2917 3919 240 54 ſwaͤrigheter,
3202 3920 154 40 werlden

2326 3972 173 96 poliſen
2531 3975 113 38 känna
2676 3975 109 50 henne
2817 3976 89 40 blott
2938 3976 111 50 ſaͤſom
3080 3976 133 41 Emilie
3244 3975 111 40 Mül—

2295 4041 34 27 er
2344 4031 30 37 —

2338 4083 107 50 „Hon
2477 4084 64 40 kan
2572 4083 38 51 ju
2641 4084 74 41 laͤta
2748 4085 102 51 ſkaffa
2883 4088 216 50 dopatteſten
3129 4087 83 51 fraͤn
3243 4086 112 50 Rom;

2280 4138 58 53 jag
2367 4140 163 49 uppdrar
2561 4140 38 40 aͤt
2628 4153 36 27 er
2695 4145 53 36 att
2778 4141 136 51 beſörja
2946 4157 55 27 om
3034 4146 109 46 detta,
3173 4148 90 34 utan
3301 4147 54 34 att

2280 4195 38 40 ni
2349 4194 203 52 derigenom
2583 4196 69 41 blir
2681 4197 111 50 utſatt
2822 4199 55 49 för
2909 4199 319 52 obehagligheter.“

2337 4250 98 50 „Det
2480 4254 41 37 är
2565 4251 57 41 icke
2660 4253 34 50 ſaͤ
2735 4254 81 50 lätt,
2862 4256 81 49 herr
2981 4253 172 54 grefwe!“
3199 4253 157 49 ſwarade

2282 4305 188 53 Geitzwich
2503 4309 50 50 och
2586 4308 95 52 höjde
2713 4309 46 50 pä
2792 4311 159 49 axlarne.

2337 4361 96 51 „Det
2464 4365 41 37 är
2535 4363 72 53 mig
2638 4365 178 53 likgiltigt,
2846 4366 61 51 jag
2939 4366 75 40 will
3044 4365 35 49 ſaͤ
3111 4365 44 50 ha
3186 4366 89 38 det.“

2338 4417 179 50 „Flickans
2559 4420 182 50 föräldrar
2781 4423 52 50 och
2867 4423 117 49 äfwen
3016 4445 33 5 —
3048 4419 109 53 jag
3188 4420 125 50 blifwa
3346 4420 11 40 i

2282 4474 54 61 det
2365 4473 97 50 fallet
2493 4475 216 53 beſtraffade,
2749 4483 51 44 ty,
2833 4490 57 27 om
2921 4477 48 40 wi
2999 4475 140 52 förfara
3170 4476 48 50 ſaͤ,
3249 4476 107 50 maͤſte

2281 4540 37 38 jn
2357 4530 53 39 det
2451 4530 70 50 ſom
2557 4532 48 40 wi
2643 4532 95 53 gjort
2770 4536 140 39 komma
2942 4533 12 39 i
2986 4534 123 50 dagen.
3170 4531 96 41 Men
3296 4530 60 54 jag

2282 4583 77 53 ſkall
2390 4585 114 42 likwäl
2534 4594 90 35 weta
2653 4589 102 40 raͤd.“

2337 4640 97 53 „Jag
2472 4642 106 51 wißte
2617 4657 84 39 nog,
2742 4649 54 36 att
2825 4644 41 40 ni
2897 4643 102 52 ſkulle
3031 4643 102 51 finna
3161 4643 112 41 medel
3303 4647 54 36 att

2282 4694 151 53 afhielpa
2464 4700 114 40 denna
2609 4700 214 52 ſwaͤrighet;
2855 4699 59 53 jag
2947 4699 110 52 anſaͤg
3088 4698 13 41 i
3132 4700 71 39 alla
3220 4699 64 51 fall
3299 4699 57 43 för

2280 4751 73 40 min
2384 4753 90 53 pligt
2503 4760 54 35 att
2587 4759 89 48 göra
2707 4769 37 27 er
2775 4756 239 40 underrättad
3047 4767 56 28 om
3137 4754 75 41 min
3242 4753 114 52 wilia,

2280 4807 54 50 för
2364 4813 51 36 att
2444 4810 39 41 ni
2513 4810 13 41 i
2555 4814 126 38 räͤttan
2712 4811 50 41 tid
2793 4812 61 40 maͤ
2871 4803 126 65 weta,
3010 4809 101 54 hurn
3152 4810 39 41 ni
3220 4812 64 51 har
3303 4815 53 35 att

2279 4863 151 52 förhaͤlla
2461 4868 74 38 er.“

2334 4919 190 53 Geitzwich
2556 4922 136 51 bugade
2723 4923 62 51 ſig.

2334 4975 74 50 „Ni
2437 4976 132 49 lofwar
2600 4976 73 52 mig
2704 4977 149 51 ſaͤledes,
2885 4983 55 35 att
2970 4978 86 49 efter
3085 4978 76 41 min
3192 4979 63 38 död
3286 4988 67 29 un—

2279 5031 159 40 derrätta
2454 5031 136 41 Emilie
2616 5030 146 42 Müller
2788 5045 58 29 om
2872 5034 79 50 allt,
2978 5032 83 54 ſäga
3085 5035 110 50 henne
3221 5034 133 51 hennes
