1897 2836
96 118 161 29 ſpionierenden
280 119 93 29 fremden
398 120 136 29 Luftballons
554 122 43 23 und
615 122 55 23 dann

97 149 49 29 noch
162 149 32 24 die
211 149 208 31 Verdrießlichkeiten
436 151 30 24 im
482 152 86 24 Stande
584 153 43 23 und
642 153 29 23 im

96 180 77 26 Dienſt
197 181 36 23 der
256 180 184 30 Kriegt⸗Marine.
475 182 56 24 Aber
554 182 49 28 auch
626 183 45 23 eine

97 209 82 30 Freude
196 211 67 28 haben
286 211 33 29 ſich
344 211 73 29 unſere
441 212 109 29 Nachbarn
575 213 96 29 geleiftet,

97 241 43 23 und
156 247 58 24 zwar
230 242 38 28 auf
289 243 46 22 dem
359 242 88 25 Gebiete
472 244 37 22 des
533 243 137 24 Rum̃ierens

96 271 44 24 Die
149 272 82 27 neueſte
244 272 182 29 Rieſen
322 267 14 39 ˖
335 272 89 29 Granate
435 273 38 29 ſoll
482 273 47 28 auch
541 274 40 23 das
593 274 78 28 ſtärkſte

97 301 142 30 Banzerſchiff
254 307 42 19 von
313 303 52 23 oben
383 303 34 24 bis
435 306 66 21 unten
525 305 55 28 glatt
604 306 67 27 durch⸗

97 331 98 30 ſchlazen.
235 332 47 24 Wir
307 334 97 28 glauben,
429 340 60 18 wenn
517 335 40 23 Mir
576 335 37 29 auf
639 336 31 22 die

97 361 138 31 Krupp'ſchen
259 363 122 30 Zuderhuͤte
406 367 42 21 uns
472 365 109 29 verlaſſen.
606 367 64 27 haben

97 393 40 23 wir
152 393 48 28 auch
217 393 53 29 nicht
286 394 37 28 auf
339 394 65 24 Sand
422 396 81 29 gebaut.

142 429 42 24 Die
196 429 138 30 Vereinigten
345 431 95 24 Staaten
452 436 42 19 von
504 432 166 24 Nord⸗Amerika

97 459 65 28 haben
179 459 44 31 jetzt
235 462 34 21 als
279 460 206 30 Sauptarbeitsſtüc
496 463 37 22 des
545 461 125 31 Kongreſſes

98 490 32 23 die
146 490 130 30 Erledigung
294 492 37 23 des
347 498 68 17 neuen
434 492 132 30 Zollgeſetzes
589 499 26 24 zu
639 494 31 22 be⸗

96 520 96 28 trachten.
225 521 41 24 Bei
283 522 38 23 den
343 528 65 23 engen
425 522 244 31 Sandelsbeziehungen,

97 551 32 23 die
153 551 95 30 zwiſchen
274 552 35 23 der
333 552 71 25 Unſon
429 553 43 23 uͤnd
497 554 45 23 dem
568 554 101 28 deutſchen

97 581 71 27 Reiche
185 582 100 28 beſtehen,
302 582 25 29 iſt
342 583 35 28 für
385 586 43 21 uns
445 584 32 23 die
485 583 59 30 Höhe
557 584 35 24 der
604 591 65 18 nenen

95 610 96 31 Zollſätzt
218 618 42 18 von
287 613 133 28 beſonderem
439 614 113 29 Jnteceffe,
576 615 48 23 aber
647 618 23 20 es

96 642 73 27 ſcheint
185 643 65 23 leider
266 643 60 28 nicht.
344 646 35 22 als
404 644 24 24 ob
451 644 86 29 wirklich
562 645 108 29 erhebliche

96 672 175 30 Ermäßigungen
299 674 58 29 Platz
381 675 78 28 greifen
485 675 80 29 ſollten.
605 676 65 23 Unter

97 703 39 23 den
162 703 170 29 fortwahrenden
357 704 201 30 Zollſchraubereien
584 706 85 26 drüben,

97 734 64 23 denen
178 734 38 28 auf
232 734 101 28 deutſcher
348 734 64 25 Seite
431 736 48 28 auch
503 736 52 28 nicht
579 736 90 29 entfernt

95 763 40 24 mit
151 764 85 29 gleicher
259 765 82 30 Münze
365 766 83 29 gedient
472 767 77 26 iurde,
575 767 30 28 iſt,
630 767 38 23 wie

96 793 93 27 bekannt,
214 795 36 23 der
274 795 88 29 deurfche“
387 796 78 29 Export
489 797 30 23 im
543 796 66 30 Laufe
633 798 35 23 der

94 823 68 30 Jahre
178 825 54 28 nicht
243 826 143 28 unweſentlich
397 826 184 30 zürucgegangen.
621 827 46 24 Alle

95 855 164 30 Bemühungen,
286 857 40 23 das
352 859 108 22 verlorene
478 857 91 24 Terrain
594 858 74 24 wieder

93 891 27 23 zu
147 886 118 28 gewinnen,
292 887 115 28 ſcheiterten
434 894 27 17 an
489 889 35 23 der
549 888 60 29 Höhe
633 890 35 22 der

95 916 170 29 ameritaniſchen
281 917 65 30 Zoͤlle.

202 977 206 49 Deutſches
434 978 130 46 Neich.

324 1038 104 24 Kuſchmin,
443 1042 33 17 den
490 1040 28 19 186.
527 1040 51 23 April
593 1041 50 18 tdos.

139 1075 27 28 C
182 1074 44 25 Die
241 1074 64 29 Neiſe
325 1076 40 24 des
382 1075 109 29 dentſchen
507 1076 159 29 Kaierpaares

93 1106 52 26 nam
160 1104 74 30 Korſu
249 1106 98 30 volizient
363 1106 35 29 ſich
415 1113 67 23 genau
499 1107 48 29 nach
565 1108 45 23 dem
634 1107 33 28 fuͤr

94 1135 85 29 diefelbe
212 1136 142 30 aufgeſtellten
381 1136 137 30 Proͤgramm.
559 1137 47 25 Vor
632 1139 35 23 der

93 1165 102 29 Seefahrt
213 1171 42 19 von
272 1167 94 30 Veuedig
384 1167 25 24 ab
433 1168 56 28 hatte
514 1168 34 24 der
565 1168 102 29 Monarch

92 1196 49 28 noch
152 1196 45 24 eine
215 1197 83 29 laͤngere
310 1197 146 30 Unterredung
474 1199 39 23 mit
527 1199 46 23 dem
585 1199 81 28 Reichs

92 1226 81 31 kanzler
183 1226 90 31 Fuͤrſten
286 1228 85 27 Buͤlow,
389 1230 21 22 in
423 1230 35 22 der
469 1228 40 24 alle
520 1229 145 29 vorliegenden

92 1257 190 30 Anzelegenheiten
302 1258 85 27 berührt
402 1258 43 29 ſein
470 1259 92 29 dürften,
586 1259 21 30 ſo
632 1261 35 23 der

91 1286 92 32 Kanaler
206 1288 30 23 im
260 1289 70 23 vollen
354 1289 177 29 Einverſtändnis
555 1290 39 24 mit
621 1291 44 23 dem

92 1317 73 30 Kaifer
176 1318 23 24 in
211 1319 36 23 der
259 1319 90 27 nächſten
362 1319 72 29 Woche
446 1326 48 23 zum
506 1320 159 30 Wiederbeginn⸗

91 1349 36 23 der
143 1348 332 31 Parlaments⸗Verhandlungen
492 1351 22 22 in
530 1351 76 24 Berlin
623 1352 42 23 ein⸗

90 1379 74 30 treffen
191 1379 60 24 wird.
294 1380 105 28 Waährend
424 1381 40 24 alle
487 1380 111 31 offiziellen
622 1382 42 23 und

90 1410 98 27 pridaten
205 1409 104 30 deutſchen
321 1410 156 31 Mitteilungen
492 1416 42 19 von
551 1411 57 24 einer
621 1412 44 29 ſehr

91 1439 110 31 gerzlichen
217 1440 132 30 Begruͤtzung
366 1442 37 23 des
419 1440 152 30 Kaiſerpaares
587 1442 22 24 in
630 1443 36 23 der

91 1469 155 30 Lagunenſtadt
270 1477 26 24 zu
320 1471 99 29 berichten
444 1472 78 29 wiſſen,
549 1472 116 29 behaupten

90 1500 123 30 italenijche
229 1501 126 30 Zeilungen,
372 1504 62 21 uͤnter
452 1505 35 21 der
503 1503 161 29 venetigniſchen

90 1531 151 30 Bevölkerung
252 1533 51 27 habe
320 1531 54 25 feine
392 1532 109 30 beſondere
516 1533 148 30 Begeifterung

90 1561 117 30 geherrſcht.
229 1562 43 24 Die
284 1562 129 24 Venetianer
429 1563 54 28 ſeien
498 1564 51 28 nicht
562 1570 41 18 nur
619 1565 45 23 dem

89 1591 73 30 Kaiſer
185 1594 44 22 und
246 1593 35 23 der
297 1592 104 29 Kaiſexin,
426 1593 87 28 ſondern
538 1595 48 28 auch
610 1595 53 23 allen

89 1622 170 30 reichsdeutſchen
286 1623 112 28 Touriſten
425 1624 75 28 kühler,
534 1625 38 23 wie
604 1625 59 29 ſonſt.

90 1653 116 29 gegenüber
222 1655 99 27 getreten.
342 1654 102 29 Dagegen
462 1655 85 24 wenden
565 1655 34 29 ſich
616 1657 48 22 aber

91 1684 76 23 dereits
183 1683 112 25 Stimmen
320 1687 40 21 aus
377 1684 94 30 Benedig
496 1685 65 29 ſelbſt.
601 1686 61 25 Wäre

90 1717 23 20 es
129 1714 28 29 ſo,
181 1714 87 24 wurden
286 1715 31 23 die
334 1715 114 29 Deuiſchen
466 1717 49 22 eben
533 1716 129 28 fortbleiben.

88 1757 23 4 —
110 1744 66 24 Die
193 1744 77 28 Koſten
287 1746 37 23 des
339 1745 138 30 Kaiſerlichen
494 1745 108 31 Hofzuges
621 1752 41 19 von

89 1775 75 24 Berlin
182 1775 33 23 bis
232 1775 94 30 Venedig
344 1776 97 30 betragen
459 1777 47 28 nach
523 1778 38 22 den
577 1777 84 29 Münch.

89 1805 29 24 V.
128 1805 27 24 N.
165 1806 78 22 269000
251 1806 65 24 Mark
327 1806 143 30 einſchliezzlich
482 1808 35 23 der
528 1807 134 30 ſorgfältigen

90 1835 270 31 Strecken⸗Ueberwachung
377 1838 44 22 und
436 1837 162 31 umfangreicher
610 1838 53 24 Vor⸗

90 1866 142 29 bereitungen.

174 1896 47 25 Ser
231 1897 93 28 deutſche
332 1896 128 31 krouprinz
472 1898 68 28 ſtattet
551 1899 37 28 auf
599 1899 65 29 ſeiner

90 1927 172 28 bevorſlehenden
281 1927 60 30 Reije
366 1928 48 28 nach
431 1928 99 32 Bukareſt
546 1932 48 25 auch
619 1931 44 23 dem

88 1957 73 29 Kaiſer
172 1957 72 30 Franz
255 1958 87 29 Joſeph,
360 1958 67 30 deſſen
445 1958 69 30 Pathe
531 1967 20 17 er
562 1959 101 31 iſt/einen

89 1988 75 29 Beſuch
181 1988 33 24 ab.

135 2020 27 27 X
189 2018 37 29 Jn
251 2019 38 24 der
312 2025 72 19 neuen
408 2019 256 32 Reichsverficherungs⸗

88 2048 114 31 Ordnauß
219 2049 24 28 iſt
265 2049 32 24 die
314 2049 147 31 Altertsgrenze
479 2050 34 29 für
537 2054 38 21 den
592 2052 70 29 Bezug

89 2081 36 22 der
140 2079 133 24 Altersrente
298 2080 31 23 bei
352 2080 31 23 70
398 2080 83 29 Sahren
506 2081 90 30 belaſſen
621 2085 42 21 uͤnd

89 2111 59 27 nicht,
165 2110 39 23 wie
218 2110 85 29 vielfach
320 2113 96 21 erwartet
432 2112 78 26 wurde,
527 2112 37 27 auf
575 2113 29 22 66
615 2114 49 22 oder

89 2147 37 22 gar
142 2141 30 22 60
187 2140 69 28 Jahre
281 2141 131 29 herabgeſetzt
432 2143 91 23 worden.
555 2143 32 24 Es
611 2143 51 23 wird

81 2166 50 38 jetzt
139 2171 98 54 —
314 2171 156 30 nachgewieſen,
494 2172 41 29 daß
560 2173 32 24 die
616 2174 46 28 auch

90 2204 37 20 den
138 2201 149 24 Verbündeten
297 2201 148 30 Regierungen
455 2203 121 28 erwuͤnſchte
584 2203 79 30 derab⸗

89 2232 76 29 ſetzung
184 2231 31 24 bei
241 2233 35 22 der
299 2232 131 30 Finanzlage
455 2234 36 23 des
516 2234 85 29 Reiches
626 2241 36 16 un⸗

89 2262 85 29 moͤglich
192 2262 31 29 iſt.

324 2306 101 29 Türkei.

135 2355 26 28 NX
188 2353 53 25 Aus
267 2354 193 29 Ronſtantinopel.
500 2355 43 24 Die
571 2355 91 30 türkiſche

89 2384 104 29 Botſchaft
210 2384 22 24 in
244 2384 75 24 Berlin
337 2385 73 23 ertlärt
425 2385 32 24 die
469 2385 133 30 Meldungen
614 2386 49 24 über

90 2415 32 23 die
138 2414 200 29 Konſtantinopeler
354 2415 114 30 Vorgaͤnge
486 2416 33 27 für
536 2416 51 28 ſtark
605 2416 57 24 über⸗

90 2446 85 23 trieben.
208 2445 43 24 Die
269 2445 83 29 Urſache
377 2447 35 22 der
428 2446 128 30 Bewegung,
581 2447 32 23 die
632 2448 30 22 in⸗

89 2476 93 29 zwiſchen
199 2476 100 29 beigelegt
311 2476 30 27 iſt,
359 2476 90 24 bildeten
461 2477 144 28 verſchirdene,
621 2477 41 30 jetzt

91 2507 74 23 bereits
192 2506 99 29 erledigte
318 2507 143 29 Beſchwerden
495 2508 34 23 der
556 2507 106 25 Soldaten

90 2544 61 22 gegen
170 2537 43 27 ihre
230 2537 107 29 Offiziere.
369 2537 51 24 Das
436 2537 67 24 Leben
528 2538 43 23 und
588 2538 74 30 Eigen˖

90 2570 44 20 lum
166 2568 35 23 der
228 2568 128 28 Einwohner
384 2568 24 27 iſt
435 2569 102 27 durchaus
564 2568 97 30 geſichert.

89 2598 43 23 Die
143 2598 108 29 Truppen,
267 2599 70 26 welche
349 2601 123 24 meuterten,
484 2604 69 19 waren
567 2599 95 29 größten⸗

90 2628 48 23 teils
164 2628 127 30 unwiſſende
308 2629 86 23 Bauern
420 2633 40 19 aus
480 2630 115 23 Anatollen
620 2631 42 22 und

90 2658 112 26 Albanien,
225 2660 31 22 die
275 2659 55 28 leicht
346 2660 54 23 allen
419 2660 111 28 mäglichen
547 2660 114 28 Gerüchten

90 2689 98 23 Glauben
219 2689 105 28 ſchenkten.
368 2690 46 24 Der
440 2690 160 24 Kominandant
627 2692 36 22 des

90 2720 141 28 Gardekorps,
250 2721 34 22 der
301 2720 52 28 ſeine
370 2720 118 30 Demiſſion
507 2722 45 29 gab,
576 2721 86 29 befindet

692 122 33 28 ſich
748 122 128 31 keinezwens
892 123 22 24 in
931 123 87 29 Gefahr,
1042 125 45 23 und
1111 125 31 24 die
1159 125 105 30 Meldung

692 158 40 18 von
760 154 35 23 der
819 154 135 30 Ermordung
979 155 36 23 des
1038 154 178 30 Juſtizminiſters
1240 156 24 28 ift

693 184 69 27 bither
778 184 53 28 nicht
848 184 101 29 beſtätigt
966 197 30 5 —
1011 185 53 28 Daß
1081 186 31 23 die
1123 186 73 30 Dinge
1212 187 51 28 nicht

692 213 20 29 ſo
728 215 99 27 harmloz
841 215 74 29 liegen,
940 215 39 23 wie
996 215 24 27 ſie
1045 216 44 27 ſier
1112 217 81 26 amtlich
1218 218 45 23 dar⸗

692 244 76 29 geſtellt
785 246 90 25 werden/
892 245 98 28 beweiſen
1007 246 43 27 ihre
1064 246 115 30 Folgen.
1178 260 20 3 —
1214 247 50 24 Das

692 275 67 28 Geſes
783 276 37 22 des
840 275 97 29 Scharia,
962 276 66 28 deſſen
1054 277 209 30 Liedereinfuührung

692 306 34 22 der
738 305 84 24 Sultan
839 307 46 22 dem
897 313 67 16 neuen
977 307 148 27 Miniſterium
1141 314 37 23 zur
1189 307 75 30 Pflicht

692 336 70 28 Nacht,
781 336 54 29 zeigt
852 337 93 26 deutlich,
970 337 69 25 wohin
1057 338 32 23 die
1113 339 150 29 gegenwärtige

692 366 120 30 Bewegung
836 368 54 28 geht.
921 367 51 23 Das
996 367 67 29 Geſetz
1088 368 106 29 eniſpricht
1218 369 43 23 dem

692 396 120 29 moſaiſchen
823 398 44 22 ſus
878 398 90 22 talionis
986 398 72 29 „duge
1073 405 36 17 um
1120 399 66 28 Auge,
1203 399 59 29 Zahn

691 433 35 17 um
738 427 75 29 Zahn“
830 428 44 23 und
892 428 23 26 iſt
927 428 19 29 ſo
965 428 119 29 barbariſch,
1101 429 40 28 daß
1157 436 49 16 man
1221 436 41 17 von

691 457 65 28 ſeiner
772 457 140 30 Anwendung
935 458 57 28 ſchon
1008 464 37 18 vor
1063 460 43 22 150
1121 459 83 27 Jahren
1228 461 34 22 ab⸗

691 487 41 29 ſah.
764 488 52 24 Seit
832 488 145 29 Jahrzehnten
1002 489 23 25 iſt
1051 493 22 19 es
1097 491 33 22 als
1147 490 115 29 Geſetzbuch

691 518 63 29 völlig
779 519 129 28 aujaeboben
934 520 89 22 worden.
1056 520 43 23 Die
1123 520 138 30 Anwendung

691 550 36 22 des.
738 545 87 41 Scheria
828 545 107 41 Geſetzes
945 550 69 23 würde
1031 550 61 29 ärger
1108 551 49 27 ſein,
1175 552 33 22 als
1227 553 34 22 der

691 579 117 28 ſchlimmſte
823 580 160 28 Deſpolismns.

705 640 114 58 Lukalt
840 643 63 47 und
924 642 322 58 Kreis⸗Hachriihten.

921 713 103 23 Noſchmin,
1038 715 33 18 den
1086 715 26 18 16.
1122 714 51 23 Aprii
1187 716 51 18 1909.

689 749 110 18 Mitteliungen
808 749 56 17 umſerer
874 750 77 21 —
942 746 30 29 ——
978 750 16 16 ⏑
1013 751 35 14 ——
1057 751 89 17 ⏑⏑
1156 751 29 15 —
1186 752 69 16 —

810 768 29 14 find
848 770 26 12 ver
884 768 108 17 Sariftleituni
1002 768 33 16 ſtett
1044 769 101 15 niatomen.]

732 797 30 31 ch
777 798 52 25 Aus
845 799 48 23 dem
910 797 208 30 Stadtparlument.
1144 800 54 27 Nach
1210 801 50 23 Ent⸗

689 828 80 30 laſtung
787 830 35 22 der
834 829 138 28 Rechnungen
985 830 34 23 der
1035 829 171 31 Kämmereikaffe
1217 831 43 23 und

688 859 140 29 Nebenkaſſen
846 859 34 28 fur
892 859 64 26 1207.
973 859 182 29 Keuntnisnahme
1168 866 41 18 vön
1221 862 38 23 den

687 889 126 28 Reviſionen
837 891 36 22 der
888 889 129 31 Kammerei⸗
1035 892 42 22 und
1095 891 112 29 Sparkaſſe
1224 899 33 16 am

687 920 35 23 27.
734 920 97 30 Februar
847 922 19 21 d.
878 920 25 27 J.
920 921 71 23 wurde
1007 921 48 28 nach
1067 925 45 20 dem
1124 922 136 28 Magiſtrats⸗

688 950 113 29 vorſchlagt
823 950 32 24 die
881 950 182 29 Pauſchalſumme
1087 952 34 28 fuͤr
1145 952 32 23 die
1200 953 59 24 Bier⸗

689 981 64 26 ſteuer
790 981 58 24 eines
880 981 87 30 hieſigen
1000 982 192 28 Brauereibeſiters
1223 983 37 27 auf

688 1011 44 23 300
747 1011 65 24 Mark
832 1011 84 30 jaͤhrlich
940 1012 104 29 feitgeſetzt
1068 1013 42 23 und
1135 1013 56 23 dann
1216 1019 42 18 ver⸗

688 1041 99 29 ſchiedene
807 1037 90 39 Etais⸗
898 1037 214 39 Ueberſchreitungen
1139 1043 35 29 für
1203 1044 56 23 1908

688 1072 124 29 genehmigt.
852 1072 110 30 Bezüglich
990 1075 35 22 des
1049 1073 91 29 nächſten
1164 1074 95 29 Punkters

688 1103 70 23 wurde
767 1103 32 23 die
809 1102 183 30 Beſchluͤßfaſſung
1003 1105 34 22 der
1046 1104 213 24 Stadtverordneten.

688 1133 88 29 Sitzung
792 1138 49 18 vom
859 1134 35 22 12.
905 1133 58 27 Suni
981 1135 56 22 1892
1058 1134 111 30 betreffend
1186 1135 72 24 Ueder˖

688 1164 90 29 eignung
796 1163 57 24 einer
869 1163 97 31 Parzelle
982 1171 26 17 an
1023 1164 131 30 Jaaczewski
1172 1166 86 28 aufrecht

687 1194 99 27 erhalten.
818 1194 43 24 Die
879 1194 123 29 betreffende
1015 1195 96 30 Parzelle
1128 1195 37 29 ſoll
1182 1202 26 17 an
1220 1196 38 24 den

687 1223 192 30 Rechtsnachfolger
905 1224 75 30 Eiffler
1011 1225 126 30 aufgelaffen
1170 1227 88 23 werden.

687 1255 93 24 Sodann
799 1257 89 26 nahmen
906 1255 32 23 die
950 1256 205 24 Stadtverordneten
1167 1261 41 19 von
1220 1258 38 22 den

687 1285 168 30 Ermittelungen
882 1287 36 22 des
943 1286 128 29 Magiſtrats
1098 1293 37 24 zur
1158 1286 100 30 Kehrtaxe

686 1315 114 24 Kenntnis.
840 1315 55 29 Nach
920 1316 67 29 dieſen
1011 1316 25 30 iſt
1060 1317 32 23 die
1108 1317 101 30 Kehrtare
1225 1318 34 28 fuͤr

686 1346 75 29 unſern
777 1345 64 25 Kreis
859 1346 103 29 nicdriger
984 1349 33 22 als
1034 1347 22 24 in
1073 1349 90 23 anderen
1181 1348 21 24 in
1218 1349 39 24 Be-

686 1377 61 27 tracht
772 1383 114 23 gezogenen
912 1377 92 28 Kreiſen.
1041 1378 47 24 Der
1112 1380 52 27 letzte
1188 1378 69 30 Puntt

686 1408 35 23 der
735 1407 171 29 Tagedordnung
922 1407 71 30 verſiel
1012 1408 35 24 der
1063 1408 130 30 Vertagung.
1224 1409 33 27 Jn

686 1437 64 29 dieſer
765 1436 68 30 Sache
850 1439 70 22 wurde
938 1438 35 23 der
990 1438 114 30 Magiſtrat
1120 1439 81 28 erſucht,
1226 1439 31 24 die

685 1467 153 30 Bedingungen
855 1467 52 25 über
923 1468 38 24 den
974 1468 85 25 Erwerb
1077 1470 36 23 des
1124 1469 132 29 Gutsparkes

685 1497 104 30 Lipowiec
813 1499 34 22 der
864 1498 392 31 Stadtverordneten⸗Verſaminlung

685 1531 132 27 vorzulegen.
866 1528 123 29 Außerhalb
1023 1530 36 23 der
1089 1530 167 30 Tagesordnung

685 1560 75 27 machte
775 1558 55 29 Herr
846 1559 166 29 Bürgermeiſter
1027 1560 83 28 Jahnte
1129 1561 127 29 Mitteilung

684 1594 41 19 von
750 1591 46 22 dem
821 1589 98 30 Eingang
944 1591 72 28 zweier
1040 1591 113 28 Schreiben
1175 1598 26 17 an
1218 1593 37 22 deü

684 1620 122 29 Magiſtrat.
845 1620 44 24 Die
908 1621 148 29 Dringlichkeit
1077 1622 34 23 der
1127 1621 128 30 Erledigung

684 1652 70 22 wurde
778 1655 42 19 von
843 1651 39 23 den
907 1651 205 24 Stadwwerordneten
1136 1652 119 24 anerkanni.

683 1681 50 24 Das
744 1681 45 23 eine
801 1680 113 29 Schreiben
927 1682 67 28 betraf
1004 1682 251 30 Schutgeldermäßigung

683 1711 58 24 eines,
766 1711 88 29 hieſigen
878 1712 104 29 Buͤrgexa,
1007 1712 31 24 die
1063 1713 99 29 bewilligt
1186 1714 69 23 wurdẽ

683 1742 42 23 und
743 1742 39 23 das
799 1742 76 24 andere
892 1743 38 22 das
947 1742 308 30 Eifenbahnfroiett

682 1772 98 28 Oſtromo
793 1772 49 24 über
851 1772 107 28 Raſchkow
971 1773 45 28 nach
1025 1772 115 30 Koſchmin.
1162 1773 93 31 Freitag,

684 1804 38 22 den
740 1803 34 22 16.
793 1803 18 23 d.
824 1803 35 24 M.
880 1803 64 29 findet
969 1804 21 23 in
1012 1803 98 29 Oſtroivo
1135 1804 45 24 eine
1204 1804 50 25 Ver⸗

683 1833 119 29 ſammlung
819 1833 55 28 ſtatt,
894 1840 25 23 zu
942 1835 35 22 der
994 1835 34 22 der
1045 1834 79 30 dortige
1141 1834 113 30 Magiſtrat

684 1863 107 24 Vertxeter
817 1866 40 21 aus
885 1864 37 23 den
951 1864 22 24 in
1000 1865 95 28 Betracht'
1122 1865 132 24 kommenden

683 1894 85 28 Kreiſen
796 1893 120 30 eingeladen
945 1895 41 27 hat.
1026 1895 41 23 Als
1091 1895 107 24 Vertreter
1221 1897 34 22 der

684 1924 67 24 Stadt
779 1923 108 31 Koſchmin
914 1926 71 22 wurde
1010 1925 55 29 Herr
1092 1926 163 29 Bürgermeiſter

683 1954 82 30 Jahnke
799 1961 13 17 zu
837 1955 64 29 dieſer
924 1955 162 30 Verſammlung
1111 1957 125 23 beordert.
1235 1969 20 4 —

684 1985 33 24 An
735 1987 35 22 der
806 1985 65 30 Sitzung
889 1986 88 27 nahmen
995 1986 35 23 teil
1045 1986 31 24 die
1088 1986 80 29 Herren
1180 1987 75 24 Stadt.

684 2017 136 22 verordneten
830 2015 153 31 Kantorowicz.
994 2017 77 27 Bernh.
1082 2016 74 30 Fuchs,
1166 2017 88 29 Petzold,

683 2046 112 27 Trennert.
812 2046 112 29 Weſtphal.
941 2047 64 26 Mol,
1020 2046 109 27 Stawleti.
1143 2048 40 22 Dr.
1193 2048 61 29 Vys
1244 2042 14 39 .

683 2076 78 30 zynski.
774 2077 91 28 Schener
876 2079 42 21 und
931 2078 39 22 Dr.
983 2077 74 30 Fuchs.
1084 2078 45 24 Der
1141 2078 113 29 Magiſtrat

684 2113 43 17 war
744 2108 60 27 durch
824 2107 31 24 die
880 2107 87 29 Herren
986 2108 164 29 Hürgermeiſter
1174 2108 80 28 Jahnke

683 2139 42 22 und
742 2137 119 29 Ratsherrn
879 2137 26 24 A.
917 2138 110 28 Matthias
1043 2141 109 21 vertreten.

726 2173 320 31 Berſchönernngsverein.
1072 2175 43 24 Die
1132 2175 34 27 für
1178 2175 76 29 geſtern

683 2204 125 29 nachmittag
824 2204 132 29 einberufeñe
973 2204 227 31 Hauptverſaumlung
1212 2212 43 17 war

683 2234 20 28 ſo
720 2234 82 29 ſchwach
826 2234 83 29 beſucht.
935 2234 41 29 daß
1000 2238 22 20 es
1047 2235 82 30 fraglich
1154 2235 100 29 erſcheint.

684 2266 25 22 ob
725 2265 35 23 der
777 2265 160 30 gemeinnütige
953 2265 84 26 Verein,
1063 2272 59 17 wenn
1144 2266 42 29 ihm
1202 2266 53 28 ſeine

683 2295 126 30 Mitglieder,
843 2297 62 28 bezw.
939 2296 30 23 die
1002 2296 86 29 hieſigen
1120 2296 83 30 Buͤrger
1234 2297 20 23 in

682 2326 93 29 Zuluͤuft
792 2326 51 28 nicht
863 2327 58 27 mehr
937 2326 104 30 Jntereiſe
1061 2327 194 29 entgegenbringen,

683 2356 47 28 noch
748 2356 130 29 lebensfähig
895 2356 41 29 ſein
954 2357 58 23 wird.
1039 2357 51 24 Von
1106 2358 34 22 der
1151 2357 103 28 Neuwanl

684 2388 35 22 des
744 2386 131 28 Vorſtande⸗
902 2386 71 29 mußte
998 2387 77 30 infolge
1099 2388 35 23 der
1158 2388 96 29 geringen

683 2417 135 30 Beteiligung
838 2430 28 3 —
887 2423 41 18 von
944 2418 29 22 78
990 2418 123 29 Mitguüeder
1129 2424 70 17 waren
1216 2425 39 17 uͤur

683 2448 144 28 3erſchienen
853 2461 28 3 —
906 2447 92 28 Abſtand
1022 2455 124 22 genommen
1167 2449 87 23 werden.

682 2478 33 29 Zu
733 2478 74 28 dieſem
824 2478 77 29 Zwecke
918 2479 71 22 wurde
1005 2479 33 27 für
1056 2479 140 26 Sonnabend,
1216 2480 37 22 den

682 2509 35 22 24.
729 2508 70 29 April,
817 2509 137 29 nachmittags
970 2508 45 30 41.
1032 2509 44 28 Uhr
1100 2509 28 23 im
1149 2509 105 29 Rathaus⸗

683 2539 54 27 ſaale
764 2539 45 23 eine,
836 2538 163 30 Verſamuͤlung
1025 2541 131 22 anberaumt.
1198 2539 53 30 Herr

683 2569 164 30 Bürgermeiſter
859 2569 82 28 Jahnte
959 2570 90 26 erklärte,
1067 2572 37 22 den
1117 2570 75 29 Vorſitz
1203 2570 51 29 nicht

683 2601 57 26 mehr
756 2607 24 22 zu
799 2600 146 28 übernehmen,
963 2601 46 23 weil
1027 2600 33 29 ſich
1073 2601 45 23 dies
1130 2601 38 23 mit
1180 2601 73 27 ſeinem

682 2630 130 29 Hauptamte
835 2631 53 27 nicht
910 2631 125 23 vereinbare.
1068 2631 146 30 Naturgemäß
1231 2631 23 28 ift

683 2662 38 22 das
745 2661 112 27 Beſtreben
882 2661 58 24 eines
964 2661 58 30 jeden
1047 2662 207 28 Stadtoberhauptes

683 2691 82 28 ſowieſo
784 2691 112 29 daraufhin
913 2692 100 29 gerichtet,
1038 2692 32 23 die
1094 2697 40 19 von
1153 2693 41 27 ihm
1211 2697 42 19 ver⸗

684 2724 80 21 waltete
782 2721 67 25 Stadt
867 2722 51 29 nicht
935 2729 24 23 zu
985 2722 157 29 verſchlechtern,
1167 2723 86 28 ſondern

1283 132 26 24 zu
1325 126 207 30 verſchõnenn.
1570 128 33 27 Jn,
1628 128 83 30 unſerer
1727 129 68 24 Stadt
1811 130 40 29 gibt

1284 159 22 21 es
1323 157 45 27 doch
1383 157 105 30 gecignete
1499 157 191 30 Perſönlichkeiten,
1706 159 32 24 die
1750 161 39 22 den
1800 160 51 25 Vor.

1284 187 27 28 fisz
1343 187 28 24 im
1377 183 202 39 Verſchõnerungs
1588 183 95 39 -Verein
1715 190 136 27 übernehmen

1284 217 93 24 konnten.
1408 218 125 29 Hoffentlich
1550 219 70 29 ſorgen
1638 219 33 24 die
1682 220 124 29 Mitglieder
1818 222 33 24 de⸗

1283 247 266 30 Verſchõnerungzvereins
1580 251 58 26 durch
1668 251 122 29 zahlrẽiches
1816 252 35 23 Er.

1284 278 86 28 jcheinen
1387 285 25 23 zu
1430 280 35 22 der
1476 280 91 27 nächſten
1579 280 228 30 Hauptwerſammiung
1820 282 31 24 da.

1284 308 39 27 für.
1341 308 40 29 daß
1398 310 34 23 der
1449 309 78 24 Verein
1544 317 25 22 zu
1585 317 74 17 neuem
1675 311 67 24 Leben
1763 312 87 27 erblühe.

1282 338 62 30 Falls
1360 339 31 23 die
1407 339 179 30 Verhandlungen
1604 341 38 23 mit
1659 342 35 22 der
1709 341 86 30 Rönigl.
1811 342 40 24 An.

1283 369 24 27 fie
1309 369 218 30 delungskommiſſion
1559 370 50 24 über
1640 372 38 23 den
1705 372 85 24 Erwerb
1818 374 33 23 des

1282 399 124 29 Lipowiecer
1415 401 134 27 Gutzparkes
1556 404 34 20 au
1598 401 131 29 Koſchminer
1738 402 114 29 Stadtpart

1282 437 25 22 zu
1324 431 65 22 einem
1406 431 108 29 günſtigen
1531 431 100 29 Abſchluß
1647 434 100 27 gelaugen
1772 433 77 28 ſollten,

1283 460 71 24 dönnte
1371 462 34 22 der
1421 461 252 30 Verſchönerungsvẽrein
1698 463 45 23 eine
1764 463 34 28 für
1815 464 35 24 das

1281 491 173 29 Allgemeinwohl
1471 492 133 29 ſegensreiche
1620 493 104 29 Tätigkeit
1743 494 105 27 entfalten.

1327 528 27 28 X
1373 527 47 25 Der
1438 528 51 28 erſte
1509 528 134 28 Spatenſtich
1667 536 25 23 zu
1717 530 45 23 dem
1787 537 63 18 neuen

1267 552 44 40 Ere
1313 556 184 31 isgeſchäftshans
1509 565 27 17 an
1549 560 34 22 der
1594 559 89 24 Boreker
1693 560 81 28 Straße
1784 564 66 21 wurde

1282 588 107 28 Mittwoch
1406 589 124 29 nachmittag
1547 592 67 26 getan.
1650 590 46 24 Der
1712 591 49 23 Bau
1782 591 23 27 iſt
1822 594 28 21 be⸗

1282 618 97 28 kanntlich
1406 621 35 21 der
1466 619 76 30 Firnia
1568 619 116 25 Kieemann
1710 621 19 22 &
1752 621 95 31 Schwarz

1282 649 122 29 übertragen
1421 651 91 22 worden.

1326 686 28 28 S
1370 685 215 29 Schulneriaualien.
1623 687 43 24 Die
1690 687 155 30 aujtragsweiſe

1282 715 136 30 Verwaltung
1443 717 35 23 der
1502 717 85 29 zweiten
1611 717 131 28 Lehrerſtelle
1766 724 27 17 an
1815 720 32 23 der

1281 745 130 29 katholiſchen
1443 746 77 29 Schuſe
1552 747 21 23 in
1600 747 118 30 Szeiejewo
1751 748 24 28 ift
1800 753 46 20 vom

1282 776 33 23 16.
1327 776 61 28 April
1405 777 19 23 d.
1442 777 25 27 J.
1484 779 26 21 ab
1534 778 46 23 dem
1604 777 244 29 Schulamtskandidaten

1280 806 68 29 Herrn
1358 807 58 27 Erich
1426 808 57 23 Baͤer
1493 808 20 23 in
1519 807 100 30 Rawitſch
1630 808 123 30 uͤbertragen
1761 811 87 23 worden.

1325 848 125 31 Berel.
1489 850 46 24 Der
1559 857 33 17 am
1616 851 109 28 Mittwoch
1751 852 43 26 hier
1818 854 31 22 ab⸗

1280 880 105 27 gehaltene
1400 880 124 28 Jahrmarkt
1537 882 70 22 wurde
1619 882 38 23 mit
1669 885 52 20 etwa
1733 882 45 22 500
1789 882 60 25 Stück

1279 910 104 28 Rindvieh
1409 912 43 22 und
1475 911 100 29 Pferden,
1601 913 99 22 darunter
1722 913 27 22 12
1764 912 84 30 Ziegen,

1280 940 91 29 beſchickt.
1410 941 59 29 Trot
1492 942 125 29 ermaͤßigter
1641 942 72 29 Preiſe
1738 943 50 27 fauͤd
1811 946 36 21 das

1279 970 54 29 Vieh
1349 971 66 29 wenig
1432 972 125 27 Abnehmer.
1589 973 46 23 Der
1649 972 90 30 Verkehr
1755 974 38 24 auf
1804 974 42 24 dem

1279 1000 142 25 Krammarkie
1438 1008 44 17 war
1499 1002 77 29 infolge
1593 1004 36 22 des
1643 1003 102 28 ſchlechten
1758 1003 88 25 Wetterz

1280 1031 79 29 ſchwach
1376 1033 42 22 und
1435 1032 60 24 kaum
1520 1033 73 29 größer
1617 1034 34 22 als
1676 1040 26 17 an
1728 1034 65 23 einem
1814 1036 32 23 der

1279 1062 151 29 wöchentlichen
1447 1063 126 29 Marktiage.
1589 1075 29 5 —
1634 1063 79 30 Vorige
1725 1064 71 29 Woche
1808 1068 39 21 ent.

1280 1092 57 26 ſtand
1354 1093 20 23 in
1392 1094 46 23 dem
1455 1093 101 24 trockenen
1571 1094 66 27 Graſe
1654 1095 35 23 der
1700 1095 146 30 ausgeholzten

1278 1123 151 30 Waldparzelle
1444 1123 142 30 Trzecianow,
1610 1131 26 23 zu
1652 1124 108 30 Ritterguͤt
1775 1125 71 24 Karls
1836 1119 14 39 ;

1280 1153 33 28 hof
1341 1154 90 29 gehoͤrig,
1458 1154 33 23 ein
1521 1155 81 26 Brand,
1633 1155 158 29 wahrſcheinlich
1820 1156 26 24 in⸗

1279 1183 55 30 folge
1350 1184 58 24 eines
1425 1185 76 28 achtlos
1526 1185 160 29 wegeworfenen
1706 1186 138 30 zlimmenden

1277 1214 219 30 Zigarrenſtummels.
1528 1216 44 23 Die
1587 1215 82 30 Folgen
1694 1217 36 23 des
1750 1216 95 25 Brandes

1278 1245 69 23 wären
1364 1245 43 29 ſehr
1424 1245 64 28 eruſte
1505 1245 97 30 geweſen,
1627 1253 59 17 wenn
1712 1247 51 28 nicht
1789 1248 57 29 gleich

1279 1275 31 23 die
1331 1276 93 28 dortigen
1443 1276 169 24 Dommialleute
1637 1277 117 29 gekommen
1779 1278 66 24 wären

1278 1306 42 23 und
1338 1307 38 22 das
1392 1306 76 29 Feuer,
1485 1307 39 23 das
1542 1307 74 24 bereits
1627 1307 56 29 ſchon
1695 1307 37 29 auf
1744 1308 38 23 den
1794 1308 49 28 nahe

1278 1337 108 28 gelegenen
1412 1336 143 29 Kiefernwald
1586 1337 179 31 uͤbergeſprungen
1797 1344 48 21 war,

1278 1366 83 30 gelöſcht
1377 1367 78 27 haͤtten.

1321 1409 30 29 S
1361 1408 133 31 Bugorzela.
1518 1409 46 30 Zur
1571 1409 94 31 Deckung
1678 1411 37 24 des
1723 1404 63 42 644.
1789 1411 55 31 o4

1278 1439 136 29 betradenden
1426 1439 93 29 Vedarfs
1531 1442 35 22 der
1577 1440 176 30 Stadigemeinde
1763 1440 80 31 Bogor.

1277 1471 43 28 zela
1345 1476 27 17 an
1397 1470 88 23 direlten
1510 1470 209 30 Gemeindeabgaben
1740 1471 34 29 fuͤr
1791 1471 54 23 wos

1277 1501 80 22 werden
1375 1501 98 28 erhoben:
1491 1501 76 29 185070
1577 1500 109 31 Zuſchlaͤge
1701 1507 26 24 zu
1739 1502 35 23 der
1786 1502 59 28 ſtaat⸗

1278 1530 60 28 lichen
1380 1530 203 26 Eintommenſteuer
1624 1531 142 29 einſchließlich
1810 1533 33 22 der

1276 1560 116 30 fingierten,
1409 1561 75 29 18620
1508 1561 108 30 Zuſchläge
1632 1569 37 22 zur
1694 1562 88 28 ſtaatlich
1804 1568 40 18 ver⸗

1276 1593 97 28 anlagten
1390 1591 93 27 Grund⸗
1500 1592 109 24 Gebäude.
1626 1594 42 22 und
1680 1592 163 27 Gewerbeſteuer

1276 1627 48 18 vom
1341 1622 107 28 ſtehenden
1460 1622 107 25 Gewerbe.
1589 1623 42 24 Die
1644 1623 200 28 Einkommenſteuer

1275 1657 41 18 von
1341 1652 66 24 einem
1429 1652 137 24 Einkommen
1589 1658 41 19 von
1656 1653 53 28 nicht
1733 1655 57 27 mehr
1814 1655 30 22 als

1275 1683 44 22 200
1335 1683 63 23 Mark
1413 1683 37 28 ſoll
1467 1687 40 20 von
1533 1685 39 22 den
1595 1683 37 29 auf
1656 1685 39 22 das
1711 1684 132 24 Einkommen

1275 1715 92 27 gelegten
1384 1713 209 30 Gemeindeabgaben
1611 1714 72 29 befreit
1700 1714 87 24 bleiben.

1437 1755 10 12 *
1673 1756 10 11 D

1555 1773 11 12 4

1324 1801 21 22 O
1365 1797 139 29 Unterſchrift
1521 1799 39 24 des
1577 1798 119 31 Lehrlings
1712 1799 57 25 beim
1780 1798 62 30 Lehr⸗

1275 1829 98 29 vertrag.
1414 1829 36 23 Da
1475 1829 55 28 ſchon
1554 1829 42 30 jetzt
1620 1829 32 24 die
1676 1829 84 27 Meiſten
1785 1829 57 29 Lehr⸗

1275 1859 94 29 verträge
1397 1859 35 23 der
1462 1859 182 24 neueintretenden
1672 1859 109 30 Lehrlinge
1808 1862 33 21 ab⸗

1276 1889 116 30 geichloſſen
1409 1891 89 25 werden,
1516 1890 78 28 machen
1612 1890 39 24 wir
1668 1897 51 23 ganz
1736 1890 106 29 befonden

1276 1920 75 28 daraͤuf
1367 1919 142 30 aufmerkſam,
1527 1920 41 28 daß
1584 1921 30 23 bei
1627 1920 67 24 einem
1706 1921 76 28 ſolchen
1794 1920 47 25 Ver⸗

1275 1953 45 26 trag
1346 1950 64 28 außer
1435 1951 45 23 dem
1504 1950 67 24 Vater
1595 1952 36 22 des
1647 1950 112 30 Lehrlings
1784 1951 58 26 diefer

1275 1980 58 29 ſelbſt
1357 1980 52 28 ſeine
1434 1980 133 30 Unterſchrift
1590 1982 116 29 abzugeben
1730 1983 40 28 hat.
1802 1981 39 24 Die

1287 2011 152 28 ivilxechtlichen
1451 2011 81 30 Foigen
1549 2011 57 24 eines
1638 2013 71 26 Fehlens
1727 2012 34 23 der
1772 2011 69 25 Unter⸗

1274 2017 66 52 ſ
1356 2041 42 28 find
1414 2046 42 19 von
1468 2041 75 29 groͤßer
1553 2042 124 30 Tragmeite.
1704 2043 69 27 Durch
1785 2042 55 24 einen

1275 2071 22 24 in
1314 2073 63 27 letzter
1393 2071 47 30 Zeit
1457 2072 97 29 gefälten
1572 2072 186 29 Gerichtsbeſchluß
1774 2073 66 23 wurde

1275 2102 44 23 eine
1342 2101 65 29 Klage
1432 2102 133 29 abgewieſen,
1589 2103 47 23 weil
1661 2103 31 24 die
1712 2103 128 29 Unlerſchrift

1275 2134 36 22 des
1327 2132 111 30 Lehrlings
1455 2133 68 28 fehlte.

1323 2178 21 21 O
1364 2175 91 24 Allerlei
1471 2174 91 29 Farben
1584 2176 56 24 malt
1662 2177 39 23 der
1725 2175 114 30 Frünling,

1275 2205 48 23 aber
1339 2206 46 27 auch
1403 2206 32 23 die
1451 2205 164 30 Tintenflecke
1640 2213 27 17 an
1692 2207 38 23 den
1754 2206 85 29 Huͤnden

1276 2235 81 29 unſerer
1373 2235 78 24 kleinen
1477 2236 75 24 Buben
1576 2238 42 22 und
1643 2237 75 23 Mädel
1742 2236 43 29 ſind
1809 2236 29 23 ein

1275 2265 202 31 Frühlingszeichen.
1509 2267 43 24 Die
1575 2267 77 28 Schule
1670 2268 33 28 hat
1721 2267 74 23 wieder
1812 2268 27 32 be⸗

1276 2302 88 24 gounen,
1381 2298 43 22 und
1442 2297 31 24 die
1490 2297 179 27 Schul⸗Rekruten
1687 2298 65 29 liegen
1769 2297 69 34 tüchtig

1276 2328 34 22 der
1320 2327 139 29 Wiſſenſchaft
1470 2328 32 23 ob.
1523 2328 104 29 Undzwar
1639 2328 45 29 geht
1697 2332 22 19 es
1730 2328 42 30 jetzt
1784 2327 54 30 gleich

1276 2357 57 28 meift
1345 2358 37 23 mit
1398 2357 64 24 Tinte
1479 2359 41 23 und
1537 2358 67 29 Feder
1610 2353 44 39 F,
1667 2358 96 28 wahrend
1776 2358 20 23 iñ
1809 2359 30 22 der

1275 2391 62 26 quten
1349 2390 55 22 alten
1416 2388 47 30 Zeit
1476 2389 30 23 die
1519 2388 144 29 Schiefertefel
1674 2389 62 23 allein
1749 2388 88 29 regierte.

1274 2418 62 29 Dieſe
1354 2418 23 28 iſt
1394 2419 38 23 den
1450 2419 99 24 Muttern
1566 2419 46 29 noch
1629 2419 94 26 bekannt,
1748 2419 31 23 die
1804 2424 32 23 gar

1275 2449 50 28 nicht
1355 2449 65 23 damit
1447 2449 155 28 einverſtanden
1629 2449 50 29 ſind,
1706 2456 60 17 wenn
1799 2449 38 26 ihre

1274 2479 110 27 Teuerſten
1417 2479 167 29 eingeſchmudelt
1615 2484 41 19 von
1688 2480 62 24 Tinte
1779 2479 58 29 heim⸗—

1274 2510 91 23 kommen
1383 2511 48 22 oder
1448 2515 40 19 von
1506 2511 35 23 der
1557 2510 72 24 Arbeit
1645 2510 116 29 aufſtehen;
1786 2511 50 22 dann

1275 2540 21 23 in
1313 2543 34 20 der
1364 2541 64 29 Regel
1445 2541 78 28 müſſen
1542 2541 50 27 nicht
1609 2547 40 17 nur
1666 2541 31 23 die
1711 2541 75 29 Hände
1798 2539 38 25 und

1273 2571 79 29 Finger
1369 2573 51 21 dran
1437 2572 96 28 glauben,
1549 2571 85 28 ſondern
1647 2571 47 27 auch
1706 2571 31 24 die
1749 2571 86 24 Kleider.

1275 2601 45 24 Ünd
1338 2601 44 23 eine
1399 2601 145 29 Schlefertafel
1570 2602 47 28 hielt
1642 2602 47 27 auch
1714 2603 59 28 lange
1796 2607 38 18 vor,

1275 2632 95 28 während
1388 2632 33 22 ein
1438 2632 130 28 Schreibheft
1581 2633 46 22 bald
1639 2632 73 28 gefüllt
1724 2632 29 27 iſt!.
1785 2631 50 24 Aber

1275 2662 30 23 die
1324 2668 49 17 neue
1389 2662 106 28 Ordnuna
1514 2663 42 23 will
1574 2665 21 21 es
1612 2669 43 17 nun
1668 2662 78 24 einmal
1757 2662 28 29 ſo,
1797 2662 37 23 und

1275 2694 25 22 da
1317 2692 50 29 muß
1382 2693 79 28 pariert
1473 2696 88 20 werden.
1594 2693 46 23 Und
1653 2693 31 24 die
1698 2693 136 29 Uebergangs⸗

1273 2723 39 30 zeit
1330 2723 22 29 iſt
1369 2723 20 29 ja
1406 2724 47 28 auch
1470 2724 52 29 nicht
1538 2731 25 23 zu
1581 2726 54 27 lang.
