3787 5421
203 274 123 62 Nr.
348 273 108 58 IG.
512 263 616 75 Cuend⸗Ausgaue.)

323 901 95 27 ——
433 900 61 29 —
512 899 8 23 ñ
531 899 112 27 —
671 897 38 22 —
723 895 53 24 —
1001 895 35 22 die
1050 894 102 29 geitung
1166 898 45 18 nur
1226 897 48 17 —
1324 892 48 48 —
1404 891 132 27 Montagen
1552 895 45 18 nur
1612 889 95 23 abends.

859 927 11 17 e

236 928 128 23 Redattſon?
389 927 46 23 und
455 926 149 27 Expedition:
633 923 160 27 Hambura,
920 922 130 21 enbrũc
1064 924 32 19 easd.
1127 931 25 5 —
1182 919 122 26 Chefred

814 948 176 27 Sprechſtunde:
1005 950 63 19 1113
1078 947 149 25 vormitiaas.

194 1001 211 78 Filialen:
801 1002 57 34 Th.
882 1001 183 35 Carſtens,

433 1006 121 30 Altona
574 1004 21 28 1
620 1003 130 65 —J
1091 999 163 33 Mörkenſtr.
1281 1000 30 33 1;

433 1041 46 31 W.
498 1039 178 34 Wöllner,
700 1038 39 31 Lü

197 1112 177 31 Stendannm
393 1114 32 33 5;
444 1111 54 29 Si.
518 1109 117 36 Bauli:
693 1108 62 30 Gebr.
775 1105 176 36 Moehlte:

760 1037 104 34 eckerſix.
883 1038 49 33 59;
963 1034 140 31 Eilbeck:
1127 1034 34 30 A.
1181 1032 166 34 Grabow,

195 1078 142 32 Sam
273 1062 35 52 m
320 1062 10 52 ·
368 1083 76 23 Sorn?
464 1075 34 32 E.
517 1075 130 32 Drate,
697 1072 205 34 Hammeglandſte
922 1072 65 27 ibo-
1006 1062 256 52 Samuerbroot.
1269 1069 292 27 Motheuburgsoxt:
1581 1066 34 34 3.

337 1076 28 35 8
655 1074 43 66 4
969 1091 177 48 Keeahn
1165 1106 47 32 19;
1232 1102 199 35 Uhlenhorſt:

1361 923 60 18 eur.
1448 919 42 21 Br.
1507 917 90 27 Vaut
1618 914 193 29 Michaelts.

1342 998 121 29 Altona
1481 997 45 27 J¶
1550 996 179 34 Mordfeite):
1755 995 57 30 Es.
1832 993 198 33 Grabbext,
2056 990 154 36 Holſtenſtr.
2234 991 60 41 883.

1374 1019 188 51 Wandsbccer
1569 1019 135 51 Ehduffer
1729 1030 97 33 2ft:
1858 1026 214 32 Eimòbutiel:
2091 1024 32 36 J.
2142 1023 257 35 Darmſtädter,

1484 1101 162 33 .Stuchr,
1664 1099 243 34 Winterhuderweg
1927 1101 25 27 6.
2117 1138 2 3 —

2314 988 186 30 Barmbeck:
2527 987 118 35 Henry
2665 986 187 33 Schwaan,

2426 1022 178 33 Altongerſtr.
2623 1024 52 31 29;
2706 1020 204 36 Eppendorf:

1634 1064 147 34 Doller,
1800 1063 192 35 Süderſtr.38;
1998 1053 240 59 Rotherbaum⸗
2240 1053 248 59 Sarveſtehude:
2507 1056 37 32 B.
2565 1056 179 35 Erdland,

1893 888 23 79 ſ
1945 899 116 28 Anzeigen
2090 896 92 23 werden
2203 896 39 27 ſur
2263 896 35 22 die
2319 890 117 58 Morgen.
2443 890 84 58 Auoge
2582 899 170 22 angenommen
2775 892 46 23 und
2843 892 70 25 koſten
2934 892 36 21 die
2991 891 148 26 Lgewaltene
3161 889 120 27 Petizeile
3308 887 54 23 oder
3382 887 69 22 deren
3471 885 79 23 Naum
3564 879 34 37 do
3610 883 25 29 4

2521 921 101 22 etiamer
2636 924 10 18 i
2655 921 28 22 4
2702 920 47 23 Bel
2763 919 209 26 Wwieberholungen
2986 917 98 22 Mabatt.

2876 979 193 77 panbuherß
3114 984 76 31 88a;
3211 977 407 37 Borgfelde⸗Hohenfelde:

2935 1019 35 35 5.
2990 1018 34 31 E.
3072 1040 6 7 B.
3098 1015 98 35 Roch.
3216 1014 194 35 Eypendorfer
3436 1013 96 30 Landſtr.
3552 1013 66 34 111:

2795 1054 152 36 oiherbaun
2959 1042 134 52 Cnauffee
3105 1053 35 27 5
3175 1050 53 30 Et.
3249 1050 125 33 Georg:
3394 1047 37 32 R.
3451 1046 167 36 Bleſchte,

562 1205 105 48 Ein
700 1201 237 50 Skandal.

257 1279 41 29 M.
321 1277 73 33 Eine
416 1277 174 36 Bewegung,
621 1274 53 30 wie
705 1272 36 37 ſie
772 1272 32 32 in
825 1272 52 31 den
898 1270 91 39 letzten
1010 1270 120 39 Wochen
1151 1270 54 30 das
1227 1275 85 32 ganze

179 1317 118 39 deutſche
318 1316 73 32 volt
422 1316 134 38 ergriffen
586 1314 87 37 hatte
703 1311 34 38 iſt
768 1312 31 30 in
827 1311 111 39 unſerer
986 1311 36 29 Zeit
1043 1310 47 30 der
1110 1308 202 40 zerſplitterten

206 1356 137 38 nlereſſen
364 1354 59 31 und
434 1354 47 30 der
492 1352 164 31 erbitterten
666 1349 208 40 Parteikämpfe
888 1350 58 31 eine
984 1348 226 76 .
1213 1348 58 29 —

179 1357 59 76 J
257 1394 73 37 nicht
351 1393 61 31 eine
432 1391 176 39 Bewegung,
629 1391 80 31 einen
730 1389 113 33 Sturm
863 1396 83 32 gegen
966 1389 53 30 den
1044 1386 184 38 Duellunfug
1243 1392 50 24 mu

179 1440 70 24 man
280 1435 32 28 es
343 1438 124 29 nennen,
496 1433 66 29 was
594 1430 84 39 dieſer
708 1428 79 33 Tage
819 1429 42 31 die
888 1427 153 40 öffentliche
1071 1425 130 33 Meinung
1252 1431 63 24 auf⸗

179 1471 114 39 wühlte.
355 1469 142 38 Ueberall,
537 1470 32 31 in
610 1470 48 30 der
752 1437 50 71 ,
851 1468 41 31 im
933 1466 182 39 Parlament,
1166 1433 54 70 —
1267 1464 47 30 der

178 1509 127 40 Stiaße,
338 1510 33 31 in
404 1508 205 39 vertraͤulichen
640 1507 245 39 Unterhaltungen
918 1505 97 32 lonnte.
1048 1511 72 24 man
1150 1506 32 29 es
1213 1503 101 31 immer

179 1550 101 31 wieder
301 1549 97 38 hören,
425 1548 55 39 daß
509 1548 97 39 dieſem
628 1547 169 38 unerhörten
846 1545 81 39 Unfug,
947 1545 47 30 der
1015 1545 32 30 in
1068 1543 47 31 der
1136 1542 92 39 letzten
1249 1542 65 39 Zeit

179 1589 60 32 eine
261 1589 133 38 geradezu
413 1586 155 39 kraukhafte
582 1586 198 39 Ausdehnung
812 1589 134 26 gewonnen
959 1584 60 37 hat,
1040 1583 45 31 ein
1100 1582 79 32 Ende
1194 1583 120 38 gemacht

178 1628 111 32 werden
316 1627 82 39 muß,
424 1627 54 31 mit
504 1626 80 32 Güte
612 1626 65 30 oder
705 1625 53 30 mit
817 1629 93 33 Zwang.
960 1622 65 32 Und.
1053 1629 71 25 man
1144 1620 71 32 kann
1236 1620 78 31 beob⸗

208 1667 59 69 **
310 1667 54 30 wie
392 1666 68 38 dieje
487 1664 165 40 Bewegung
679 1663 66 39 noch
774 1662 99 40 taͤglich
901 1669 39 26 an
960 1661 124 39 Schärfe
1109 1661 58 31 und
1188 1659 127 40 Umfang

180 1707 134 38 gewinnt.

262 1743 70 41 Faſt
359 1744 43 31 die
430 1744 103 38 einzige
552 1743 170 38 Ausnahme
737 1759 37 4 —
790 1747 56 26 von
868 1740 140 40 einzelnen
1023 1739 231 40 Lohnſchreibern
1268 1738 47 31 der

181 1784 119 39 höheren
322 1783 71 39 ——
670 1781 157 40 abgeſehen,
858 1781 42 30 die
930 1787 50 23 um
1011 1779 51 31 des
1094 1778 90 32 lieben
1204 1777 110 34 Brotes

180 1824 95 31 willen
295 1822 74 39 nicht'
400 1823 106 30 andbers
538 1821 107 32 können
675 1837 28 6 —
702 1820 142 31 bildete
868 1820 43 30 die
960 1818 41 39 —
1007 1826 47 23 —
1147 1817 57 32 Sie
1225 1818 90 37 wagte

179 1867 77 35 zwar
277 1862 83 38 nicht,
381 1861 52 31 den
444 1860 98 47 Unfug
556 1868 35 32 zu
606 1859 125 45 billigen,
748 1859 35 38 ſie
799 1858 141 40 verſprach
952 1857 66 39 auch
1033 1856 210 40 „Maßregeln“
1257 1856 58 30 und

192 1900 242 40 Erwaͤgungen?,
445 1900 66 32 aber
525 1901 59 37 ihre
599 1898 236 38 Verſicheruͤngen
849 1903 97 25 waren
959 1897 26 39 jo
998 1897 51 31 laü
1060 1897 58 31 und
1130 1896 26 39 ſo
1167 1897 83 33 matt
1261 1894 55 39 daß

181 1925 36 86 i
228 1941 46 30 der
286 1932 174 47 offenlichen
471 1938 148 39 Meinnng
634 1939 31 30 in
676 1937 107 31 keiner
815 1937 50 39 Weiſe
876 1936 119 39 Genüge
1006 1937 71 36 thun
1088 1935 126 32 konnten.
1236 1934 79 39 Doch

194 1987 151 27 mmerhin,
368 1979 36 38 ſie
433 1978 128 31 erkannte
582 1976 167 40 wenigſtens
776 1984 48 28 an,
858 1975 56 39 daß
941 1979 32 27 es
994 1975 28 39 ſo
1043 1974 73 39 nicht
1137 1974 178 38 weitergehen

180 2018 96 37 könne,
308 2018 37 39 daß
360 2018 98 39 irgend
472 2019 92 29 etwas
579 2017 138 69 ez
731 2015 98 39 müſſe,
849 2023 50 22 um
914 2015 96 39 dieſem
1025 2013 112 46 Unfuͤge
1151 2021 34 31 zu
1199 2012 116 38 ſtehern.

181 2057 74 32 Aber
270 2056 55 40 jetzt
346 2056 102 32 konmt
463 2058 91 30 etwas
570 2064 70 31 gauz
683 2054 234 39 Ueberraſchendes,
936 2053 27 39 ja
978 2052 230 39 Verblüffendes.
1243 2051 72 32 Das

194 2095 302 40 Militaͤrwochenbl.“
518 2095 97 39 briuͤgt
636 2095 80 31 einen
736 2093 115 36 Axtitel,
879 2094 46 30 der
946 2092 49 39 ſich
1017 2093 31 31 in
1069 2091 137 39 ſchärfſter
1227 2091 89 39 Weiſe

197 2136 34 31 ür
262 2136 55 30 das
345 2134 92 33 Duell
464 2135 51 31 ins
543 2134 81 40 Zeuͤg
655 2134 63 37 legt.
760 2132 74 32 Nun
862 2131 69 40 muß
958 2139 70 24 miaan
1058 2131 107 39 wiſſen,
1185 2129 55 39 daß
1262 2131 54 29 das

182 2173 392 39 Militaͤrwochenblenn
609 2172 138 45 oͤffizibſes.
782 2171 109 39 Organ,
925 2172 30 30 in,
989 2171 48 30 der,
1072 2168 245 40 ausgeprägteſten

181 2214 171 38 Bedeutung
386 2214 51 30 des
472 2212 118 33 Wortes
626 2213 42 37 ift?
729 2211 47 32 Es
811 2210 95 39 brüngt
946 2209 139 40 ſämtliche
1120 2208 198 40 Perſonalver⸗

182 2253 182 39 aͤnderungen
385 2253 42 31 im
448 2251 73 41 Heer
542 2252 58 30 und
622 2252 31 31 in
675 2251 45 30 der
741 2250 125 32 Marine
887 2250 61 37 eher
969 2249 49 31 als
1041 2250 47 29 der
1110 2247 207 39 „Reichsanz.“

181 2293 59 31 und
274 2297 57 26 voñ
365 2292 102 39 ſeinem
512 2290 124 38 ſonſtigen
671 2289 84 39 Texte
777 2290 61 38 geht,
872 2288 72 32 keine
970 2288 81 39 Zeile.
1085 2288 32 31 in
1151 2288 51 30 den
1236 2286 82 37 Saͤtz,

182 2332 45 30 die
248 2331 73 39 nicht
341 2336 57 26 voͤn
420 2331 46 30 der
518 2329 255 33 Militaͤrverwaltung
814 2328 122 39 gebilligt
957 2327 41 38 ift.
1071 2334 19 23 Jn
1118 2326 96 38 dieſem
1236 2320 81 44 Falle

183 2370 66 31 aber
270 2370 34 38 iſi
325 2373 32 27 es
379 2369 129 31 vollends
530 2369 69 35 klar,
620 2368 55 38 daß
697 2368 46 30 der
764 2367 104 31 Artkel
884 2365 81 32 direkt
979 2372 57 25 von
1069 2373 28 23 der
1112 2364 205 40 maßgebenden

182 2408 96 33 Stelle
299 2408 153 36 veranlaßt
472 2408 114 30 worden
607 2406 42 37 iſt.

260 2446 73 32 Das
350 2444 311 40 „Militürwochenbl.“
684 2445 48 37 hat
746 2444 77 36 ſchon
838 2444 135 37 mehrfach
988 2443 70 30 über
1080 2443 42 29 die
1136 2442 180 37 Ausnahme⸗

182 2485 96 38 ſtellung
319 2484 46 30 der
386 2483 126 71 ——
553 2483 57 30 und
633 2482 67 31 über
723 2483 41 29 die
786 2482 167 38 Duellfrage
980 2481 107 31 Artikel
1112 2481 134 38 gebracht,
1274 2481 42 29 die

182 2526 47 31 der
250 2523 174 32 öffentlichen
476 2522 117 38 Meinung
616 2522 50 30 ins
688 2521 109 38 Geſicht
825 2521 124 39 ſchlugen
970 2522 58 29 und
1058 2520 55 31 viel
1141 2520 77 38 böjes
1240 2519 75 33 Blut

181 2563 134 39 machten.
385 2562 46 30 Aber
462 2562 46 30 der
536 2561 107 36 neueſte
664 2560 108 38 Aufſatz
803 2561 82 36 dieſer
907 2560 53 31 Art
980 2560 57 38 ſetzt
1058 2559 63 37 dech
1142 2559 97 39 dieſem
1260 2559 56 32 Be⸗

182 2604 105 38 ginnen
307 2602 43 31 die
372 2600 93 33 Krone
487 2599 59 37 auf.
588 2599 65 32 Der
674 2599 104 31 Artikel
799 2599 109 38 ſchließt
928 2599 53 30 mit
1002 2599 53 30 den
1075 2598 135 32 Worten:

255 2649 83 34 „Wer
357 2649 63 33 nach
441 2648 168 34 aufrichtiger
629 2646 217 35 Selbſtprüfung
874 2647 49 33 frei
942 2653 54 23 von
1014 2646 63 34 Haß
1102 2646 55 29 und
1176 2645 76 36 Zorn
1271 2645 45 34 ſich

181 2700 61 26 zum
260 2691 167 35 Zweikampf
446 2690 166 35 entſchließen
632 2691 75 33 muß,
731 2690 60 34 thue
811 2693 29 27 es
868 2690 28 29 in
916 2690 43 29 der
977 2689 203 35 Aberzengung,
1202 2689 65 34 daß
1285 2698 33 20 er

181 2734 109 31 damit
308 2728 92 46 nicht
426 2743 107 26 gegen
562 2734 133 31 Gottes
725 2732 115 35 Wort,
867 2742 104 25 gegen
999 2733 55 29 die
1079 2732 238 34 Verordnung

181 2777 62 34 für
261 2777 52 30 die
332 2777 273 35 Ehrengerichte
634 2777 65 29 und
728 2776 52 30 die
808 2776 253 34 maßgebenden
1082 2775 130 30 Sitten
1240 2781 76 23 ver—

181 2820 93 35 ſtößt.
312 2820 61 31 Wie
392 2821 29 30 in
440 2821 39 29 die
498 2820 137 35 Schlacht,
654 2819 27 34 ſo
701 2820 77 34 möge
798 2828 27 21 er
843 2819 28 29 in
891 2819 47 29 den
958 2819 54 34 ihm
1032 2818 76 35 durch
1123 2819 38 29 die
1173 2817 142 35 Umſtünde
1344 2800 9 44 i

182 2864 235 35 aufgedrungenen
430 2863 164 36 Zweikampf
613 2863 50 30 mit
676 2863 56 29 dem
745 2862 78 34 feſten
837 2861 127 32 Glauben
978 2862 96 34 gehen:
1093 2860 125 34 „Leben
1236 2862 80 32 wir,

181 2907 35 35 ſo
238 2907 95 31 leben
357 2908 63 29 wir
445 2908 69 30 dem
538 2907 128 35 Herrn,
689 2905 126 35 ſterben
840 2905 77 34 wir,
947 2905 33 34 fo
1005 2904 129 35 ſterben
1161 2904 61 30 wir
1246 2904 68 30 dem

181 2951 140 35 Herrn.“

260 2993 53 41 Jſt
333 2997 33 28 es
387 2993 118 39 wirklich
527 2994 170 38 notwendig,
718 2993 46 30 der
779 2992 214 40 unglaublichen
1007 2991 203 39 Verblendung
1230 2991 84 38 diefer

182 3033 87 39 Sütze
280 3033 156 40 Jegenüber
448 3033 41 31 die
497 3032 149 40 Religion,
662 3033 41 30 die
714 3031 106 33 Moral
836 3033 57 30 und
910 3032 53 31 das
973 3031 91 39 Geſetz
1076 3039 36 31 zu
1123 3029 192 39 verteldigen?

182 3073 85 39 Weiß
287 3073 74 38 nicht
382 3071 55 32 alle
457 3071 88 36 Welt,
567 3071 55 40 daß
644 3072 55 30 das
721 3070 149 40 Gegenteil
890 3070 134 40 zutrifft?.
1057 3069 63 33 Der
1141 3069 105 78 de

182 3112 187 39 widerſpricht
390 3111 109 33 Gottes
513 3111 95 32 Wort.
650 3110 72 33 Das
738 3110 94 32 Gebot
847 3110 75 39 ſagt:
946 3133 13 15 „Du
998 3108 105 40 ſollſt
1117 3110 30 30 nicht
1179 3109 134 30 töten!“

182 3151 75 32 Aber
289 3152 47 30 der
370 3150 145 33 Duellant
550 3150 67 32 tötet
657 3151 63 30 oder
751 3148 61 32 will
843 3153 32 27 es
906 3148 190 39 wenigſtens.
1136 3147 43 33 Er
1209 3147 34 38 iſt
1271 3147 44 31 ein

182 3190 190 40 Totſchläger,
391 3195 84 26 wenn
495 3189 74 40 nicht
590 3190 48 30 der
653 3188 88 40 That,
762 3188 62 40 doch
846 3189 46 31 der
913 3187 107 40 Abſicht
1041 3187 78 40 nach,
1140 3187 56 31 und
1218 3186 97 40 gerade

182 3230 43 30 die
250 3229 72 38 letzte
342 3229 67 40 Zeit
430 3230 49 37 hat
500 3229 112 40 gezeigt,
639 3229 53 30 wie
713 3228 41 39 oft
776 3231 57 28 aus
855 3228 47 31 der
922 3226 107 40 Abſicht
1051 3228 41 30 die
1114 3226 78 39 That
1212 3226 104 30 wurde.

262 3268 64 33 Der
387 3267 144 33 Duellant
593 3267 120 40 verſtößt
776 3267 66 39 auch
904 3274 81 32 gegen
1027 3267 43 30 die,
1111 3265 207 40 maßgebenden

183 3307 116 36 Sitten,
359 3312 84 26 wenn
502 3314 71 24 man
614 3310 83 28 unter
741 3306 206 40 „maßgebend“,
990 3305 126 39 verſteht,
1156 3308 64 28 was
1263 3305 54 30 das

183 3346 84 37 Volt,
318 3346 49 31 als
429 3346 59 31 eine
550 3340 103 79 Jhein
728 3346 120 38 gedacht.
902 3344 75 40 fühlt
1038 3346 58 29 und
1158 3343 159 40 empfindet.

183 3385 83 34 Man
287 3385 68 39 laſſe
377 3385 55 31 das
454 3392 84 33 ganze
553 3383 59 32 Volk,
648 3401 36 5 —
706 3383 54 31 däs
776 3354 154 99 ſihze
1000 3384 58 31 und
1074 3384 54 30 das
1142 3382 175 40 Junkertum

183 3426 54 30 mit
259 3424 183 40 einbegriffen
472 3441 37 5 —
542 3423 69 31 über
632 3423 55 30 das
709 3421 90 33 Duell
827 3422 175 37 abſtinmen,
1033 3422 66 31 aber
1127 3421 190 39 wohlgemerkt

183 3465 106 39 geheim
321 3464 57 31 und
400 3465 83 30 unter
514 3462 140 40 abſoluter
674 3461 163 39 Sicherung
866 3462 48 30 des
936 3461 293 38 Wahlgeheimniſfes,
1259 3460 58 30 und

183 3505 55 30 wir
259 3503 59 38 ſind
340 3502 49 39 feſt
410 3502 159 70 in
600 3501 55 38 daß
686 3501 65 38 noch
783 3501 73 37 nicht
887 3501 59 30 eine
966 3499 133 33 Stimme
1127 3505 55 25 von
1204 3499 112 38 tauſend

196 3542 37 38 ich
255 3541 49 39 für
326 3541 51 31 den
397 3541 37 78 ze
493 3540 79 39 amipf
594 3540 182 39 ausſprechen
797 3539 81 31 wird.
919 3537 64 33 Und
1015 3538 53 40 gilt,
1099 3539 59 30 eine
1185 3537 131 33 Stimme

196 3581 71 30 oviel
283 3580 48 31 als
347 3580 126 36 tauſend,
493 3580 64 31 oder
571 3579 194 40 zehntauſend,
785 3580 64 29 oder
864 3586 51 32 gar
946 3578 35 31 ii
1049 3576 181 34 Millionen?
1251 3577 65 32 Wir

195 3619 80 32 tellen
290 3620 42 30 die
347 3619 104 40 Frage.
486 3618 101 34 Darin
601 3620 50 38 hat
666 3618 154 31 allerdings
835 3618 55 31 das
908 3616 306 40 „Milltaͤrwochenbl.“
1231 3616 86 38 recht:

184 3660 55 30 das
260 3656 92 36 Duell
372 3658 121 40 verſtößt
514 3658 72 39 nicht
608 3659 83 38 gegen
713 3658 41 30 die
770 3657 189 39 Verordnüng
973 3656 49 39 für
1036 3657 42 30 die
1122 3655 195 40 Ehrengerichte.

184 3698 66 32 Wir
282 3706 71 31 ſagen
350 3690 102 51 ſogar
465 3697 128 40 poſitib:
616 3698 42 30 die
680 3696 210 39 Ehrengerichte
912 3695 57 38 ſind
991 3695 113 38 Schuld
1134 3695 101 36 daraͤn,
1262 3694 55 39 daß

185 3739 56 29 das
298 3737 55 31 Duůell
374 3737 66 39 noch
462 3736 108 71 —
611 3736 71 40 Hier
703 3735 73 40 giebt
797 3736 55 30 das
874 3735 175 39 militäriſche
1064 3734 86 33 Blatt
1161 3742 44 32 zu,
1225 3735 92 30 worin

184 3777 48 31 der
253 3776 157 39 eigentliche
432 3776 97 78 —
545 3779 41 28 ter
608 3777 47 30 der
683 3774 210 39 Grengerichte
915 3773 109 40 beſteht,
1043 3773 148 71 ſee
1212 3773 104 39 freilich

183 3823 51 63 z
242 3815 164 39 befonderen
418 3815 207 39 Befriedigung
637 3816 46 30 der
691 3814 173 40 Regierung.
885 3812 89 34 Denn
986 3813 67 40 dieſe
1084 3813 67 38 berief
1160 3812 47 39 ſich
1216 3813 101 30 immer

204 3855 95 39 arauf,
310 3854 55 39 daß
377 3855 82 39 durch
472 3854 268 40 ehrengerichtliches
753 3853 92 31 Urtein
856 3852 125 33 niemals
993 3853 45 30 ein
1050 3851 90 33 Duell
1149 3847 155 80 anßeet

183 3895 111 31 werdeü
315 3894 93 31 könne.
451 3893 59 34 Sie
530 3894 76 37 hatte
628 3894 66 39 aͤuch
706 3894 60 30 dem
781 3892 174 39 Buchſtaben
969 3892 67 39 nach
1051 3891 96 39 Recht.
1210 3891 37 39 Daß
1263 3892 53 30 das

184 3933 251 40 ehrengerichtliche.
476 3932 162 47 Verfahren,
678 3932 186 32 uͤnmittelbar
913 3939 48 24 zum,
995 3930 188 41 Zweitampfe.
1216 3931 102 38 notigt,

184 3972 65 32 weil
279 3976 33 28 es
362 3980 54 29 dem,
445 3972 48 32 der
524 3972 49 39 ſich
605 3972 84 39 dieſer
722 3971 266 41 „Standespflicht“
1026 3971 126 38 entzieht,
1182 3970 41 31 die
1246 3970 71 32 Ent⸗

185 4012 103 39 fernung
329 4015 57 28 aus
409 4012 61 31 dem
490 4011 221 40 Offizierſtande
733 4011 130 37 androht,
890 4010 152 70 dee
1074 3978 36 71 e
1132 4009 77 31 dabei
1231 4009 86 39 wohl⸗

184 4051 134 38 iweislich.
369 4050 77 40 Jetzt
477 4050 97 40 geſteht
606 4054 32 28 es
671 4051 53 31 das
763 4049 307 40 „Militärwochenbl.“
1093 4056 45 33 zu,
1171 4049 58 30 und
1263 4049 55 30 wir

187 4090 118 37 nehmen
333 4089 145 32 Keüntnis
512 4091 109 30 davbon:
676 4088 334 40 Der“Zwettampf
1045 4087 159 40 verſtößt
1245 4088 72 39 nicht

184 4136 106 32 gegen
314 4128 60 46 die
400 4127 232 33 Verordnung
684 4128 61 39 für
774 4129 55 31 die
858 4127 290 40 Ehrengerichte,

263 4166 90 37 Nein,
394 4175 84 32 gegen
518 4167 68 39 dieſe,
661 4168 140 31 Verordnung
861 4167 83 39 nicht,
989 4166 76 41 wohl
1116 4166 66 33 aber
1233 4174 83 32 gegen

185 4208 55 30 das
292 4206 100 39 Geſetz.
460 4205 84 34 Oder
594 4206 60 39 ſind
706 4207 42 31 die
802 4207 205 39 Paragraphen
1059 4208 90 29 201-
1158 4208 58 28 210
1285 4209 31 27 des

171 4242 285 49 Strafgeſetzbuches
508 4245 89 78 uht
649 4245 84 38 Kraft
784 4247 102 38 geſetzt
887 4240 52 56 ?.
952 4245 66 32 Wir
1069 4244 96 48 „wiſſen
1212 4245 105 39 freilich

184 4285 98 40 wohl/
333 4285 56 78 —
440 4285 66 40 dieſe
577 4287 177 37 Baragraphen
806 4284 118 40 Dadurch
974 4284 172 40 thatſächlich
1196 4284 122 40 beſeitigt

184 4326 121 35 werden,
322 4325 37 44 daß
402 4326 76 31 einer
499 4324 207 39 Verurteilung
727 4324 42 31 die
791 4324 208 40 Begnadigung
1027 4333 38 23 auf
1099 4325 62 30 dein
1182 4324 81 39 Fuße
1284 4332 34 31 zu

185 4364 40 38 Fe
299 4365 96 38 pflegt.
437 4364 74 32 Aber
532 4365 61 31 dem
616 4364 104 39 Geſebe
751 4363 108 47 zufolge,
890 4365 71 29 wird.
993 4365 47 30 der
1060 4363 161 41 Zweikam̃pf
1266 4365 53 30 mit

185 4404 206 45 Feſtuugshaͤft,
412 4409 57 26 von
489 4404 59 31 drei
569 4403 147 33 Monaten
737 4402 48 31 bis,
806 4410 35 32 zu
861 4402 66 39 fünt
946 4402 116 40 Jahren
1095 4402 130 40 beſtraft;
1256 4403 63 31 den⸗

184 4437 119 49 ſenigen⸗
324 4443 160 79 eſen
505 4443 116 40 Gegner
643 4443 77 36 tötet,
750 4441 48 41 ſoll
820 4442 59 31 eine
900 4441 107 40 Strafe
1023 4437 85 80 ziqh
1139 4445 82 28 unter
1252 4443 67 39 zwei

183 4481 118 40 Jahren
332 4483 109 31 trejfen.
483 4482 50 33 So
565 4483 91 31 Jautet
687 4482 54 33 das
774 4481 99 40 Geſetz.
925 4480 59 41 Hat
1018 4484 33 28 es
1099 4482 59 31 keine
1189 4481 130 40 Gelkung

184 4522 89 36 mehr,
293 4523 58 29 und
372 4489 50 103 ii
442 4521 111 33 wann?

205 4559 118 46 Die,
344 4563 55 29 mit
420 4561 52 47 den
492 4561 127 33 Duellen
640 4562 47 32 der
707 4561 94 40 letzten.
821 4560 66 41 Zeit
907 4559 321 48 zuſammenhängenden
1243 4560 76 32 Vor⸗

204 4606 68 30 änge
323 4599 90 39 haben,
464 4608 41 24 im
549 4601 87 32 Volke
687 4601 142 40 wahrhaft'
862 4600 171 39 verwüſtend
1072 4599 119 41 gewirkt.
1246 4599 73 33 Das

217 4639 131 40 extrauen
383 4639 52 39 auf
469 4640 42 31 die
546 4640 151 40 Thatkraft
731 4640 47 32 der
809 4639 174 41 Regierung,
1009 4641 42 31 im
1076 4639 105 39 rechten
1208 4638 111 41 Augen⸗

184 4671 78 32 blicke,
289 4677 53 29 mit
370 4677 79 38 feſter
469 4678 87 40 Hand
585 4680 197 40 Anzugreifen,
808 4680 95 32 wurde
928 4680 96 39 ſchwer
1056 4679 164 41 erſchuͤttert
1273 4678 46 33 Es

183 4710 120 47 Jt.piel
331 4718 53 48 Mt
414 4724 35 31 u
480 4719 121 38 achen.
648 4719 74 32 Aber
753 4727 69 24 nian.
854 4719 92 47 durfte
976 4719 63 40 doch
1071 4727 38 24 auf
1153 4719 51 32 den
1235 4720 85 38 gufen

170 4745 134 58 Willen,
321 4753 124 37 rechneir
496 4756 54 32 Da
581 4758 102 32 konmt
714 4759 55 31 das
800 4758 309 40 Militirwochenbfn
1142 4759 58 31 und
1232 4758 88 40 acht

184 4793 54 29 mit
272 4791 85 46 ſeiner.
385 4791 162 40 Lobhymne
576 4797 51 38 auf
657 4798 54 31 das
732 4797 69 34 Duell
845 4798 55 32 alle
919 4801 84 37 guten
1023 4798 112 41 Anſätze
1162 4806 34 33 zu
1223 4799 97 39 nichte.

184 4829 69 33 Wer
274 4832 76 45 trägt,
371 4830 42 32 die
466 4836 196 31 Berantworkung
702 4837 109 38 dafur
792 4825 30 57 ?
851 4837 53 40 Jft
924 4839 42 31 die
986 4837 166 41 Regierung
1180 4838 73 39 nicht
1280 4839 40 31 m

185 4869 128 36 Stande,
342 4870 60 39 ihre
432 4869 149 34 Autorität
612 4845 66 68 .5
712 4876 74 32 allen
806 4876 108 34 Seiten
944 4878 49 39 hin
1015 4877 108 40 gatend
1144 4884 35 34 zu
1198 4878 123 40 machen,

184 4909 78 32 dann
282 4909 79 41 moge
400 4909 25 32 ſie
453 4911 75 31 einer
560 4910 124 34 ſtärkeren
704 4916 126 31 weichen.
882 4916 90 33 Denn
993 4916 16 32 beffer
1100 4918 45 31 ein

167 4943 178 54 Schrecken⸗
365 4909 50 73 a
436 4950 46 32 ein
502 4949 150 35 Schrecken
673 4953 69 37 ohne
793 4955 59 32 Ende.
1012 4917 67 40 eſſer
1087 4913 66 79 ein
1167 4917 78 33 Ende
1268 4920 52 30 mit

622 5016 72 16 —
720 5017 64 15 —

937 5071 154 37 amburg,
1114 5075 47 28 25.
1183 5072 94 33 April.

261 5102 65 35 Der
356 5104 141 35 Rücktritt
528 5107 51 33 des
609 5108 60 40 ſehr
700 5107 160 33 verdienten
880 5069 58 71 5
948 5111 74 39 noch
1047 5080 143 71 Krolus
1202 5079 67 73 —
1290 5115 30 29 S⸗

181 5142 158 41 tauglichen
371 5145 282 36 Generalleutnanté
690 5153 26 26 v.
746 5148 104 40 Spitz
880 5147 97 42 hüngt,
1010 5150 54 32 wie
1097 5152 56 31 wir
1187 5153 132 39 Emeidet

180 5182 103 73 —
302 5184 54 32 mit
377 5185 62 33 dem
460 5192 57 28 von
546 5188 50 73 4
618 5188 244 40 ausgearbeiteten
882 5188 57 32 und
960 5189 41 31 im
1022 5188 111 41 Auguſt
1152 5197 28 26 9.
1193 5192 38 40 J.
1253 5198 66 27 vom

208 5222 205 42 ctegsminiſter
444 5226 63 34 dem
565 5228 71 41 Kaiſer
667 5228 175 41 vorgelegten
872 5227 137 48 Entwurf
1040 5230 77 31 einer
1143 5230 176 33 Mititär⸗

178 5259 71 41 ſr
224 5255 205 61 afprozeſ⸗
438 5255 153 61 Neform
612 5267 169 43 guſammen?
823 5267 69 35 Von
912 5268 123 43 gewiffer
1049 5268 86 35 Seite
1155 5271 72 31 wird
1246 5271 71 41 dazu

1339 1203 76 34 zwar
1449 1197 144 39 gemeldet,
1627 1196 47 31 der
1718 1194 141 33 Rückritt
1898 1194 36 39 ſei
1966 1192 119 41 erfolgt,
2117 1191 65 32 weil
2213 1188 260 35 Genexalleumant

1340 1243 16 25 d
1382 1236 84 71 —
1487 1244 35 31 zu
1542 1235 84 40 lauge
1636 1236 41 30 im
1688 1234 202 38 Miniſterium
1904 1233 130 40 geweſen,
2055 1231 48 31 als
2119 1230 56 39 daß
2189 1238 29 23 er
2229 1230 55 31 das
2297 1227 176 46 Kommando

1340 1276 79 30 eincs
1461 1274 160 39 Arucekorps
1642 1274 69 39 habe
1733 1273 186 39 übernehmen
1940 1272 116 35 lönnen,
2076 1269 58 32 und
2149 1270 36 31 da
2199 1276 62 25 nun
2274 1269 71 39 ſeine
2358 1267 117 40 Hinter⸗

1341 1314 119 32 niainer
1481 1314 105 31 berens
1608 1321 34 33 zu
1663 1312 332 40 Korpgtonimiandeuren
2016 1311 123 31 ernannt
2160 1309 82 38 ſeien,
2269 1308 58 31 und
2348 1314 29 23 er
2398 1304 77 48 jelbſt

1341 1353 137 40 mehrfach
1500 1353 108 32 leidend
1630 1352 118 40 geweſen
1775 1352 48 39 ſei,
1852 1351 69 40 habe
1952 1351 50 38 ſich
2033 1350 72 39 ſeine
2125 1346 240 41 Verabſchiedung
2396 1347 79 36 nötig

1360 1392 111 40 eniacht!
1533 1391 141 40 Moͤglüh,
1713 1391 57 41 daß!
1811 1393 91 29 etwas
1929 1390 127 37 Wahres
2097 1388 91 31 daran,
2228 1387 51 39 iſt;,
2317 1385 70 47 aber
2411 1380 62 46 der

1341 1401 194 71 Femd
1589 1432 51 31 des“
1694 1430 173 33 Ruͤctrittes
1921 1429 73 32 kann!
2047 1428 56 31 das
2156 1426 73 32 nicht
2289 1425 67 39 ſein,
2415 1423 59 32 und

1342 1471 147 40 Algemein
1509 1470 62 39 hält
1591 1478 70 24 man
1682 1478 39 24 an
1742 1470 46 31 der
1806 1469 216 45 Ueberzeugung
2041 1466 60 40 feſt,
2114 1466 34 31 daß
2190 1472 66 25 eben
2276 1465 47 30 der
2337 1462 138 39 Entwurf

1342 1512 75 30 einer
1436 1518 92 25 neuen
1494 1505 124 85 ——
1990 1508 44 30 die
2047 1505 132 33 wirkliche
2235 1504 29 40 ac
2329 1502 42 39 iſt.
2399 1501 75 33 Nun

1342 1551 48 36 hat
1411 1550 18 40 ſ.
1441 1549 59 72 —
1522 1550 47 31 der
1597 1547 279 40 Kriegsninifter
1907 1545 137 35 Geueral.
2064 1544 144 35 Bronfart
2228 1549 27 26 v.
2284 1540 190 42 Schellendorf

1342 1588 78 39 jnen
1450 1588 130 39 Eutwurf
1601 1589 50 31 des
1674 1587 146 34 Generals
1843 1586 83 40 Spiß
1947 1585 77 41 ſelbſt
2044 1583 183 34 unterbreitet
2247 1583 57 31 und
2333 1581 65 39 ſteht
2426 1580 48 46 der

1342 1628 121 39 Reform
1483 1628 74 39 nicht
1590 1636 58 23 fern.
1690 1626 136 40 Deshalb
1847 1625 34 39 iſt
1907 1629 32 28 es
1968 1625 73 39 nicht
2083 1631 20 25 zu
2129 1622 195 45 verwundern,
2348 1620 55 39 daß
2431 1620 42 31 die

1343 1667 316 39 Senſationsnachricht
1681 1666 168 39 aaftauchen
1876 1664 108 36 konnte.
2011 1671 67 31 aͤuch
2107 1663 47 31 der
2181 1660 229 46 Kriegsminiſter,
2437 1659 36 39 ſei

1342 1702 243 78 ziricgatgetz
1684 1705 60 33 Ein
1764 1704 168 34 Diesdener
1953 1703 87 34 Blatt
2060 1701 93 32 wollte
2172 1701 81 40 ſogar
2273 1700 77 40 ſchon
2366 1698 108 40 wiſſen,

1362 1746 36 39 aß
1420 1754 28 23 er
1470 1745 82 40 duͤrch
1573 1746 53 31 den
1640 1745 129 33 General
1783 1750 28 25 v.
1829 1743 75 39 Goß
1917 1733 53 56 ler
1986 1742 90 31 werde
2090 1742 86 37 erſetzt
2190 1740 118 31 werden.
2336 1737 137 40 Dagegen

1342 1786 71 30 wird
1434 1791 57 26 von
1504 1784 108 34 Berlin
1626 1787 57 28 aus
1699 1783 157 39 allerdings
1871 1782 137 39 berichtet,
2028 1780 56 40 daß
2098 1780 61 31 dies
2174 1779 124 38 Gerücht
2311 1778 39 32 in
2370 1777 103 32 allen

1343 1823 135 33 Teiten
1498 1823 29 40 je
1538 1825 61 30 der
1620 1821 281 41 thatſächlichen
1921 1820 234 34 Begründung
2207 1818 181 38 entbehre,
2414 1816 58 31 und

1344 1865 54 29 das
1419 1863 33 38 iſt
1466 1863 67 39 auch
1547 1861 256 41 wahrſcheinlich,
1802 1878 27 6 —
1844 1868 69 24 man
1927 1861 54 31 wird
2014 1860 46 31 der
2075 1827 154 71 Zſ
2262 1857 49 31 des
2326 1855 146 33 Generals

1344 1902 82 46 Spitz
1447 1903 73 37 nicht
1541 1902 87 38 jofort
1648 1902 43 30 die
1712 1901 51 31 des
1784 1899 251 40 Kriegsminiſters
2063 1898 94 39 folgen
2188 1897 97 34 laſſen,
2315 1896 72 31 denn
2417 1894 55 31 das

1343 1942 94 31 wuͤrde
1459 1942 43 31 die
1524 1941 95 40 Fraͤge
1639 1940 67 39 nach
1732 1940 47 31 der
1800 1939 122 38 Reform
1952 1939 50 30 des
2024 1935 362 40 Militarſtrafverfahrens
2407 1933 65 46 noch

1344 1981 172 32 brennender
1536 1987 124 28 machen,
1691 1979 48 32 aäls
1772 1979 36 38 ſie
1838 1979 77 39 ſchon
1945 1977 42 38 iſt.
2029 1976 103 38 Nächſt
2162 1977 62 30 dem
2245 1974 228 39 Kriegsminiſter

1344 2015 115 79 hanlic
1493 2020 53 31 wie
1567 2019 116 32 bekannt
1705 2018 43 38 iſt,
1771 2016 149 40 innerhalb
1942 2017 50 30 des
2013 2015 221 38 Miniſteriums
2255 2015 46 30 der
2323 2012 150 46 Reichs—

1364 2059 125 40 anzler
1510 2058 86 39 dafuͤr
1617 2057 229 40 ausgeſprochen,
1866 2056 55 39 daß
1943 2055 103 39 endlich
2068 2055 42 31 die
2131 2053 122 40 Reform
2274 2053 49 30 des
2338 2051 136 34 Militär;

1345 2098 205 46 ſtrafprozeſſes
1572 2098 32 31 in
1624 2097 115 39 Angriff
1766 2103 164 33 genonnnen
1961 2095 98 31 werde.
2081 2111 37 5 —
2140 2093 64 32 Der
2227 2092 114 41 „Hann.
2364 2090 107 33 Cour.“

1345 2138 89 38 erhaͤlt
1462 2138 31 30 in
1521 2137 84 39 dieſer
1629 2136 162 39 Beziehung
1819 2138 57 28 aus
1898 2134 105 33 Berlin
2032 2133 125 39 folgende,
2184 2131 159 38 Meldung:
2374 2129 99 40 „Man

1345 2176 115 40 erzaͤhlt,
1493 2176 57 39 daß
1581 2175 128 34 General
1741 2174 143 39 Bronſart
1905 2179 27 25 9.
1964 2171 206 40 Schellendorff.
2199 2171 77 39 ſchon
2307 2171 55 43 im,
2381 2169 92 39 letzten

1376 2215 68 38 droͤſt
1457 2215 59 40 ſehr
1529 2215 175 39 keſignierter
1719 2213 175 39 Stimniung
1915 2212 119 40 geweſen
2054 2212 36 39 ſei
2104 2212 57 30 und
2176 2211 31 31 in
2253 2208 153 39 Vorausſicht,
2427 2209 47 29 der

1347 2256 106 34 Dinge,
1467 2255 42 30 die
1524 2254 35 32 da
1575 2255 123 30 koͤmmen
1712 2252 127 35 würden,
1853 2260 67 31 gern
1934 2252 77 38 ſchon
2026 2250 115 32 damals
2157 2250 50 31 den
2222 2249 95 38 Kaiſer
2331 2256 48 23 um
2394 2248 80 30 einen

1345 2293 169 40 Nachfoͤlger
1535 2293 111 40 gebeten
1673 2292 83 40 hätte.
1804 2291 80 38 Nach
1912 2291 76 31 einer
2014 2291 106 30 andern
2141 2288 104 34 Lesart
2267 2287 73 39 hätte,
2362 2295 28 23 er
2412 2287 61 30 dies

1344 2334 80 38 ſogar
1451 2333 78 38 ſchon
1559 2333 112 63 —
1691 2331 49 39 ſich
1762 2330 66 32 aber
1849 2330 125 39 bewegen
1995 2329 99 40 laſſen,
2115 2329 51 30 den
2186 2327 112 32 Winter
2319 2326 68 31 über
2408 2325 66 39 noch

1346 2372 50 39 auf
1423 2372 100 39 ſeinem
1545 2371 102 38 Poſten
1675 2371 198 39 auszuharren
1899 2370 58 30 uüd
1985 2369 57 39 ſein
2063 2367 113 40 Reſſort
2204 2373 51 24 vor
2276 2367 60 29 dem
2358 2364 116 37 Reichs?

1345 2414 61 35 tage
1436 2418 34 31 zu
1502 2413 147 28 verireten.
1700 2409 50 32 So
1779 2408 119 39 erzählte
1925 2416 70 23 man
2017 2408 31 30 in
2068 2407 206 39 konſervativen
2295 2405 111 37 Kreijen
2427 2404 47 38 feit

1344 2449 173 44 Monalen.
1561 2448 64 32 Der
1639 2447 215 40 Reichskanzier
1876 2447 181 38 andrerſeits,
2078 2447 46 30 der
2144 2453 62 23 nun
2226 2446 40 29 im
2288 2446 47 28 38.
2353 2442 121 34 Lebens

1344 2489 74 36 jahre
1447 2487 76 39 ſteht,
1549 2487 50 38 ſoll
1627 2488 119 37 ohnehin
1774 2488 91 38 wenig
1879 2482 194 57 Geueigtheit
2101 2485 118 39 beſitzen,
2246 2483 65 38 noch
2342 2482 48 38 für
2423 2483 51 30 den

1343 2528 113 31 Winter
1477 2528 42 30 die
1541 2526 276 40 Regieruͤngsarbeit
1839 2525 51 40 auf
1911 2527 51 30 den
1989 2525 156 39 Schultern
2165 2532 34 32 zu
2221 2523 126 38 behalten
2368 2522 58 31 und
2447 2521 27 39 ſo

1345 2566 111 39 ſchwebe
1483 2567 32 30 in
1544 2566 127 70 F
1689 2536 146 69 Fn
1864 2565 50 38 auf
1934 2565 79 31 Aller
2040 2564 108 39 Lippen
2177 2564 103 30 bereits
2311 2563 47 30 der
2379 2560 95 33 Name

1548 2608 9 17 8

1363 2609 32 27 es
1426 2613 91 23 neuen
1581 2605 201 40 Reichskanzlers
1827 2605 58 31 und
1929 2604 177 39 preußiſchen
2149 2601 325 39 Miniſterpräfidenten.

1331 2639 154 55 Diesmal
1526 2652 89 23 nennt
1655 2652 69 23 man
1765 2644 89 31 weder
1901 2643 52 31 den
2029 2643 57 69 ie
2155 2641 209 37 Walderſee
2408 2639 67 38 noch

1345 2691 80 38 einen,
1458 2683 115 46 andern
1615 2682 138 37 General⸗
1793 2682 117 39 ſondern
2069 2681 95 39 ießlich
2215 2681 52 30 den
2314 2678 162 39 Boſchafter

1346 2731 30 22 in
1415 2722 96 36 Wien,
2072 2720 246 39 enobefreundeten
2393 2717 82 38 Grafen

1345 2761 157 38 Philipp
1525 2760 239 39 Eulenburg,
1784 2760 47 30 der
1852 2766 61 25 nin
1933 2761 74 29 endlich
2052 2759 113 37 beruͤfen
2186 2759 46 37 ſei,
2252 2759 55 29 das
2323 2757 57 37 ihm
2398 2757 77 37 ſchon

1355 2801 36 29 eit
1412 2799 113 38 langem
1545 2799 159 39 zugedachte
1737 2798 99 38 höchſte
1857 2797 69 31 Amt
1953 2798 41 29 im
2035 2797 80 37 Reiche
2142 2797 57 29 und
2228 2797 31 29 in
2281 2794 132 38 Preuſen,
2440 2801 34 31 zu

1344 2838 194 36 übernehien.
1560 2854 37 5 —
1620 2836 153 38 Gerüchte!
1789 2836 76 31 Aber
1880 2835 155 38 allerdings
2049 2842 70 31 ganz
2134 2833 175 38 intereſſante
2325 2832 147 37 Gerüchte.

1343 2876 58 33 Die
1423 2876 126 38 Gewähr
1577 2875 49 38 für
1653 2876 80 37 ihren
1760 2874 112 39 Jnhalt
1898 2881 67 31 mag
1992 2874 67 36 aͤuch
2087 2872 46 31 der
2153 2870 240 40 Berichterſtatter
2421 2871 50 30 des

1342 2917 158 37 genannten
1521 2914 121 34 Blattes
1663 2914 73 38 nicht
1756 2913 187 38 uͤbernehmen
1970 2912 58 31 und
2055 2912 54 31 wir
2136 2911 100 38 mögen
2263 2913 32 28 es
2324 2909 51 38 erſt
2402 2909 70 39 recht

1342 2956 71 29 nicht.
1463 2954 75 31 Aber
1559 2953 67 39 auch
1654 2953 42 31 die
1717 2952 154 40 Nat.Ztg.
1898 2950 134 32 bemerkt:
2062 2949 136 40 „Sollten
2228 2948 108 40 gewiſſe
2356 2948 117 69 —

1343 2993 89 39 flüſſe,
1473 2993 42 30 die
1555 2993 102 30 immier
1691 2991 114 38 ſtärkere
1822 2956 116 77 Bendf
2102 2988 195 39 hervorrufen,
2331 2987 143 39 endgültig

1343 3032 102 39 Erfolg
1469 3031 91 39 haben
1590 3032 33 31 in
1643 3030 98 40 Bezug
1762 3030 51 39 auf
1844 3030 54 31 das
1920 3028 150 37 Scheltern
2102 3029 45 29 der
2167 3026 226 40 Neugeſtaltung
2423 3027 51 30 des

1343 3071 274 38 Strafperfahrens,
1649 3070 27 39 ſo
1707 3069 118 32 würden
1855 3068 201 40 weitreichende
2087 3066 319 40 Beränderungen
2436 3066 39 31 in

1343 3111 60 31 der
1443 3111 196 39 Regierung
1659 3109 163 32 eintreten.“

1423 3184 59 34 Die
1515 3182 304 33 nationalliberale
1846 3180 335 41 Reichtagsfraktion
2224 3179 120 40 ſchwankt
2374 3180 102 31 wieder

1344 3225 53 31 wie
1417 3225 46 31 ein
1484 3223 83 40 Rohr
1599 3225 40 29 im
1659 3223 113 32 Winde.
1814 3222 64 32 Wie
1909 3225 32 28 es
1973 3222 72 30 beim
2066 3221 124 38 Antrage
2226 3220 82 69 —
2340 3220 77 39 ging,
2447 3219 28 39 ſo

1363 3264 43 46 eht
1427 3266 32 29 es
1481 3263 59 31 aug
1569 3263 105 31 wieder
1691 3262 73 32 beim
1786 3261 151 32 Berbote
1958 3261 61 30 des
2040 3258 288 38 Terminhandels
2349 3265 45 24 an
2415 3257 59 31 der

1384 3302 85 39 oͤrſe,
1509 3302 83 32 Man,
1622 3301 75 40 hinkt
1727 3301 68 46 nach
1827 3301 97 31 beiden
1944 3300 115 33 Seiten.
2100 3298 178 39 Wenigltens
2300 3296 111 40 ſchreibt
2432 3297 43 31 die

1348 3342 57 38 B.
1426 3341 197 40 Börſ.Ztg.“,
1643 3341 42 31 die
1717 3343 32 28 es
1781 3348 28 31 ja
1840 3339 95 40 wiſſen,
1966 3338 107 39 müßte,
2102 3337 68 32 über
2201 3337 43 31 die
2266 3336 140 40 Stellung
2428 3337 47 30 der

1345 3380 283 33 Nationalliberaͤlen
1648 3388 65 31 zum
1728 3378 236 39 Terminhandel,
1983 3381 33 29 es
2037 3377 87 32 werde
2136 3377 44 31 ein
2192 3375 283 40 Fraltionsbeſchluß

1346 3421 31 30 in
1399 3420 82 38 dieſer
1492 3419 96 39 Sache
1599 3420 102 37 ſeitens
1724 3420 47 30 der
1782 3418 100 38 Partei
1895 3418 73 39 nicht
1978 3417 62 71 ee
2084 3416 118 36 werden/
2212 3415 120 40 ſondern
2342 3418 32 28 es
2386 3415 88 31 werde

1346 3460 50 29 den
1417 3458 142 40 einzelnen
1579 3458 192 39 Mitgliedern
1801 3456 158 40 überlaſſen
1991 3456 117 35 bieiben,
2136 3455 59 39 ihre
2223 3454 153 33 Stimmen
2407 3454 67 39 nach

1344 3498 122 38 eigenem
1487 3496 146 39 Ermeſſen,
1654 3496 191 45 abzugeben
1862 3495 59 33 Die
1949 3496 66 31 weit
2035 3494 204 39 überwiegende
2260 3493 147 45 Mehrheit
2428 3493 47 31 der

1345 3536 136 32 Fraktion
1512 3536 90 31 werde
1633 3535 49 39 ſich
1714 3536 49 38 fuͤr
1794 3536 43 31 die
1860 3534 159 33 Vollmacht
2050 3535 50 30 des
2121 3533 202 35 Buͤndesrats,
2353 3540 23 31 je
2407 3533 67 38 nach

1377 3575 82 71 —
1475 3576 52 31 den
1548 3573 225 41 Terminhauͤdel
1794 3582 39 24 an
1854 3574 46 31 der
1921 3573 90 34 Börſe
2032 3572 231 41 einzuſchräuken,
2283 3572 87 39 —
2377 3572 88 70 —

1344 3618 66 28 was
1462 3623 29 22 der
1525 3614 260 38 Wiederherſtellung
1839 3614 47 31 der
1919 3612 228 41 urſprünglichen,
2175 3610 300 41 Regierungsvorlage

1345 3655 32 31 in
1417 3654 98 40 dieſem
1556 3653 107 39 Punkte,
1705 3653 196 40 gleichkommt.
1976 3652 98 39 Durch
2118 3651 66 39 dieſe
2231 3650 244 39 Stellungnahme

1345 3694 47 31 der
1441 3692 272 33 nationalliberalen
1754 3692 138 40 Fraktion
1946 3692 89 31 werde
2085 3691 58 30 eine
2182 3689 193 40 Mehrheit,
2425 3690 50 31 des

1345 3732 188 40 Reichstages
1582 3732 49 40 für
1671 3731 279 40 Wiederherſtellung
1990 3731 48 31 der
2077 3728 398 41 Regierungsvorlage

1345 3778 152 33 gewonnen
1548 3772 66 38 ſein.
1681 3771 96 32 Wenn
1824 3774 33 28 es
1905 3773 64 36 trätz
2018 3769 86 40 dieſes
2147 3767 144 39 Umfalles
2339 3768 137 39 einzelner

1345 3810 268 33 nationalliberalen
1643 3810 212 40 Abgeordneten
1903 3810 104 38 gelingt,
2037 3810 54 30 das
2122 3807 136 40 gänzliche
2286 3806 108 39 Verbof
2426 3808 49 29 des

1345 3850 243 40 Terminhandels
1611 3850 192 40 abzuwehren,
1823 3850 28 39 ſo
1866 3818 35 69 iß
1913 3850 55 30 das
1989 3847 164 40 wenigſtens
2168 3847 73 37 nicht
2257 3847 51 30 den
2320 3846 156 31 National⸗

1345 3890 136 31 liberglen
1495 3897 35 39 zu
1551 3889 113 32 danken.
1705 3889 153 71 donß
1880 3888 95 32 könnte
1997 3896 67 23 man
2079 3886 47 40 ſich
2148 3886 123 31 darüber
2291 3885 109 39 freuen,
2420 3885 56 38 daß

1345 3930 42 30 die
1408 3929 148 40 Fraktlon,
1576 3929 93 31 indem
1691 3930 46 30 ein
1788 3928 37 31 Teil
1846 3927 58 40 für,
1924 3929 46 29 ein
1992 3926 65 33 Teil
2095 3933 64 24 gegen
2180 3925 52 31 den
2253 3919 210 86 Tdhen

1345 3968 112 38 ſtimmt,
1487 3968 53 70 i
1576 3968 66 38 Abſt
1669 3973 52 26 vor
1749 3968 47 30 der,
1818 3966 202 48 Eutſcheidung
2046 3965 96 32 drück.
2181 3963 76 33 Aber
2285 3964 60 31 eine
2395 3964 82 36 Partei,

1346 4009 41 30 die
1407 4008 48 40 Ja
1482 4015 41 24 und
1596 4008 45 31 Nein
1668 4014 35 33 zu
1734 4006 114 40 gleicher
1875 4006 66 40 Zeit
1968 4006 70 40 ſagt,
2067 4004 112 32 verliert
2210 4002 63 40 doch
2305 4002 85 40 völlig
2417 4003 59 39 ihre

1345 4047 328 41 Exiſtenzberechtigung.

1424 4122 71 33 Das
1537 4120 203 40 italieniſche
1775 4120 233 39 Minifterium
2049 4118 35 32 di.
2123 4116 134 32 Rudini
2298 4117 95 32 wurde
2434 4117 43 31 bei

1344 4162 100 39 ſeinem
1472 4160 112 33 Antritt
1605 4161 66 71 E
1696 4160 179 40 ſympathiſch'
1903 4160 118 39 begrüßt
2042 4158 57 32 und
2119 4156 148 41 beſonders
2288 4157 28 40 ſah
2356 4164 69 24 man
2446 4157 31 31 in

1344 4200 118 72 —
1489 4200 88 71 —
1635 4200 128 39 hätigkeit
1811 4199 194 40 höffnungsvoll
2032 4200 136 36 entgegen.
2230 4196 60 33 Die
2346 4195 131 41 Criſpi'ſche

1345 4239 195 40 Afrikapolltik
1560 4240 76 39 hatte
1657 4240 55 30 das
1734 4238 63 34 Land
1849 4247 20 23 in
1889 4240 59 31 eine
1969 4237 53 40 faſt
2042 4235 178 39 verzweifelte
2241 4235 75 40 Lage
2342 4235 134 40 gebracht.

1346 4279 59 34 Die
1455 4280 47 39 Ehre
1523 4280 47 31 der
1591 4279 143 72 iſhiß
1745 4287 33 23 en
1800 4279 99 39 Fahne
1920 4283 61 27 war
2008 4278 31 30 in
2059 4275 166 41 Abeſſynien
2246 4275 69 38 ſtark
2336 4276 142 39 engagiert

1346 4320 58 31 und
1435 4327 69 24 mian
1531 4319 28 39 ſah
1606 4318 72 33 keine
1750 4318 146 40 Mögluchkeit,
1923 4318 42 31 die
1993 4316 122 40 Scharte
2141 4320 56 26 von
2224 4314 85 32 Adua
2336 4316 54 30 mitt
2417 4316 61 30 dem

1346 4359 146 39 Schwerte
1513 4359 101 31 wieber
1635 4361 200 37 auszuwezen/
1848 4357 148 31 allgemein
2014 4355 126 40 hertſchte
2156 4353 118 41 deshalb
2289 4355 47 31 der
2350 4354 130 39 Wunſch,

1347 4399 42 31 die
1416 4398 174 40 afrikaniſche
1613 4396 271 41 Eroberungspolitik
1921 4404 35 33 zu
1977 4395 135 40 verlaſſein
2137 4395 58 30 und
2217 4394 53 31 mit
2292 4395 60 30 dem
2373 4393 105 40 Negus

1347 4439 80 31 einen
1448 4437 176 41 ehrenvollen
1645 4437 122 40 Frieden
1787 4444 34 32 zit
1843 4436 103 40 ſuchen.
1981 4435 104 39 Crispi
2105 4429 127 80 weißzet?
2252 4433 40 79 ſe
2318 4433 89 41 deſſen
2421 4435 58 29 und

1346 4477 97 40 mußte
1484 4477 119 39 deshalb
1645 4482 56 26 don
1728 4477 101 39 ſeinem
1863 4475 82 32 Ainte
1982 4475 125 39 ſcheiden.
2190 4480 37 24 on
2266 4474 90 31 ſeinem
2387 4472 92 40 Nach⸗

1362 4517 74 70 her
1477 4517 61 31 dem
1565 4516 207 40 konſervativen
1793 4514 144 40 Marcheſe
1959 4515 29 31 di
2041 4513 89 35 Rudini,
2174 4512 64 40 hoffte
2263 4520 80 29 man,
2373 4512 56 40 daß
2451 4520 28 24 er

1365 4564 42 24 em
1429 4555 196 41 afrikaniſchen
1642 4555 157 32 Abenteuer
1820 4554 28 40 ſo
1869 4553 95 41 ſchuͤell
1983 4554 53 31 wie
2056 4553 43 32 ſe
2192 4553 46 31 ein
2256 4552 81 32 Ende
2357 4560 123 28 machen,

1347 4595 56 40 daß
1434 4603 29 24 er
1494 4594 148 41 jedenfalls
1673 4602 51 32 zur
1755 4594 178 78 J—
1964 4593 50 32 des
2046 4592 56 39 afri

1347 4634 95 34 Lande
1472 4634 73 33 keine
1576 4641 90 25 neuen
1693 4633 98 39 Opfer
1808 4633 174 39 auferlegen
2012 4632 103 32 würde.
2192 4631 49 40 Dieſe
2266 4631 149 41 Hoffüung,
2447 4630 33 39 iſt

1347 4674 135 40 getäuſcht
1509 4674 125 36 worden,
1660 4673 42 32 die
1752 4672 345 40 Friedensverhandlungen
2123 4671 53 30 mit
2204 4671 62 31 dem
2287 4671 104 33 Negus
2419 4670 60 71 ſez

1348 4713 183 40 aͤbgebroͤchen
1545 4714 58 31 und
1618 4716 32 29 es
1664 4713 72 32 wird
1751 4714 31 31 in
1796 4712 97 40 Afrika
1907 4713 95 30 weiter
2019 4709 141 42 „obert“
2176 4711 119 31 werden.
2372 4711 107 39 Nachdem

1348 4753 65 33 aber
1441 4754 46 30 der
1516 4754 89 70 een
1640 4753 118 37 Grund,
1785 4755 58 30 aus
1874 4752 60 31 dem
1956 4752 54 31 das
2031 4749 201 39 Miniſterium
2252 4751 30 31 di
2302 4749 114 33 Rudini
2437 4749 42 33 bei

1348 4794 34 71 ſie
1461 4792 166 40 Erſchelnen
1641 4792 178 40 ſympathiſch
1835 4791 118 40 begrüßt
1966 4791 106 37 wurde,
2091 4789 178 39 fortgefallen
2286 4789 44 40 iſt,
2350 4789 130 40 beſinnen

1366 4834 24 31 ie
1410 4832 202 42 fortſchrittlich
1627 4832 138 72 —7
1810 4831 118 31 taliener
1949 4830 50 40 ſich
2021 4829 51 41 auf
2086 4829 49 32 des
2191 4829 102 41 Marcheſe
2307 4829 172 32 reaktionäre

1335 4869 247 50 Vergangenheit.
1676 4871 46 32 ohl
1743 4872 96 38 hallen
1861 4870 35 40 ſie,
1926 4869 74 32 beim
2021 4869 109 40 Sturze
2159 4868 164 42 Franzesco
2346 4869 135 40 Crispis,

1348 4914 52 31 wie
1421 4919 57 27 von
1499 4914 89 31 einem
1610 4911 70 34 Drucd
1723 4911 111 37 befreit,
1865 4909 150 33 erleichtert
2047 4909 181 39 aufgeatmet,
2259 4909 86 32 allein
2376 4908 36 40 ſie
2439 4917 41 23 er⸗

1347 4953 102 33 lennen
1479 4952 67 41 jetzt,
1586 4952 36 32 daß
1683 4951 35 40 ſie
1778 4951 25 32 bei
1844 4950 60 32 dem
1975 4944 63 89 eaſf
2093 4944 70 49 nicht
2190 4954 160 67 E
2380 4948 99 40 haben.

1348 4993 90 39 Mehr
1471 4994 59 31 uͤnd'
1574 5000 78 24 mehr
1687 4991 89 40 macht
1811 4991 60 31 eine
1911 4989 61 33 dem
2024 4988 132 39 ſiziliſchen
2216 4988 264 41 Latifundienbeſitzer

1348 5032 145 41 Marcheſe
1524 5033 29 32 di
1589 5031 125 38 Ruͤdini,
1748 5032 61 32 dem
1837 5030 90 40 Feind
1962 5029 69 33 aller
2072 5028 156 39 Reformen
2263 5028 52 40 auf
2342 5028 139 40 Sizilien,

1348 5074 61 31 dem
1473 5072 115 41 Gegner
1649 5072 74 33 allen
1785 5070 184 42 Fortſchritts
2030 5068 57 33 und
2148 5068 70 32 aller
2384 5068 95 39 —

1348 5112 98 34 —
1453 5112 83 34 —
1605 5112 150 73 —
1806 5110 158 35 Stinimung
2033 5109 41 32 im
2124 5107 96 34 Lande
2271 5108 11 39 ſich
2362 5108 117 40 geltend.

1376 5156 133 37 ranzesco
1570 5153 88 40 Crispl,
1685 5153 48 32 der
1760 5152 166 40 feinfühlige
1987 5148 137 34 Beobachter
2152 5148 47 32 der
2227 5147 178 41 Stimnumg
2433 5149 47 31 der

1377 5193 117 32 tallener
1522 5193 58 32 und
1608 5193 47 32 der
1684 5192 95 41 ſichere
1834 5200 83 25 Kennck
1945 5192 87 41 ſeiner
2085 5188 160 38 Landsleute,
2292 5188 42 32 hält
2361 5187 55 42 jeßt
2437 5188 42 32 die

1381 5233 147 40 elegenheit
1549 5233 78 41 ſchon
1647 5232 49 42 für
1717 5231 122 43 günſtig,
1859 5240 50 25 um
1924 5231 105 33 bereits
2044 5231 80 32 einen
2137 5228 105 47 kleinen
2289 5228 92 39 Vorſtoß
2395 5236 84 33 gegen

1345 5272 52 34 den
1461 5274 102 40 Marcheſe
1582 5281 36 34 zu
1630 5275 213 40 unterůehmen.
1870 5272 65 33 Wie
1948 5272 83 41 unſer
2044 5270 143 42 Roͤmiſche
2200 5268 279 43 EBerichterſlalter

1958 2682 96 39 ausſch

1551 2722 52 31 den
1642 2722 61 30 dem
1745 2721 97 39 Kaiſer
1882 2721 119 38 perjſönli

2117 4591 124 47 anlſchen
2269 4591 117 40 Lrieges
2437 4599 42 25 dem

2501 1189 60 28 uns
2573 1186 207 31 telegraphiert,
2789 1183 259 33 verſammelte
3060 1182 128 40 Criſpi
3219 1180 85 39 geftern
3315 1179 88 32 abend
3412 1179 42 31 die
3473 1175 50 54 jhm
3523 1180 113 44 treu⸗

2503 1224 120 71 gebe
2656 1222 526 41 enenabgeordneten
3021 1213 50 54 in
3070 1213 113 54 ſeinem
3183 1213 100 54 Baͤuſe
3291 1220 58 31 und
3358 1213 130 54 beſprach
3493 1213 140 54 mitihnen

2522 1264 23 31 ie
2566 1263 148 39 Bolitit
2735 1263 191 36 Rudinis,
2947 1263 42 30 die
3010 1262 55 30 das
3086 1260 81 34 Land
3188 1261 53 30 den
3261 1259 118 40 größten
3399 1257 237 45 Demütigungen

2504 1304 138 39 ausſetzen
2672 1302 98 31 werde.
2812 1301 44 33 Er
2886 1301 50 32 bat
2966 1301 70 38 ſeine
3086 1299 114 36 Freunde,
3230 1306 49 24 um
3310 1297 179 33 Sonnino
3520 1304 20 30 ſich
3599 1300 37 34 zu

2503 1342 159 40 ſchären,
2689 1342 48 31 der
2764 1342 48 30 der
2832 1340 94 33 Erbe
2946 1340 91 40 ſeines
3087 1346 145 64 reae
3272 1338 45 36 ſei.
3339 1354 36 5 —
3397 1335 108 33 Daran
3526 1335 110 31 ertennt

2502 1389 71 25 maͤn
2593 1382 101 31 wieder
2715 1380 108 32 einmal
2843 1381 92 38 feinen
2957 1379 114 39 Crispi.
3095 1369 52 56 Er
3142 1376 104 45 ſtellt
3268 1376 48 39 ſich
3337 1376 27 39 ſo‚
3387 1383 49 28 an,
3466 1374 48 46 als
3543 1373 34 46 ob
3605 1380 30 25 er

2503 1421 72 38 nicht
2596 1422 78 38 mehr
2694 1421 127 39 mitthun
2841 1418 91 38 iolle,
2962 1418 58 32 und
3048 1418 118 31 ernennt
3193 1416 50 39 ſich
3264 1416 80 31 einen
3365 1414 97 33 Erben
3481 1421 32 24 in
3532 1413 103 38 ſeinem

2502 1460 132 39 fruͤheren
2654 1458 236 41 Schahininiſter.
2933 1456 97 34 Dabei
3051 1456 73 40 weiß
3145 1463 28 24 er
3189 1457 69 38 ganz
3280 1461 101 33 genau,
3412 1452 55 39 daß
3488 1452 141 33 Sonnino

2516 1505 61 26 war
2622 1500 46 31 ein
2715 1499 180 31 bedeutender
2929 1496 216 41 Finanzmann,
3185 1494 64 32 aͤber
3309 1493 153 70 lezeeg
3498 1490 136 38 imſtande

2502 1538 43 39 ſſt,
2565 1539 43 31 die
2630 1536 237 42 Geſamt⸗-Politik
2880 1536 138 41 Jtaliens
3029 1504 31 69 ſ
3080 1543 36 32 zu
3134 1536 149 33 dertreten,
3302 1533 52 31 wie
3369 1533 42 30 die
3433 1530 205 47 Schwierigkeit

2502 1578 47 32 der
2569 1577 75 41 Lage
2665 1578 58 32 und
2744 1577 43 32 die
2801 1575 130 41 Angunſt
2952 1576 48 30 der
3013 1575 66 46 Zeit
3093 1575 56 30 das
3164 1573 153 39 erfordern.
3358 1570 156 46 Vorlaufig,
3535 1570 102 45 lonmt

2502 1620 32 29 es
2556 1618 59 39 ihm?
2635 1624 57 25 nur
2712 1616 106 39 darauf
2838 1623 49 29 an⸗
2915 1614 133 33 Rudinis
3076 1612 142 39 Stellung
3243 1619 36 33 zu
3299 1610 175 39 erſchüttern.
3516 1609 122 39 Gelingt

2502 1657 59 39 ihm
2581 1657 67 36 das,
2715 1656 73 31 wird
2810 1663 28 24 er
2860 1654 84 40 ſelber
2965 1654 101 31 wieder
3086 1654 53 30 den
3160 1651 77 40 Blaͤtz
3259 1651 163 37 einnehmen
3443 1648 110 46 wollen,
3580 1653 57 26 von

2501 1696 62 31 dem
2584 1695 47 32 der
2697 1695 102 39 Marcheſe
2819 1695 51 38 ihn
2890 1693 177 39 verdrüngte,
3097 1693 74 30 denn
3213 1689 135 40 Franzisto
3371 1688 103 38 Crispi
3497 1687 83 46 trägt
3593 1687 44 32 die

2502 1734 65 40 Laſt
2587 1735 88 40 ſeiner
2696 1737 39 28 77
2755 1733 96 41 Jahre
2872 1732 66 40 noch
2960 1732 78 39 leicht
3058 1731 58 32 und
3138 1738 30 24 er
3188 1731 34 30 it
3242 1729 145 40 ehrgeizig,
3413 1728 57 40 ſehr
3492 1727 144 39 ehrgeizig.

2561 1817 65 33 Der
2647 1816 111 40 Papſt
2792 1817 72 31 wird
2899 1823 62 25 nun
2982 1815 74 39 doch,
3089 1815 53 31 wie
3177 1811 191 41 telegraphiſch,
3402 1810 78 40 ſchon,
3500 1808 133 47 gemeldet

2501 1858 107 35 wurde
2628 1856 44 32 bei
2693 1857 48 31 der
2761 1854 210 34 Mostauer
2992 1843 196 56 Lronungs
3187 1843 108 56 feier
3318 1852 141 43 vertreten
3483 1849 67 39 ſein,
3578 1847 58 32 und

2500 1902 77 34 zwar
2597 1896 73 31 wird
2691 1895 59 32 kein
2778 1895 116 32 anderer
2916 1894 51 39 ihn
2993 1895 148 34 vertreten,
3172 1891 49 32 als
3252 1892 47 30 der
3335 1889 49 32 als.
3415 1889 139 39 Förderer
3589 1883 49 46 der

2502 1935 229 39 Autiſemitiſchen
2751 1933 165 46 Bewegung
2951 1934 32 30 in
3004 1932 96 35 Wien,
3134 1930 49 32 als,
3219 1931 135 38 geheimer
3375 1928 193 44 Drahtzieher
3584 1927 52 31 des

2502 1974 59 33 Dr.
2582 1973 108 40 Lucger
2720 1974 59 31 und
2815 1976 49 28 als
2899 1973 117 31 intimer
3050 1971 92 39 Feind
3176 1969 141 39 Ungarus
3348 1967 131 32 belannte,
3520 1966 118 32 Wiener

2502 2013 138 32 Runius
2654 2012 191 39 Monfignore
2865 2011 187 32 Agliardi?
3094 2009 88 40 Unſer
3193 2008 144 40 römiſcher
3355 2008 27 29 E.
3385 2005 253 47 Verichterſtatter

2502 2052 100 32 meldel
2635 2055 61 29 uns
2731 2051 70 32 uͤber
2832 2052 43 31 die
2933 2049 187 41 Angelegenheit
3151 2049 106 35 weiter,
3287 2046 55 38 daß
3373 2047 43 31 die
3447 2044 192 40 päpſtliche

2502 2091 161 40 Miſfion
2683 2092 32 31 in
2736 2089 143 37 Moskau,
2906 2097 51 24 um
2985 2089 73 31 allen
3079 2087 217 39 Etikettefragen
3324 2088 58 28 aͤus
3410 2085 61 30 dem,
3491 2083 85 46 Wege
3603 2089 36 34 zu

2503 2132 93 38 gehen,
2617 2130 94 40 ebenfo
2732 2131 53 30 woie
2816 2130 139 38 jeinerzeit
2987 2128 42 31 die
3049 2127 127 39 Miſſion
3207 2127 49 30 des
3278 2124 161 34 Kardinals
3462 2122 177 34 Galimbert

2503 2172 31 29 in
2564 2169 117 37 Berlin,
2711 2177 46 24 an
2789 2167 400 40 ailen'gemeinſamen
3219 2163 337 39 Veranſtaltungen
3587 2162 51 32 des

2525 2204 204 79 lorzatn
2749 2203 98 49 Korps
2845 2203 66 78 ſic
2940 2206 92 38 nicht
3053 2204 203 40 beteiligen
3276 2204 98 31 werde.
3422 2202 64 32 Wie
3514 2202 125 31 erinner⸗

2503 2248 50 39 lich
2594 2247 114 39 Handelt
2750 2251 32 27 es
2817 2247 50 39 ſich
2921 2247 24 30 bei
2979 2246 89 39 dieſen
3103 2244 217 38 Etiketlefragen
3354 2243 114 35 darum,
3501 2240 56 40 daß
3590 2240 49 31 der

2503 2286 125 33 Vaͤtikaͤn
2658 2286 49 39 fuͤr
2738 2287 93 38 ſeinen
2861 2284 146 33 Vertreter
3038 2283 111 32 überall
3179 2283 53 31 den
3253 2282 127 32 Vortritt
3411 2286 52 26 vor
3493 2281 52 30 den
3566 2279 74 32 Ver⸗

2503 2329 105 28 trelern
2628 2326 48 31 der
2697 2325 118 39 Maͤchte
2836 2324 140 32 verlangt.
3017 2323 53 33 Da
3091 2323 56 30 das
3172 2320 299 41 orthodox⸗katholiſche
3496 2318 142 40 Rußland

2503 2367 60 29 dem
2591 2365 147 32 Vertreler
2766 2365 50 31 des
2838 2362 303 41 römiſch⸗katholiſchen
3162 2360 121 40 Papſtes
3304 2360 104 39 ſolchen
3461 2366 84 32 Vorzug
3565 2357 75 40 nicht

2504 2404 155 39 bewilligen
2686 2403 93 32 wollte
2807 2403 58 31 und
2886 2403 108 35 konnte,
3026 2410 15 22 jo
3069 2401 76 31 wäre
3177 2403 32 28 es
3232 2399 112 38 beinahe
3366 2399 87 37 dahin,
3472 2398 169 39 gekommen,

2504 2444 55 38 daß
2587 2444 47 30 der
2655 2442 89 40 Papft
2772 2442 43 31 bei
2843 2443 52 30 den
2926 2439 365 40 Krönuͤngsfeierlichkeiten
3320 2439 33 31 in
3373 2437 133 33 Moskau
3536 2442 105 26 unver⸗

2503 2486 89 28 trelen
2624 2482 81 31 blieb.
2758 2481 82 33 Man
2871 2480 94 32 denke!
3005 2479 76 41 Jebt'
3112 2479 34 36 iſt
3177 2479 57 38 aiſo
3266 2478 45 31 ein
3332 2477 127 39 Ausweg
3490 2475 151 45 gefunden,

2504 2524 46 29 der
2584 2522 138 31 Nuntius
2757 2521 131 39 Boliardi
2922 2520 62 39 geht
3018 2519 67 39 Aach
3117 2518 143 36 Moskau,
3283 2517 58 32 und
3376 2518 55 31 das
3467 2514 173 40 europäiſche

2504 2562 211 40 Gleichgewicht
2737 2560 86 32 bleibt
2843 2559 151 41 ungeflört.

2583 2644 81 40 Nach
2686 2644 75 31 einer
2782 2642 223 33 Reutermeldung
3057 2645 58 29 aus
3147 2640 174 40 Layſtadt,
3351 2640 50 38 hat
3432 2640 48 31 der,
3511 2638 130 40 engliſche

2506 2684 191 32 Gouverneur
2728 2682 49 39 für
2798 2680 175 41 Südafrika,
3038 2682 26 30 Sir
3089 2680 139 41 verkules
3260 2678 197 40 Robinſon,
3487 2678 43 31 die
3552 2678 90 31 Ant⸗

2505 2723 90 31 wort
2615 2722 63 32 des
2699 2721 227 40 Praͤſidenten
2946 2720 136 39 Krüger
3102 2719 53 39 auf
3175 2720 43 30 die
3233 2717 201 39 Einladung
3454 2716 187 39 Chamber⸗

2504 2760 119 36 lain
2593 2751 52 51 s,
2647 2761 68 37 nach
2737 2758 165 39 Eugland
2922 2766 41 31 zu
2984 2758 158 34 kommen,
3175 2757 125 38 erhalten
3330 2757 60 31 und
3414 2756 67 39 nach
3504 2755 136 40 England

2487 2795 142 47 gekabelt.
2672 2798 146 68 —
2838 2798 59 38 ſagt
2922 2799 31 30 in
2984 2797 87 39 ſeiner
3091 2796 145 36 Antwort,
3265 2804 29 23 er
3324 2795 85 31 könne
3440 2794 74 40 jetzt
3544 2794 98 39 Richt

2502 2837 79 39 nach
2603 2837 152 39 England
2800 2837 135 39 reiſen,
2955 2836 65 31 weil
3041 2837 47 29 der
3115 2835 165 31 Bolksraad
3301 2834 70 39 ſeine
3408 2833 70 32 nle
3599 2834 42 32 im

2501 2878 40 29 im
2572 2875 95 34 Lande
2699 2875 141 38 verlange.
2889 2874 73 33 Das
2996 2874 35 38 iſt
3063 2873 125 41 lediglich
3224 2874 43 31 die
3300 2872 129 40 offizielle
3450 2872 190 40 Beſtätigung

2501 2917 75 30 einer
2597 2915 78 40 ſchon
2695 2914 152 32 bekannken
2869 2913 161 40 Thatſache.

2815 2969 284 136 Dee
3120 3014 199 95 Reich.

3306 3112 129 34 Berlin,
3453 3114 42 29 25.
3515 3111 89 32 April.

2575 3166 34 5 —
2627 3150 53 36 Jm
2704 3150 133 39 Auftrage
2861 3150 48 30 des
2933 3149 133 35 Kaiferd
3109 3151 28 39 Kat
3162 3148 45 66 i
3233 3149 44 29 der
3299 3147 226 36 Flügeladiutant
3577 3146 65 36 Oberſt

2504 3185 89 70 i
2603 3192 25 24 v.
2653 3186 116 32 Moltle/
2793 3185 204 30 Kommandeur
3024 3185 46 30 des
3111 3183 60 42 Leib?
3210 3183 302 35 Küraſſiet⸗-Regiments
3531 3182 112 34 Großer

2504 3221 128 33 Kurfürſt
2657 3220 173 35 Schleſijches
2855 3220 54 30 Nr.
2929 3222 25 32 4,
2978 3220 63 34 nach
3066 3218 115 34 Kreiſau
3206 3218 119 41 begeben,
3348 3227 49 21 um
3416 3226 45 22 am
3480 3218 96 35 Saxae
3595 3218 47 30 des

2504 3255 331 42 Generalfeldmarſchallz.
2864 3254 108 33 Grafen
2997 3260 25 24 v.
3041 3253 138 31 Moltke
3207 3262 75 21 einen.
3309 3259 54 24 von
3391 3253 59 30 dem
3476 3252 166 36 Kaiſerpagr

2504 3292 168 34 gewigmeten
2697 3291 101 34 großen
2815 3288 185 43 Loxherlranz
3025 3288 203 35 niederxzulegen,
3272 3287 70 32 Eine
3360 3288 80 34 weiße
3458 3287 184 35 Atlasſchleife

2504 3328 52 39 des
2568 3324 122 36 Kranzes
2715 3326 74 33 traͤgt
2813 3333 28 32 in
2861 3323 150 32 Golddruck
3035 3324 39 29 die
3126 3323 256 40 Anfangsbuchſtaben
3401 3323 44 29 der.
3464 3322 111 30 Namen
3594 3322 47 31 des

2503 3360 111 41 Laiſers
2632 3360 55 30 und
2707 3360 44 29 der
2770 3358 122 35 Kaiſerin
2912 3359 121 30 darüher,/
3065 3358 72 35 Auch
3157 3358 39 29 die
3215 3357 188 34 verſchiedenen
3416 3356 161 35 Mitglieder
3595 3357 46 30 der

2503 3396 133 53 Jgulen
2658 3400 25 24 d.
2701 3394 107 31 Molkke
2818 3394 91 40 haben
2929 3393 191 35 Lorberkränze,
3138 3392 64 35 nach
3224 3391 113 35 Kreiſau
3375 3391 98 34 geſandt,
3491 3392 79 32 ſowie
3588 3392 52 31 das

2503 3428 294 35 deib⸗Kuͤrafſier⸗
2816 3432 82 38 Regiment.
2923 3428 110 34 Großer
3057 3427 129 34 Kuͤrfürſt,
3211 3428 55 29 und
3285 3427 50 30 das
3381 3426 259 35 Füſilier⸗-Regiment

2504 3464 290 41 Generalfeldmarſchan
2836 3463 76 35 Eraf
2931 3463 107 30 Woltke,
3057 3462 173 34 Schleſiſches
3249 3461 53 31 Nr.
3315 3464 43 28 88.

2635 3499 56 31 Die
2720 3498 201 35 preuftifchen
2951 3498 247 34 Etaatsbaähnen
3228 3497 84 34 haben
3342 3497 38 30 im
3410 3496 107 42 März
3546 3496 25 31 d.
3604 3495 35 37 J.

2491 3527 46 45 88
2547 3536 52 28 o55
2604 3527 75 45 000
2688 3533 62 31 Mk.
2777 3534 94 34 (gegen
2895 3534 51 29 das
2965 3533 123 34 Vorjahr
3112 3533 73 35 mehr
3210 3533 51 28 401
3264 3527 75 45 650
3348 3531 74 34 Mk.)
3447 3538 170 24 vereinnahn

2503 3576 99 23 wovon
2629 3569 49 34 auf
2705 3568 240 35 Perſonenverkehr
2971 3570 33 26 18
3016 3571 50 26 988
3071 3563 66 44 000
3147 3567 61 30 Mk.
3236 3567 84 34 (mehr
3340 3568 78 27 1842
3427 3568 53 28 465
3498 3567 73 32 Me.)
3591 3535 50 66 D

2504 3605 128 40 Frachten
2659 3606 35 27 57
2700 3599 57 50 8566
2770 3599 60 50 900
2847 3603 61 30 Mt.
2936 3603 85 34 (mehr
3049 3605 15 25 1
3066 3599 59 50 665
3136 3599 53 50 289
3217 3601 72 35 Mk.)
3316 3601 55 31 und
3396 3601 51 35 auf
3470 3602 170 34 verſchiedene

2505 3640 173 34 Einnahmen
2704 3641 17 26 6
2726 3632 57 52 201
2795 3632 70 52 900
2873 3638 60 30 Ml.
2962 3637 125 35 (weniger
3114 3639 79 27 2210
3202 3632 79 52 916,
3285 3636 73 35 Mt.)
3396 3636 133 35 entfallen.
3585 3636 55 31 „Die

2504 3675 145 35 gefamte
2675 3673 327 42 Jabreseinnabme
3029 3671 238 35 überſchreitet
3300 3679 72 27 zum
3403 3672 105 34 erſten
3537 3670 103 31 Male

2505 3711 73 29 eiue
2608 3709 210 34 Miltiarde;
2854 3708 33 33 ſie
2918 3707 116 34 erreichte
3071 3708 116 32 189696
3219 3701 68 46 102
3305 3708 53 27 988
3363 3701 81 46 000
3456 3705 61 31 Mk.
3553 3706 86 34 (mehr

2504 3747 35 26 b3
2549 3746 52 27 708
2610 3746 52 26 496
2682 3744 62 29 oder
2762 3743 46 65 ſ
2826 3742 51 31 das
2895 3741 148 31 Lilometer
3060 3743 73 33 mehr
3154 3743 68 27 1310
3240 3741 72 34 Mk.)

2564 3777 178 34 Soeben
2775 3777 21 38 iſt
2817 3777 47 32 der
2874 3776 106 39 neueſte
2990 3776 88 34 Band
3100 3781 57 26 von
3179 3774 177 40 Lbbells
3381 3774 256 47 Fahresberichten

2505 3818 68 32 über
2594 3818 42 31 die
2657 3816 323 40 Veränderungen
3009 3815 73 32 und
3107 3810 226 78 Frntte
3384 3815 48 30 im
3452 3813 186 33 Militär⸗

2504 3857 144 40 weſend,
2668 3855 225 41 herausgegeben
2915 3862 57 25 Lon
2992 3855 61 31 dem
3074 3853 262 34 Generallentnant
3355 3860 24 33 z.
3401 3852 44 33 D.
3466 3859 56 26 von
3543 3852 95 39 Belet⸗

2505 3896 161 33 Narbonne.
2687 3895 125 40 (Berlag
2832 3901 57 26 von
2910 3894 37 46 E.
2969 3893 42 34 S:
3033 3893 121 33 Mittler
3174 3900 29 24 .
3216 3892 103 40 Sohn)
3340 3892 160 40 erſchienen.
3541 3892 47 32 Es
3604 3892 34 39 iſt

2505 3936 73 39 nicht
2598 3935 170 39 unmöglich,
2789 3934 55 39 daß
2866 3934 42 31 die
2928 3933 92 40 jüngſt
3041 3934 30 30 in
3093 3933 46 31 der
3160 3932 94 39 Preſſe
3276 3931 212 39 aufgetauchten.
3521 3931 117 32 Erörte⸗

2505 3982 109 32 rungen
2640 3974 70 31 über
2731 3974 42 31 die
2795 3972 222 39 Einführung
3049 3975 65 28 von
3142 3970 410 40 Schnellfeuergeſchützen
3583 3970 55 32 bei

2505 4014 59 31 der
2584 4012 181 32 Artillerie
2785 4014 60 38 hier
2875 4013 80 37 ihren
2976 4011 129 40 Urſprung
3154 4011 100 38 haben.
3294 4009 51 41 Jn
3393 4018 30 23 der
3454 4009 185 40 allgemeinen

2506 4054 178 38 Erörterung
2703 4051 70 33 über
2794 4053 55 30 das
2870 4050 148 34 Material
3046 4051 47 32 der
3142 4049 116 33 Artillerie
3288 4049 45 33 bei
3362 4050 53 32 den
3447 4049 192 41 europäiſchen

2505 4093 108 40 Heeren
2634 4091 117 32 bemerkt
2772 4092 47 30 der
2838 4090 235 41 Jahresbericht:

2576 4132 52 41 Jm
2647 4131 194 43 Vordergrund
2869 4132 46 29 des
2933 4130 148 41 Jntereſſes
3109 4131 63 34 ſteht
3190 4130 41 30 die
3257 4125 115 74 luggtigz
3391 4129 185 35 Bewaffnung
3595 4129 45 31 der

2505 4167 201 36 Feldaͤrtillerie.
2744 4167 44 31 Es
2806 4173 58 23 war
2891 4166 183 40 urſprünglich
3102 4166 40 29 die
3161 4165 99 35 Jrage,
3288 4174 14 21 ob
3347 4174 66 21 man
3439 4165 39 30 bei
3496 4164 143 35 Aunahme

2506 4204 71 29 Anes
2602 4212 85 21 neuen
2706 4201 131 42 Syſtems
2856 4202 49 30 den
2924 4204 77 27 Wert
3019 4200 49 35 auf
3092 4201 56 30 eine
3173 4200 209 35 Verdorragende,
3407 4199 168 35 Steigerung
3595 4199 45 30 der

2506 4233 324 73 Lelcinziſtct
2859 4237 74 41 legen
2958 4237 99 33 wuͤrde,
3083 4236 61 30 oder,
3163 4236 33 29 ob.
3216 4236 39 29 die
3273 4235 116 69 ——
3402 4234 173 35 chwindigkeit
3593 4233 46 32 als

2507 4275 43 29 der
2569 4274 139 34 beſouders
2727 4281 33 26 zu
2797 4272 181 35 begünſtigende
2997 4271 99 36 Faltor
3118 4270 141 35 erſcheinen
3290 4270 57 30 ſolle.
3410 4279 26 20 Jm
3455 4269 184 34 Allaemeinen

2506 4310 47 34 hat
2572 4312 29 27 es
2620 4309 49 30 den
2687 4308 137 34 Anſchein,
2852 4307 45 31 als
2917 4308 32 30 od
2978 4307 40 30 die
3036 4305 107 36 Löſung
3166 4306 37 30 im
3231 4305 113 31 letzteren
3363 4303 95 32 Siune
3485 4304 155 35 hevorſtehe,

2507 4345 94 29 Vomit
2637 4344 55 30 eine
2728 4343 116 35 gewiffe,
2885 4342 30 31 in
2951 4350 110 27 engeren
3098 4341 124 31 Grenzen
3271 4339 100 35 liegende,
3408 4339 149 41 Erhöhung,
3594 4339 46 30 der

2508 4378 368 36 Geſchoßgeichwindigkeilen
2915 4377 68 34 nicht?
3025 4376 206 35 ausgeſchloffen,
3267 4375 38 34 iſt.
3345 4368 111 51 Leineg
3456 4368 102 51 fallz/
3569 4373 70 31 kann

2508 4415 62 30 ber
2613 4416 95 35 iicce
2744 4413 56 35 fehe
2842 4413 121 33 erheblich
3003 4413 117 32 werden,
3163 4411 33 29 da
3233 4410 39 30 die
3298 4409 110 42 andexe
3445 4408 129 35 Rückſicht.
3610 4408 29 31 in

2508 4451 43 29 der
2580 4449 184 35 Laffelerungꝰ
2795 4447 193 36 Forderungen
3017 4447 81 33 ſtellt/
3128 4446 40 29 die
3194 4445 47 35 ſich
3267 4447 50 39 mit
3347 4444 182 30 bedeutendem
3556 4442 84 33 Rück

2509 4486 56 34 floß
2583 4485 67 35 nicht
2668 4487 149 27 deriraͤgen.
2854 4483 44 31 Es
2917 4483 46 33 haͤt
2983 4481 61 34 nach
3063 4481 178 35 Vorgüngeu,
3265 4481 40 29 die
3327 4479 152 36 ungeachtet
3504 4479 44 30 der
3566 4478 74 35 meiſt

2508 4521 118 64 ſeen
2899 4517 44 30 der
2962 4516 125 35 Berſuche
3113 4516 140 41 allgemein
3278 4515 94 30 —
3426 4521 55 58 —
3562 4510 79 49 ſind⸗

2526 4556 21 29 ie
2566 4556 91 35 Royte
2677 4552 273 36 Wahrfheinlichkeit,
2981 4552 52 35 daß
3049 4551 156 42 Srantreich
3235 4551 56 31 dem
3310 4549 187 36 entichiebenen
3516 4548 124 43 Schnen

2497 4586 113 74 ſin
2624 4590 62 34 chüß
2705 4589 49 30 den
2772 4588 114 42 Vorzug,
2913 4587 80 35 geben
3020 4588 75 29 wird.
3132 4586 134 34 Rußland
3293 4586 48 35 hat
3367 4585 119 35 zunächſt
3513 4593 56 21 eine
3587 4584 54 30 Art

2533 4624 262 36 ebergangoͤſtadium
2814 4623 124 35 gewuͤhlt,
2950 4623 52 30 das
3021 4622 76 31 indes
3117 4622 68 34 nicht
3197 4628 54 24 von
3269 4621 94 34 langer
3376 4620 97 41 Dauer,
3490 4619 54 33 ſein
3556 4619 85 35 kann;

2508 4661 62 34 Anqh
2589 4661 54 35 hiec
2663 4660 30 34 J
2711 4659 43 30 en
2779 4658 183 35 eniſchiedener
2981 4657 78 32 Wert
3081 4657 50 34 auf
3156 4658 38 28 die
3219 4654 303 43 Feuergeſchwindigkeit,
3545 4653 94 35 gelegt

2507 4696 72 35 Anch
2615 4694 287 36 Oeſierrcich;Ungarn
2920 4694 66 35 zieht
3015 4693 52 31 das
3095 4692 167 36 —
3418 4698 30 22 in
3462 4689 125 42 ernſt?.
3614 4697 27 21 Ex⸗

2508 4731 128 35 Bügung.
2665 4731 30 30 n
2722 4729 109 36 Jtalien
2861 4729 55 35 ſnid'
2945 4732 30 27 e
2996 4734 66 25 nur
3092 4728 43 30 der⸗
3173 4726 152 42 Geldyuntt
3358 4724 56 31 und,
3433 4724 49 42 die
3509 4723 133 43 politiſche

2508 4766 80 35 dade
2605 4765 90 34 uelche
2714 4766 75 29 elnen
2808 4764 155 36 Forifchritt
2982 4763 49 35 auf
3052 4764 57 30 dem
3134 4762 99 41 Gebiet
3256 4762 117 41 hemmene
3413 4759 42 31 die
3478 4759 164 42 vrinzipielle

2508 4802 195 35 Anerlennung
2746 4801 71 35 jener
2864 4799 191 34 Konſtruktion
3097 4797 46 31 als
3180 4798 156 39 derienigen.
3359 4776 60 59 ber
3454 4794 120 36 Bukunft
3609 4794 33 34 iſt

2509 4838 62 30 Ter
2619 4837 105 35 erfoiat.
2797 4835 55 31 Die
2900 4834 121 35 Schweiz
3064 4833 54 30 und
3174 4830 196 32 Nochamerika
3424 4829 114 36 ſchenken
3582 4829 60 42 den

2509 4872 145 35 Verſuchen
2673 4872 49 30 nit
2741 4865 324 73 Sgecteghraßſgiht
3083 4867 147 37 gleichfalls
3242 4866 139 36 Jntereſſe
3399 4865 54 36 Jn
3468 4866 173 40 allgemeinen

2523 4908 225 67 alen
2778 4907 52 34 daß
2861 4906 49 30 mit
2940 4905 57 29 dem
3042 4903 137 43 Uebergang.
3197 4911 61 27 sum
3277 4900 290 44 Schuellfeztergeſqit
3586 4907 56 22 eine

2536 4943 290 33 aliberverminderung
2845 4940 152 31 perbunden
3015 4938 54 36 ſein
3087 4939 78 33 wird/
3183 4938 60 42 doch
3262 4946 53 22 nur,
3334 4946 30 32 in
3381 4936 100 35 ſolchen
3540 4942 103 33 Grenzen.

2509 4980 52 34 daß
2579 4979 40 30 Ne
2638 4978 131 34 Wiriin
2789 4977 37 30 iñ
2845 4974 79 36 Feide
2942 4974 64 36 noch
3025 4973 270 41 beobachtuͤngsfühig
3314 4972 88 30 bleibt.
3449 4971 96 41 Unter.
3557 4971 18 27 6
3598 4969 44 30 bis

2508 5017 44 40 66
2571 5013 51 32 Eg.
2660 5010 317 38 Geſchohgewicht.
2911 5002 81 51 wird
3004 5018 67 22 man
3102 5009 138 36 ſchwerlich
3268 5008 170 35 hexahgehen,
3455 5002 90 51 wohei
3565 4999 77 44 ſchon

2510 5059 55 22 ine
2613 5049 96 35 Einbuße
2729 5057 36 21 n
2784 5044 274 37 Schrapnewirkang
3077 5045 47 31 des
3143 5044 133 41 einzelnen
3294 5042 130 35 Schuſſes
3449 5050 29 21 in
3505 5039 65 43 ——
3620 5046 23 36 —

2509 5087 111 34 gehmen
2640 5085 39 34 iſt.
2725 5082 44 36 Jn
2788 5082 59 42 den,
2888 5080 336 41 Geſchoßgeſchſvindigkeiten
3250 5078 102 31 werden
3379 5078 53 28 600
3450 5084 29 19 m
3518 5075 125 34 vielleicht

2508 5122 55 35 hier
2582 5120 54 31 nd
2655 5120 34 29 da
2709 5117 112 42 ereicht.
2838 5117 142 42 jedenfallg.
2999 5116 68 35 nicht
3085 5115 183 34 liberſgritten
3286 5113 111 31 werden.

2597 5163 20 24 a
2651 5155 61 31 dem
2746 5152 105 32 Ariitel
2884 5159 70 25 uber
2989 5151 43 32 die
3065 5149 195 41 Bewaffnung
3293 5149 47 32 der
3373 5145 269 42 franzöſiſchen

2507 5196 144 33 Artillerie
2671 5192 60 42 lieft
2753 5200 85 27 man:

2578 5236 55 32 Die
2651 5234 194 38 Fewarinerie
2873 5233 48 36 hat
2947 5232 63 42 zwei.
3037 5231 168 43 verſchiedene
3223 5228 112 33 Nallber,
3361 5233 56 26 von
3441 5226 143 35 Kanenen.
3601 5224 41 32 die

2505 5274 36 29 go
2559 5256 172 55 Ninimerc
2734 5256 101 55 Kanei
2871 5270 48 37 iit
2936 5267 114 36 uncüd?
3099 5270 110 29 Barieren
3237 5266 57 30 und
3321 5264 114 36 einzelne
3462 5262 123 37 fabrende
3611 5260 32 32 in
