2188 3303
308 201 31 32 8.
370 200 66 37 Die
456 200 109 43 Wege
587 220 28 5 —
614 201 96 33 mit
701 194 201 62 alleiniger
908 194 172 62 Ausnahme
1101 203 54 33 der

363 254 189 43 eigentlichen
573 255 154 43 Feldwege
750 273 41 6 —
810 248 137 50 muſſen
969 259 45 41 zu
1027 245 126 45 beiden

364 299 134 44 Seiten
535 300 193 50 dergeſtalt
770 301 69 59 mit
876 301 171 46 Bäumen
1097 301 55 41 be—

362 353 141 52 pflanzt
532 354 154 42 werdeg.
726 352 76 50 daß
830 354 57 43 die
913 353 145 46 Bäume,
1097 355 55 60 in⸗

333 406 183 52 nerhalb
544 409 67 40 des
638 406 141 52 Weges
809 409 132 51 unfern
969 408 62 43 der
1051 408 101 45 Grä⸗

361 458 69 44 ben
453 471 47 40 zu
529 459 118 49 ſtehen
682 462 163 43 kommen
908 462 75 43 Die
1006 462 147 45 Bäume

360 512 138 52 müſſen
508 514 40 42 in
574 512 336 54 Zwiſchenräumen
932 523 72 36 von
1022 522 45 36 12
1091 515 60 43 bis

364 574 47 35 15
424 567 125 43 Meter
564 567 191 53 gepflanzt,
767 568 62 42 der
843 569 127 43 Baum
979 570 59 42 der
1049 570 102 42 einen

363 620 115 51 Reihe
513 621 63 43 der
604 621 115 44 Mitte
758 622 64 42 der
848 622 105 44 Lücke
980 628 61 37 der
1088 633 64 32 an—

360 676 111 41 deren
510 674 116 50 Reihe
667 675 221 61 gegenüber,
910 680 117 47 geſetzt
1073 677 75 42 und

360 729 107 48 durch
497 731 103 40 einen
638 728 118 43 Stein
793 729 163 52 geſchützt
998 731 153 41 werden.

360 782 49 34 die
431 783 82 33 alten
538 783 119 35 Bäume
678 783 110 41 müſſen
814 784 114 33 überall
950 785 140 39 inſoweit
1108 794 45 32 ge⸗

363 827 71 39 äſtet
455 828 130 39 werden,
608 827 57 40 daß
687 828 47 33 die
756 828 86 39 Aeſte
863 830 61 40 3u2
948 829 103 34 Meter
1078 829 74 33 über

360 871 54 34 der
437 873 77 33 Erde
537 872 126 41 hängen.

306 916 64 33 Die
392 915 267 44 Baumpflanzung
680 917 72 40 muß
775 914 50 36 bis
849 927 65 32 zum
935 918 31 33 5.
982 917 169 34 November

200 959 149 34 vollendet
371 960 71 40 ſein.

200 1005 67 33 dies
289 1006 151 41 anzeigen.

306 1049 63 34 Die
391 1049 381 40 Gemeindevorſtände
798 1051 113 39 müſſen
945 1061 89 32 gegen
1060 1050 91 42 Nach⸗

204 1092 142 44 laſſigkeit
369 1094 52 34 der
443 1094 334 44 Gemeindemitglieder
817 1096 34 32 in
879 1095 102 43 Bezug
1016 1096 53 40 auf
1104 1096 47 33 die

202 1137 248 44 Wegebeſſerung
470 1139 166 42 unbedingt
658 1140 60 32 uͤnd
745 1139 98 42 fofort
864 1140 198 42 einſchreiten.
1091 1141 61 33 Die

187 1182 240 43 Aufforderung
451 1194 34 31 zu
508 1185 85 32 einer
613 1184 207 41 notwendigen
833 1183 109 35 Arbeit
963 1185 71 40 muß
1054 1184 98 43 jedoch

200 1229 35 31 in
257 1227 92 41 jedem
375 1228 151 41 einzelnen
548 1227 84 44 Falle
653 1230 57 32 mit
746 1230 53 32 der
834 1228 231 42 ausdrücklichen
1092 1230 61 33 An⸗

200 1271 139 43 drohung
361 1271 261 43 koſtenpflichtiger
644 1273 206 42 Ausführung
870 1275 143 41 erfolgen,
1032 1274 70 41 auch
1116 1275 45 39 iſt.

199 1316 53 41 für
273 1316 64 42 jede
361 1316 109 35 Arbeit
492 1319 66 32 eine
579 1316 160 41 beſtimmte
762 1318 82 42 Friſt
867 1328 35 32 zu
925 1319 93 41 ſetzen.

253 1361 81 44 Es
357 1362 79 32 wird
458 1361 145 43 dringend
626 1362 179 42 empfohlen,
829 1363 34 33 in
884 1364 81 40 jeder
990 1363 163 35 Gemeinde

203 1406 58 32 mit
282 1405 97 34 einem
403 1406 146 40 Geſpann
573 1407 157 41 haltenden
740 1401 109 52 Wirte
863 1401 99 52 feſte
962 1407 191 42 Abmachung

202 1450 93 41 dahin
317 1461 36 31 zu
377 1450 118 41 treffen,
518 1451 57 42 daß
599 1461 33 22 er
656 1461 90 33 gegen
768 1453 67 31 eine
855 1453 111 41 vorher
988 1453 164 41 feſtgeſetzte

203 1493 236 43 Entichädigung
462 1494 94 41 ſofort
591 1496 54 40 auf
667 1496 192 43 Anordnung
894 1497 53 34 des
976 1496 175 35 Gemeinde—

200 1540 73 32 oder,
309 1539 261 46 Amtsvorſteherz
605 1540 167 42 diejenigen
812 1540 144 34 Arbeiten
995 1541 156 42 ausführt,

199 1583 106 42 welche
328 1584 50 34 ein
397 1584 151 42 ſäumiges
573 1584 242 43 Gemeindeglied
847 1586 168 41 ungeachtet
1035 1587 53 32 der
1109 1595 44 24 er—

200 1673 114 33 mittels
338 1673 208 42 auszuführen
569 1673 182 38 unterlaſſen
774 1674 62 40 hat.

288 1717 62 33 Die
374 1717 120 41 Herren
518 1717 287 42 Amtanorſteher
824 1717 118 36 werden
965 1719 121 41 erſucht,
1102 1718 49 42 ſich

58 1764 54 39 J
200 1761 209 42 unverzüglich
455 1763 83 32 einer
574 1762 142 38 Reviſion
760 1762 165 42 ſämtlicher
966 1763 186 41 öffentlichen

201 1806 89 41 Wege
314 1805 163 42 innerhalb
499 1806 85 40 ihrex
606 1805 201 43 Amtsbezirke
830 1816 35 30 zu
887 1808 191 42 unterziehen
1090 1808 60 32 und

198 1850 53 38 für
275 1850 46 32 die
341 1849 145 44 ſofortige
510 1850 195 43 Beſeitigung
725 1851 55 33 der
810 1854 77 30 etwa
907 1852 243 42 vorgefundenen

200 1893 139 43 Mängel,
377 1893 195 44 nötigenfalls
611 1895 54 40 auf
691 1895 108 39 Koſten
835 1895 51 37 der
922 1896 229 41 Verpflichteten

200 1943 90 28 unter
314 1938 188 42 Einziehung
524 1939 53 33 des
592 1938 294 42 Koſtenvorſchuſſes
911 1942 106 40 Sorge
1038 1952 35 32 zu
1090 1945 63 28 tra⸗

203 1992 68 33 gen,
295 1981 102 39 ebenſo
419 1983 101 40 dafür,
542 1983 58 40 daß
623 1984 48 32 die
701 1984 89 42 Wege
817 1984 52 40 für
904 1985 48 32 die
987 1986 93 42 Folge
1118 1986 35 33 in

201 2026 327 43 vorſchriftsmäßigem
552 2028 148 41 Zuſtande
733 2028 137 41 erhalten
890 2029 128 34 werden.
1081 2030 72 33 Ent⸗

200 2071 231 42 ſchuldigungen
463 2072 51 33 der
552 2072 325 42 Gemeindevorſteher,
921 2074 57 41 daß
1022 2073 131 43 einzelne

205 2115 210 42 Verpflichtete
437 2116 87 42 ihren
548 2115 227 45 Anordnungen
813 2117 76 42 nicht
911 2119 92 42 Folge
1039 2119 113 40 leiſten,

199 2159 112 33 können
334 2160 77 42 nicht
433 2158 213 46 berückſichtigt
661 2162 129 39 werden,
825 2161 38 34 da
897 2161 56 35 den
978 2162 176 35 Bemeinde⸗

197 2203 172 43 vorſtehern
394 2204 58 43 die,
476 2204 152 43 Befugnis
667 2204 117 43 zuſteht,
826 2207 66 41 ihre
923 2207 228 42 Anordnungen

197 2248 87 42 durch
309 2248 200 43 Anwendung
531 2250 53 33 der
608 2249 175 44 geſetzlichen
803 2251 235 42 Zwangsmittel
1052 2251 102 41 durch⸗

197 2288 132 58 zuſetzen.

284 2347 154 41 Säumige
467 2346 94 42 Guts-
597 2347 58 33 und
683 2347 335 45 Gemeindevorſteher
1036 2348 121 43 haben.

191 2425 56 43 Fis
275 2431 35 45 zu
324 2435 74 34 450
420 2434 91 34 Mark
535 2446 35 39 zu
594 2437 303 48 gewärtigen.
933 2456 10 13 —

288 2488 59 33 Die
370 2488 120 41 Herren
515 2488 225 36 Gendarmen
764 2491 52 32 des
815 2484 145 54 Kreiſes
971 2491 95 43 haben
1103 2491 50 41 ſich

196 2620 64 39 ſein
286 2630 34 32 zu
341 2620 94 41 laſſen
459 2622 61 33 und
540 2622 74 33 über
638 2619 131 47 etwaige
791 2624 127 42 Mängel
955 2625 56 33 den
1032 2626 121 39 Herren

197 2661 192 55 Amtsvorſte
394 2665 84 42 hern,
501 2666 107 33 eventl.
634 2668 71 39 mir,
729 2678 53 32 zur
807 2667 121 44 Abhllfe
957 2670 127 42 Anzeige
1117 2678 36 32 zu

197 2709 128 41 machen.
364 2710 82 32 Das
472 2710 129 38 reiſende
625 2712 164 40 Publikum
811 2712 77 34 wird
913 2713 155 43 ſchließlich
1108 2723 44 23 er—

196 2753 94 42 ſucht,
319 2754 43 33 im
382 2753 208 42 allgemeinen
637 2756 146 41 Jntereſſe
820 2758 48 33 die
908 2758 243 43 vorgefundenen

198 2797 128 43 Mängel
350 2807 41 23 an
412 2798 55 33 den
491 2799 110 42 Wegen
618 2800 101 39 fofort
738 2811 56 32 zur
817 2801 128 43 Anzeige
968 2804 53 32 der
1048 2802 103 34 Amts—⸗

196 2843 152 42 vorſteher
372 2853 35 31 zu
432 2842 137 43 bringen.

285 2887 60 34 Bis
366 2897 67 31 zum
456 2889 29 32 5.
508 2887 170 34 November
702 2894 128 29 erwarte
867 2890 40 41 ich
943 2891 48 34 die
1015 2890 135 42 Bexichte

195 2929 53 35 der
271 2931 119 40 Herren
427 2932 293 42 Amtavoriieher.
742 2935 61 40 daß
839 2934 47 34 die
908 2935 91 44 Wege
1034 2934 118 34 überall

195 2974 34 34 in
246 2974 313 48 ordnungsmäßigem
581 2977 150 43 Zuſtande
754 2978 70 39 ſind.

244 3028 175 44 Goldap,
444 3030 54 34 den
522 3031 52 32 26.
599 3031 185 41 September
805 3033 93 41 1908.

557 3083 66 34 Der
644 3084 141 43 Landrat.

1069 129 41 7 —
1137 112 132 34 264

509 960 74 34 Wer
605 962 41 32 im
661 961 158 43 Frühjahr
816 956 153 52 pflanzen
972 956 87 52 will,
1074 962 77 33 kann

200 1637 153 34 gangenen
380 1628 226 43 Aufforderung
629 1629 59 33 und
704 1629 53 33 des
784 1630 202 42 angedrohten
1005 1630 154 42 Zwengs⸗

129 2375 46 47 1
196 2389 287 44 Ordnungsſtrafen
499 2392 58 31 bis
580 2402 34 32 zu
639 2393 20 31 9
683 2392 90 41 Mark
809 2391 73 35 oder
903 2389 262 47 Zwängsſtrafen

197 2531 137 35 dauernd
373 2532 49 33 die
444 2543 115 32 genaue
587 2533 154 35 Kontrolle
779 2535 74 32 aller
877 2535 296 43 Wegebeſſerungs⸗

198 2575 136 35 arbeiten
357 2577 161 42 innerhalb
545 2578 83 41 ihrer
653 2578 304 43 Patrouillenbezirke
993 2580 180 43 angelegen

1295 199 80 43 Nach
1396 199 221 41 Jnkrafttreten
1649 198 55 34 des
1716 192 279 60 Bolkschulunter
1996 192 125 60 haltung

1208 244 119 44 geſetzes
1347 254 74 24 vom
1440 245 55 32 28.
1516 244 76 51 Juli
1619 243 85 52 1906
1738 242 84 43 Geſ.
1847 242 42 34 S.
1913 241 42 53 S.
1976 242 78 51 335)

1204 291 58 41 die
1289 288 241 51 Quittungen
1552 281 87 72 über
1650 292 72 57 die
1744 285 306 58 Staatsbeiträge
2063 303 48 36 un

1204 343 59 43 die
1290 341 422 54 Ergünzungszuſchüſſe
1738 352 45 40 zu
1808 340 69 42 den
1904 338 209 53 Schulunte

1206 391 291 68 haltungskoſten
2029 428 42 22 1

1249 454 31 30 L.
1295 450 54 40 für
1366 447 350 45 Geſamtſchulverbände
1738 457 60 24 von
1818 448 56 32 den
1898 445 187 44 Schulkaſſen,

1248 497 33 31 2.
1294 495 53 40 für
1368 495 47 32 die
1435 504 63 23 nur
1518 498 59 29 aus
1596 494 82 33 einer
1699 492 235 42 Landgemeinde
1967 490 71 33 oder
2062 496 54 38 einer

1294 538 247 43 Stadtgemeinde
1562 536 188 43 beſtehenden
1762 535 246 43 Schulverbãnde
2018 545 57 25 von
2083 540 33 38 de

1298 583 258 40 Gemeindekaſſen
1577 582 71 33 oder
1669 582 57 32 den
1749 586 76 28 etwa
1846 580 216 42 eingerichteten
2090 585 26 35 e

1294 628 143 40 ſonderen
1460 625 190 44 Schulkaſſen
1672 625 35 44 G
1731 627 42 31 12
1795 625 68 39 Abſ.
1888 625 89 46 des
1993 624 123 49 Geſetzes

1248 676 33 31 3.
1296 674 53 40 für
1369 672 49 33 die
1438 674 61 30 nur
1521 677 59 28 aus
1605 671 94 33 einem
1734 670 195 42 Gutsbezirke
1962 668 155 42 beſteherde

1294 716 259 42 Schulverbände,
1575 715 72 41 falls
1668 714 78 42 nicht
1779 716 46 31 die
1847 711 205 50 Einrichtung
2062 718 55 37 eint

1294 761 168 42 Schulkaſſe
1487 761 55 33 mit.
1566 760 229 42 Genehmigung
1815 758 54 34 der,
1903 757 231 48 Schulaufſichs

1294 806 127 42 behörde
1450 804 208 34 unterblieben
1693 804 47 40 iſt,
1775 812 60 24 von
1869 802 57 34 den
1960 801 169 50 Schulkaſer

1294 849 195 44 auszuftellen
1510 851 62 31 und
1593 859 59 23 von
1673 849 57 32 den
1753 846 191 36 Verwaltern
1964 848 92 38 dieſer
2072 851 57 39 Ke

1293 896 50 38 ſen
1366 893 240 43 unterſchriftlich
1628 903 35 31 zu
1690 892 171 42 vollziehen.
1915 892 67 41 Für
2017 891 116 38 Gutzbe

1297 939 86 43 zirke,
1404 940 47 33 die
1470 939 54 40 fuͤr
1546 938 53 41 ſich
1619 938 85 34 einen
1714 934 228 45 Schulverband
1965 935 96 33 bilden
2067 943 53 31 ud

1294 986 35 32 in
1349 984 94 35 denen
1473 985 67 32 eine
1574 982 265 41 Unterverteilung
1866 981 56 33 der
1958 979 161 41 Schullaſien

1294 1029 70 41 nach
1386 1028 20 44 8
1427 1031 21 32 8.
1485 1027 69 40 Abſ.
1578 1028 21 32 2
1621 1027 50 33 des
1672 1020 132 56 Volksf
1817 1020 288 56 ulunterhaltungsge

1295 1074 83 40 ſetzes
1402 1071 76 43 nicht
1502 1071 165 41 ſtaufndet,
1714 1071 60 36 ſind
1797 1071 47 33 die
1864 1070 200 40 Quittungen,
2095 1072 93 37 f

1297 1119 88 41 lange
1407 1117 103 42 gemäß
1533 1116 19 43 85
1578 1117 40 33 12
1657 1113 70 43 Abj.
1751 1115 20 32 2
1794 1126 26 20 a4.
1845 1125 27 22 a.
1895 1113 41 33 O.
1955 1114 56 32 mit
2032 1112 108 48 Geneh.

1296 1164 124 40 migung
1440 1162 54 33 der
1516 1158 362 44 Schulaufſichtsbehörde
1899 1159 67 48 eine
1981 1156 155 45 Schulkaß

1291 1208 76 40 nicht
1377 1205 183 44 eingerichtet
1570 1205 44 40 iſt,
1624 1215 70 23 von
1706 1206 66 32 dem
1781 1201 236 42 Gutsvorſteher
2035 1209 84 36 auszi⸗

1294 1251 95 38 ftellen
1415 1250 60 35 und
1499 1248 240 43 uͤnterſchriftlich
1763 1259 35 31 zu
1819 1246 209 43 vollziehen.

1259 1296 202 40 Außerdem
1467 1293 143 42 bedürfen
1620 1294 45 33 die
1669 1293 193 41 Quittungen
1868 1293 32 31 in
1912 1292 56 33 den
1970 1286 98 54 Fällen
2078 1298 53 35 zul

1204 1343 53 31 des
1267 1339 238 42 Sichtvermerks
1523 1338 55 34 des
1583 1336 339 43 Verbandsvorſtehers,
1932 1336 33 33 in
1974 1336 53 33 den
2042 1335 80 42 Fällen

1204 1396 36 32 zu
1262 1386 21 31 2
1307 1386 52 32 des
1371 1385 238 41 Sichtvermerts
1631 1387 52 29 des
1700 1379 329 51 Gemeindevorſtehers
2042 1382 81 46 und
2094 1375 31 59 in

1204 1432 56 30 den
1282 1429 107 42 Fällen
1417 1439 35 31 zu
1482 1431 32 32 8,
1556 1436 88 24 wenn
1691 1428 63 32 eine
1786 1424 266 48 Unterverteilung
2088 1431 54 35 der

1207 1472 191 44 Schullaſten
1428 1475 40 32 im
1493 1470 178 43 Gutsbezirk
1705 1471 169 39 ſtattfindet,
1919 1469 52 33 des
1995 1468 129 46 Sichtver.

1207 1520 96 31 merks
1326 1518 53 33 des
1402 1517 203 41 Vorſizenden
1641 1516 59 33 des
1732 1514 270 42 Schulvorſtandes
2046 1513 77 42 G8

1204 1562 70 41 Abſ.
1297 1564 43 31 1u
1361 1562 54 38 des
1437 1560 156 42 Geſetzes.)
1636 1561 48 40 Jn
1704 1559 57 33 den
1783 1558 103 43 Fällen
1908 1568 36 32 zu
1966 1558 20 31 3
2008 1556 78 50 abet,
2102 1559 28 32 in.

1203 1609 94 31 denen
1320 1608 66 31 eine
1408 1605 264 42 Unterverteilung
1696 1604 51 33 der
1770 1602 188 42 Schullaſten
1979 1602 73 41 nicht
2057 1608 68 34 ſtat

1205 1653 101 39 findet,
1331 1651 60 33 und
1414 1650 101 41 ebenſo
1539 1651 34 32 in
1594 1651 55 31 den
1666 1651 49 31 im
1738 1648 19 42 8
1782 1649 40 32 12
1844 1646 70 39 Abſ.
1944 1647 21 32 2
1984 1646 76 52 des
2083 1647 42 33 Ge—

1205 1697 83 39 ſetzes
1317 1695 150 43 gedachten
1491 1694 106 43 Fällen
1626 1693 75 43 kann
1735 1703 62 23 von
1837 1692 53 34 der
1935 1691 191 43 Beibringung

1205 1742 83 33 eines
1320 1739 240 43 Sichtvermerks
1605 1738 171 41 uberhaupt
1817 1736 158 41 abgeſehen
2015 1739 110 46 werden.

1204 1786 59 40 Jm
1285 1783 127 43 übrigen
1431 1783 89 42 macht
1543 1790 32 26 es
1595 1782 58 33 bei
1684 1783 57 32 den
1763 1781 190 42 Quittungen
1991 1778 73 53 über
2085 1782 40 30 Er

1207 1819 149 59 gänzungs
1364 1819 138 59 zuſchüſſe
1517 1827 109 34 keinen
1648 1825 191 42 Unterſchied,
1877 1825 38 49 ob
1942 1828 40 45 es
2006 1823 50 40 ſich
2091 1834 36 23 im

1205 1873 141 40 ſaufende
1365 1873 70 33 oder
1459 1871 160 43 einmalige
1640 1867 336 46 Exgänzungszuſchüſſe
2013 1867 111 41 handel.

1296 1918 53 32 Sn
1371 1917 111 41 ſolchen
1504 1916 117 42 Fällen,
1641 1916 34 32 in“
1711 1916 97 42 denen
1828 1912 299 49 Verbandsvurſte
2085 1908 39 57 her

1204 1962 70 33 oder
1298 1961 182 41 Vorſitzende
1501 1961 52 33 der
1578 1958 252 43 Schulvorſtände
1865 1956 69 41 guch
1960 1955 190 53 Hleichzeitig.

1207 2005 309 43 Schulkaſſenrechner
1540 2004 71 41 find.
1634 2007 107 39 genügt
1779 2003 45 32 die
1844 1999 211 42 Unterſchrift
2089 2001 39 31 des

1207 2049 325 43 Schulkaſſenrechners
1580 2048 60 46 und
1676 2050 46 31 in
1739 2041 240 60 ſelbſtſtaͤndigen
2010 2043 118 53 Gutebe⸗

1204 2095 107 42 zirken,
1334 2094 34 32 in
1390 2095 93 33 denen
1506 2092 157 42 bejondere
1684 2090 189 51 Schulkaſſen
1894 2089 77 43 nicht
1992 2089 137 51 eingerich

1204 2142 43 30 ket
1270 2138 73 41 ſu,
1365 2139 46 32 die
1434 2137 194 42 Unterſchrift
1662 2137 51 33 des
1738 2133 215 43 Gutsbeſitzers
1987 2134 77 41 ohne
2082 2138 47 46 die

1204 2183 176 42 Beifugung
1402 2185 82 32 eines
1499 2181 248 42 Sichtvermerks.
1792 2180 52 48 Da
1865 2177 69 42 nach
1957 2178 53 33 der
2023 2181 105 38 zweiten

1204 2227 399 42 Ausfihrungsanweiſung
1636 2236 65 32 zum
1722 2221 408 52 Volksſchulunterhaltungt⸗

1206 2271 99 44 geſetze
1325 2276 91 29 unter
1444 2272 40 32 lu
1519 2270 99 43 Ziffer
1653 2270 40 33 15
1737 2269 47 33 die
1819 2267 234 43 widerruflichen
2087 2266 43 32 Er⸗

1206 2314 305 45 Jänzungszuſchüſſe
1520 2315 56 34 den
1600 2312 279 48 Schulverbänden.
1887 2313 35 32 in
1933 2314 197 48 ungetrennter

1206 2361 135 39 Sumnte
1362 2370 36 33 zu
1410 2360 182 43 bewilligen
1608 2359 59 38 ſind
1690 2358 60 34 und
1774 2357 68 40 auch
1866 2361 51 35 für
1938 2356 47 33 die
1998 2355 73 42 Zeit
2088 2359 43 46 der

1207 2404 184 42 Exledigung
1415 2405 51 33 der
1494 2404 132 39 Stellen,
1670 2402 52 41 für
1734 2401 57 40 die
1806 2396 93 54 Zeit
1914 2400 80 36 der,
2017 2402 115 35 kommiſ⸗

1206 2448 142 42 ſariſchen
1371 2447 201 43 Berwaltung
1596 2447 69 39 uſw.
1694 2444 183 47 unverkürzt
1892 2443 112 44 gezahlt
2015 2442 126 49 werden,

1205 2494 32 39 ſo
1259 2493 67 40 fällt
1350 2492 47 38 bei
1418 2494 56 33 den
1496 2489 191 45 Quüttungen
1708 2490 74 34 über
1824 2491 45 32 die
1902 2490 231 40 Erganzungs
2093 2485 45 53 zu⸗

1206 2536 101 42 ſchüſſe
1330 2544 58 27 aus
1413 2537 55 34 den
1489 2535 184 40 Kreisfonds
1696 2534 91 43 (Rgp.
1811 2534 61 33 121.
1896 2532 84 35 Titel
2006 2533 65 33 .4
2090 2531 42 50 des

1209 2582 106 42 Etats)
1336 2582 59 33 die
1422 2581 103 42 bisher
1548 2580 163 42 gefordert?
1733 2577 230 50 Beſcheinigung,
2000 2574 73 36 über
2097 2576 36 31 die

1210 2626 277 42 ordnungsmäßige
1531 2624 155 42 Befetzung.
1719 2623 69 33 dex
1835 2619 192 43 Schulſtellen.
2059 2628 79 44 weg.

1208 2668 114 42 Ebenſo
1350 2669 103 42 bedarf
1476 2669 33 34 es
1533 2669 112 42 künftig
1665 2667 94 40 dieſer
1768 2667 232 41 Beſcheinigung
2022 2663 48 50 bei
2089 2664 45 32 den

1205 2715 193 41 Quittungen
1421 2714 72 34 über
1516 2713 47 34 die
1588 2712 149 42 Zuſchuſſe
1775 2718 63 28 aus
1867 2710 56 35 den
1945 2710 102 42 Fonds
2062 2708 71 51 Kap.

1206 2759 62 33 I21
1293 2760 65 32 Tit.
1381 2760 45 32 34
1451 2758 57 34 und
1533 2759 43 39 36
1604 2760 52 31 des
1680 2749 454 52 Staatshaushaltzetats
2052 2745 85 60 nicht

1204 2803 94 42 mehr,
1321 2803 39 33 da
1381 2802 70 42 auch
1475 2802 75 40 dieſe
1572 2801 150 45 Zuſchüſſe
1740 2800 57 40 für
1832 2801 46 32 die
1900 2798 69 42 Zeit
2005 2799 52 50 der
2091 2798 44 31 Er—

1204 2846 141 44 ledigung
1368 2849 54 32 der
1449 2846 194 43 Schulſtellen
1661 2845 70 40 uſw.
1759 2842 189 42 unverkürzt
1979 2845 102 31 weiter
2109 2849 27 32 zu

1206 2892 160 41 gewähren
1389 2891 72 40 ſind.
1508 2889 149 41 Dasſelbe
1681 2889 62 43 gils
1757 2889 52 40 für
1839 2888 47 33 die
1909 2886 149 43 Zuſchüſſe
2088 2888 47 29 gus

1206 2936 76 41 Kap.
1308 2937 62 32 121
1394 2935 84 34 Titel
1499 2936 55 41 38,
1580 2934 102 41 foweit
1719 2934 38 37 ſie
1781 2932 105 44 ohne
1904 2930 144 43 rechtliche
2074 2928 61 34 Ver—

1206 2979 161 43 pflichtung
1391 2985 59 28 aus
1474 2978 219 45 Spezialfonds
1718 2977 114 43 gezahlt
1852 2976 128 34 werden.

1297 3032 135 43 Goldap,
1455 3034 55 33 den
1534 3035 32 32 3.
1588 3030 130 44 Oktober
1742 3031 93 34 1908.

1554 3085 66 35 Der
1641 3085 142 35 Landrat.
