2518 3671
432 155 94 34 Ueber
549 156 45 33 die
615 156 194 43 Beratungen
834 157 51 33 des
896 155 274 42 Schulvorſtandes
1190 164 33 37 iſt
1244 165 33 32 in
1296 165 79 34 allen

311 200 118 42 Jallen
452 201 49 34 ein
510 200 153 43 Protokoll
683 200 225 42 aurfzunehmen,
932 201 119 42 welches
1073 206 33 32 in
1129 208 46 31 ein
1200 209 173 38 befonderes

323 244 226 41 Ptotskollbuch
568 247 187 40 einzutragen
779 246 32 38 iſt
854 251 62 28 und
955 248 121 41 welches
1118 257 51 29 der
1190 253 182 42 Borſizende

321 286 231 60 Verbandsdot
559 286 100 60 ſteher)
670 292 145 32 entweder
834 291 163 51 perſoulich
1021 294 82 42 ſübrt
1125 303 71 28 oder
1217 301 85 39 durch
1322 302 48 31 ein

318 333 167 46 geeignetes
506 336 142 42 Witglied
670 335 108 49 fuhren
799 336 75 39 lapt.
897 338 167 45 Sämtliche
1075 343 171 37 anwefende
1258 345 108 38 Schul

314 380 327 41 vorſtandsmitglieder
654 380 98 42 haben
766 386 59 29 das
835 382 154 40 Brotokoll
997 396 35 32 zu
1042 387 237 41 unterſchreiben.
1305 392 63 33 Der

314 426 180 41 Vorſisende
516 430 52 28 des
580 423 273 43 Schulvorſtandes
870 428 342 45 (Verkandsvorſteher)
1237 435 51 41 hat
1308 441 57 28 das

311 470 229 41 Brotokeltbuch
582 471 85 38 ſowie
715 470 56 33 alle
815 473 126 42 übrigen
986 479 55 30 den
1065 477 220 42 Pflichtenkreis
1311 485 53 30 des

310 515 271 41 Schulvorſtandes
615 516 196 40 betreffenden
855 517 206 44 Schrijtſtücke,
1085 523 174 42 Matrikeln,
1287 527 74 33 Ver

309 560 155 43 fügungen
487 565 52 28 der
559 561 160 39 Behörden
742 561 128 50 uſw.
820 557 59 58 in
892 567 175 40 geordneter
1079 568 98 40 Weiſe
1201 582 32 31 zu
1257 573 101 33 Akten⸗

305 604 97 42 heften
425 605 158 45 ſorgfaltig
607 606 43 34 im
671 602 216 88 Schulargihe
910 610 259 44 aufzubewahren.

574 697 81 38 Der
680 696 413 49 Schulkaffenrechter.

404 741 65 43 Zur
492 741 146 44 Fübrung
671 744 50 32 der
745 743 194 46 Rechnumgs⸗
973 753 61 29 und
1056 750 245 43 Kaſſengeſchäfte
1324 754 33 37 iſt

298 786 30 31 in
373 787 93 39 jedem
507 786 352 43 Geſamtſchuloerbande
901 792 84 46 durch
1030 796 54 32 den
1108 795 249 43 Schuivorſtand

296 831 131 41 tunlichſt
465 838 61 28 aus
550 838 50 29 der
621 833 83 43 Hahl
739 833 94 40 ſeiner
855 835 201 44 Mitglilder,
1081 841 46 33 ein
1139 838 213 51 Schulkaſſen⸗

296 874 115 42 rechner
434 887 33 32 zu
492 878 128 42 wählen.
665 879 51 42 Jſt
757 880 42 33 im
823 881 255 41 Schulvorſtaude
1120 887 64 33 eine
1206 884 149 51 geeignete

272 916 252 64 Verſenlichteit
538 916 84 64 nicht
656 923 186 43 vorhanden,
865 926 30 41 ſo
919 928 75 34 kann
1019 931 69 42 auch
1112 932 48 33 ein
1183 933 166 43 aäßhalb

292 965 157 40 desſelben
466 965 170 44 ſtehender
668 969 187 43 Einwohner
901 977 51 30 des
978 975 265 42 Schulverbande
1284 990 64 31 zum

288 1010 308 43 Schulkaſſeurechner
619 1014 131 43 gewahlt
778 1019 163 31 werden.

292 1036 24 8 —
344 1036 86 14 u441

399 1058 64 33 Mit
487 1060 65 32 dem
577 1059 179 43 Gewaͤhlien
788 1062 35 39 iſt
856 1063 46 33 ein
927 1063 313 49 Anſtellungsvertrag
1265 1070 105 42 abzu⸗

291 1100 146 44 ſchließen.
477 1105 32 32 in
534 1104 133 38 welchem
707 1105 47 35 die
778 1107 187 49 Amtsdauer
988 1111 55 41 auf
1065 1113 180 38 mindeſtens
1269 1115 76 42 ſechs

290 1146 99 41 Jahre
413 1148 169 43 feſtzuſetzen
605 1151 60 32 und
689 1161 34 32 zu
743 1153 195 34 vereinbaren
963 1155 43 42 iſt,
1029 1157 58 41 daß
1111 1163 58 28 das
1181 1156 164 53 Bertrags⸗

290 1192 177 42 verhältnis,
508 1195 72 41 nach
622 1197 79 33 einet
723 1198 182 39 mindeſtens
925 1200 54 41 auf
1002 1202 46 34 ein
1071 1203 186 44 Vierteljahr
1279 1206 66 40 feſt⸗

288 1237 172 43 zuſetzenden
484 1240 271 49 Kündigungsfriſt
777 1242 115 44 ſowohl
915 1252 60 26 von
1000 1248 65 34 dem
1077 1244 267 54 Schulvorſtande

287 1284 50 31 als,
362 1284 72 42 auch
457 1287 64 32 von
541 1287 64 33 dem
628 1285 130 43 Rechner
767 1280 125 57 gelöſt
929 1289 102 38 erden
1063 1295 85 32 kanm
1196 1297 64 34 Der
1284 1297 59 34 Ge

290 1327 109 42 waͤhlte
441 1330 104 40 bedarf
586 1333 48 32 der
657 1333 200 45 Beſtätigung
882 1335 84 43 durch
988 1341 54 30 den
1065 1339 147 36 Landrat
1262 1342 77 42 Nach

284 1373 141 44 erfolgter
450 1376 196 43 Beſtätigung
671 1377 52 44 hat
747 1379 49 34 der
807 1381 314 46 Verbandsvorſteher
1145 1388 55 32 den
1212 1387 130 41 Rechner

283 1418 84 43 durch
391 1420 187 45 Handſchlac
619 1433 40 23 an
683 1423 164 42 Eidesſtatt
887 1436 51 33 zur
971 1430 241 43 gewiſſenhaften
1236 1434 104 34 Amts⸗

281 1463 134 44 führung
438 1477 33 32 zu
495 1467 192 42 verpflichten.

387 1512 60 33 Die
466 1511 122 45 Legung
612 1507 50 63 der
671 1513 162 47 Rechnung
857 1517 85 40 durch
967 1519 54 33 den
1032 1520 308 46 Schulkaffenrechner

279 1554 52 42 hat
354 1556 163 44 alljährlich
543 1558 158 42 ſpäteſtens
724 1560 43 33 im
791 1562 74 33 Mai
889 1563 211 43 ſtattzufinden

809 1608 22 31 4

322 1643 320 48 Obliegenheiten
668 1651 71 35 des
764 1652 356 53 Schulvorſtandes
1146 1658 50 37 im
1222 1659 66 37 all⸗

703 1705 207 34 gemeinen.

382 1738 64 33 Der
468 1738 239 43 Schulvorſtand
743 1741 52 43 hat
828 1744 32 33 in
894 1745 77 34 allen
995 1746 96 41 ſeinen
1116 1748 145 36 Gliedern
1287 1751 47 40 füt

276 1781 45 33 die
346 1791 113 33 genaue
469 1777 175 56 Befolgung
667 1788 61 33 und
741 1788 237 45 Durchführung
1002 1793 51 33 der
1075 1794 56 40 auf
1153 1795 59 34 das
1223 1797 109 34 Volks⸗

275 1824 170 43 ſchulwejen
467 1829 182 44 bezüguͤchen
672 1832 111 42 Geſetze
806 1837 60 31 uld
891 1836 251 45 Verordnungen,
1172 1840 89 40 ſowie
1284 1842 50 39 für

275 1871 45 33 die
344 1872 193 45 Beſeitigung
559 1878 79 38 jedes
662 1878 199 43 Hemmniſſes
908 1882 53 33 des
1009 1882 182 46 öffentlichen
1224 1888 106 34 Unter⸗

245 1915 116 43 richts
386 1928 34 32 zu
439 1918 113 44 ſoͤrgen.

378 1965 227 43 Anordnungen
650 1967 143 44 bezüglich
841 1971 50 33 der
914 1973 122 34 inneren
1048 1971 278 52 Angelegenheiten

272 2006 50 33 der
346 2007 111 44 Schule
480 2020 34 32 zu
537 2011 112 43 treffen,
691 2014 34 38 iſt
762 2014 49 35 der
834 2015 241 43 Schulvorſtand
1115 2019 75 42 nicht
1219 2023 110 43 befugt,

270 2052 199 45 ebenſowenig
496 2055 53 43 hat
572 2068 30 23 er
623 2059 58 33 das
706 2059 98 44 Recht,
827 2062 66 33 dem
917 2061 107 44 Lehrer
1045 2065 200 43 Vorſchriften
1258 2069 71 34 oder

269 2097 231 45 Vorhaltungen
524 2101 156 43 betreffend
705 2104 74 41 ſeine
799 2106 228 47 Amtsführung
1050 2121 35 32 zu
1109 2110 130 44 machen.
1265 2114 61 34 Die

267 2152 34 23 un
312 2143 166 35 mittelbare
504 2146 126 44 Aufſicht
670 2149 73 34 über
778 2152 54 34 den
876 2153 123 34 inmeren
1024 2156 209 42 Schulbetrieb
1256 2160 71 42 liegt

266 2188 144 44 vielmehr
431 2192 55 32 den
511 2192 375 45 Schulaufſichtsbeamten
910 2200 60 32 und
995 2207 80 37 zwar
1098 2202 131 42 zunächſt
1255 2206 66 33 dem

265 2233 300 45 Ortsſchulinſpektor
588 2239 45 34 ob.

750 2287 17 41 8
790 2288 31 33 5.

329 2323 136 38 Auteil
491 2338 51 25 an
565 2330 65 35 der
655 2330 226 47 Erziehung
901 2334 66 36 der
994 2335 265 43 Schulkinder.

367 2372 168 42 Saͤmiliche
582 2375 175 44 Mitglieder
804 2379 53 33 des
899 2379 277 44 Schuldorſtande?
1223 2382 98 53 haben

261 2415 111 39 darauf
396 2415 204 46 hinzuwirken,
621 2421 59 40 daͤß
705 2422 46 34 die
773 2425 111 33 Kinder
907 2426 118 43 reinlich
1060 2430 61 33 und
1145 2430 32 33 in
1201 2432 117 34 ordent⸗

260 2458 99 42 lichem
384 2460 122 45 Anzuge
547 2475 49 31 zur
619 2467 113 40 Schule
769 2469 133 34 kommen
942 2474 62 32 Und
1027 2473 51 43 ſich
1104 2474 79 35 beim
1209 2477 111 44 Gange

258 2504 70 43 nach
352 2508 62 32 und
438 2513 59 29 aus
521 2511 53 33 der
596 2510 113 44 Schuͤle
732 2515 159 44 anſtändig
916 2516 152 44 betragen.

365 2552 65 34 Der
441 2552 237 43 Schulvorſtand
705 2558 51 41 hat
780 2559 44 34 die
834 2560 198 46 Verbindung
1055 2564 137 43 zwiſchen
1207 2566 112 43 Schule

259 2596 58 32 und
330 2596 186 43 Elternhaus
540 2611 34 31 zu
593 2602 124 43 pflegen,
739 2603 92 42 daher
856 2606 71 43 liegt
952 2611 31 30 es
1008 2608 98 40 ſeinen
1119 2610 198 44 Mitgliedern

258 2639 46 38 ob,
328 2641 46 33 die
397 2643 220 46 Bemühungen
640 2648 51 34 der
714 2647 108 43 Lehrer
847 2651 69 41 auch
940 2653 85 42 durch
1045 2655 199 45 Einwirkung
1264 2657 55 41 auf

256 2685 45 32 die
324 2685 104 37 Eltern
452 2689 51 34 der
526 2691 194 42 Schulkinder
743 2703 33 32 zut
800 2696 188 42 unterſtützen
1013 2707 61 26 und
1098 2700 49 42 ihr
1171 2703 146 41 Jntereſſe

256 2729 50 45 für
329 2732 45 32 die
385 2732 112 43 Schule
520 2737 61 33 und
604 2737 56 34 alle
683 2739 96 34 danüt
802 2741 42 33 im
855 2742 286 47 Zuſammenhange
1166 2747 151 43 ſtehenden

255 2775 285 47 Veranſtaltungen,
576 2793 19 31 3.
619 2783 39 34 B.
689 2783 228 45 Elternabende
957 2789 176 42 Schulfeſte,
1163 2792 153 45 Vorträge

255 2821 60 33 und
340 2823 188 44 dergleichen,
550 2836 34 33 zu
607 2828 155 42 befördern
785 2835 61 30 und
869 2843 34 30 zu
928 2833 129 37 beleben.

795 2876 19 33 6

752 2874 19 43 8
817 2903 7 6 6.

254 2909 170 44 Aufficht
448 2915 93 35 über
566 2917 57 36 die
648 2918 167 45 äußeren
829 2917 484 58 Schulaugelegenheiten.

294 2958 125 47 Die
443 2960 129 43 Aufücht
593 2964 60 33 und
665 2964 124 44 Leltung
812 2967 51 33 der
887 2968 131 40 außeren
1031 2970 282 46 Schulangelegen⸗

254 3002 94 38 heiten
381 3007 86 30 nnter
491 3009 169 39 geordneter
683 3010 194 45 Beteiligung
914 3014 51 34 des
976 3012 335 54 Ortsſchulinſpeklors

251 3045 72 43 liegt
342 3046 157 43 beſonders
524 3052 64 34 dem
612 3053 253 44 Schulvorſtaͤnde
890 3058 45 35 ob.

740 3099 71 44 57

303 3135 172 46 Aufficht
498 3141 94 36 über
615 3143 74 35 das
710 3144 232 45 Schulhaus
968 3152 77 34 und
1071 3151 62 36 die
1156 3148 95 54 dazu

560 3188 207 44 gehörigen
791 3190 205 41 Gebände.

353 3229 66 33 Der
443 3231 236 42 Schulvorſtand
727 3234 52 43 hat
824 3237 49 40 für
919 3239 44 34 die
1000 3245 67 39 gute
1094 3242 132 44 bauliche
1251 3245 58 33 Be⸗

246 3270 184 46 ſchaffenheit
453 3278 60 32 und
538 3278 260 46 Jnſtandhaltung
834 3282 62 34 des
921 3284 208 44 Schuhauſes
1164 3291 62 32 urd
1259 3291 50 32 der

244 3316 81 79 —
343 3319 162 46 gehörigen
530 3323 244 43 Rebengebäude,
796 3326 51 40 für
869 3328 46 34 die
937 3330 211 46 Verſicherung
1174 3334 52 34 der
1246 3335 60 34 Ge⸗

244 3363 97 32 bäude

244 3406 199 46 Schulgeraͤte
465 3423 33 32 zu
523 3411 112 46 ſorgen.
667 3414 80 34 Ber
771 3415 240 44 Schulvorſtand
1056 3422 35 40 iſt
1126 3423 93 43 daher
1239 3430 65 30 ver⸗

1426 166 134 42 pilichtet
1582 166 164 43 alljahrlich
1777 169 45 32 im
1843 170 169 43 Frühjahre
2047 172 65 33 eine
2140 183 115 31 genaue
2267 169 209 57 Beñichtigung

1426 217 53 28 der
1501 211 229 43 Schulgebaͤude
1774 216 227 42 vorzunehmen.
2049 217 57 34 Die
2151 217 195 48 feitgeitellien
2392 221 82 37 Bau-

1425 257 122 43 maͤngel
1574 257 63 38 ſind
1668 266 61 26 von
1760 259 63 41 ibm
1856 261 92 39 ofort
1980 261 171 41 (ateſteus
2175 265 49 31 bis
2248 275 65 31 zum
2342 268 24 30 1.
2389 266 87 43 Man

1423 307 67 29 dem
1513 302 150 35 Landrate
1709 305 187 42 mitzuteilen.
1941 306 62 34 Auf
2027 307 203 42 Dachichaden
2274 310 34 37 iſt
2331 321 76 31 ganz
2429 312 43 35 be

1423 348 123 34 ionders
1570 359 34 31 zu
1627 350 110 41 achten,
1758 353 39 30 da
1822 351 82 40 ſelbit
1927 353 90 31 tleine
2039 354 132 41 Mängel
2193 364 43 22 an
2260 361 56 28 den
2339 355 134 42 Dächern

1421 396 62 31 und
1505 393 196 40 Dachrinnen
1712 389 209 59 eriahruugs
1926 389 100 59 maßzig
2054 399 33 32 in
2110 401 95 40 kurzer
2226 401 69 42 Zeit
2319 412 32 31 i
2375 404 94 40 erheb

1421 438 89 40 lichen
1555 442 61 31 und
1663 451 58 24 nur
1766 443 56 32 mit
1853 443 114 43 großen
1988 444 106 38 Koͤſten
2125 455 35 29 zu
2182 445 211 43 beſcitigenden
2418 453 53 30 Be

1419 483 213 45 ſchaͤdigungen
1656 490 51 29 der
1731 486 146 35 Gebeiude
1911 489 113 40 jühren.
2072 490 110 47 Fernet
2213 495 54 35 hat
2290 497 50 28 der
2364 493 94 41 Schel

1417 530 141 37 dorſtand
1604 533 111 39 darauf
1759 542 35 32 zu
1838 535 112 39 halten,
1993 535 57 36 daß
2095 541 49 27 der
2167 538 108 38 Lehrer
2305 540 44 31 die
2374 540 95 40 eigent

1417 575 166 43 Wohnung
1608 579 60 32 und
1691 579 46 32 die
1760 578 293 43 Wirtſchaftsgelaſſe
2079 582 52 31 mit
2154 584 51 30 der
2215 582 149 41 Sorgialt
2388 585 80 33 eines

1416 621 196 41 ordentlichen
1635 625 196 39 Hausvaters
1856 626 120 40 benutzt.
2019 627 60 36 daß
2101 627 29 31 in
2150 631 55 28 den
2232 628 236 40 Schulzimmern

1414 666 151 44 Ordnung
1589 670 62 32 und
1672 668 190 42 Reinlichkeit
1883 670 145 41 herrichen
2066 674 58 30 und
2148 672 60 37 daß
2230 673 143 40 dieſelben
2396 675 73 39 nicht

1414 721 33 32 zu
1470 713 130 33 anderen
1623 713 136 43 Zwecken
1805 716 50 33 als
1893 725 33 33 zu
1955 717 171 42 denjenigen
2149 721 52 30 der
2225 718 112 41 Schule
2361 723 106 45 benutzt

1412 757 62 33 und
1520 764 61 28 von
1626 758 80 35 aͤllen
1744 758 75 43 nicht
1842 760 263 45 hineingehoͤrigen
2129 763 123 40 Dingen
2276 765 191 43 freigehalten

1412 807 123 29 werden.
1583 804 76 34 Eine
1682 805 262 42 ausnahmsweiſe
1968 806 207 46 anderweitige
2199 809 174 51 Benutzung
2417 815 59 43 der
2475 804 40 60 1

1410 846 206 43 Schutraͤume
1637 850 36 38 iſt
1695 860 60 24 nur
1778 850 55 35 mit
1855 851 120 39 unſerer
1998 851 230 45 Genehmigung
2253 857 132 41 zulaſſig.

1517 894 96 34 Ueber
1651 895 204 44 erforderliche
1880 896 177 36 Reubauten
2086 901 68 30 oder
2179 898 124 43 gröbere
2327 901 134 39 Repara⸗

1408 941 87 30 turen
1542 938 53 42 hat
1618 944 50 31 der
1691 941 243 41 Schulvorſtand
1959 947 62 28 dem
2045 943 149 34 Landrate
2239 944 168 45 ſchleunigſt
2429 958 34 31 zu

1407 982 151 43 betichten.
1604 985 80 41 Auch
1708 986 53 40 hat
1781 996 33 24 er
1860 987 44 34 bei
1928 987 205 44 genehmigten
2156 990 124 44 Bauten
2327 992 47 35 füt
2418 994 45 33 die

1408 1028 173 45 rechtzeitige
1604 1030 259 45 Herbeiſchaffung
1887 1033 62 33 und
1974 1033 47 37 fuͤr
2042 1035 47 32 die
2112 1034 238 43 Brauchbarkeit,
2395 1038 65 34 des

1405 1073 126 43 gleichen
1555 1075 50 38 für
1628 1077 45 33 die
1695 1075 103 43 ſichere
1822 1077 249 46 Aufbewahrung
2115 1085 51 28 der
2187 1080 275 44 Baumaterialien,

1403 1119 177 42 namentlich
1605 1121 52 34 des
1681 1121 184 45 Baiholzes,
1889 1121 77 44 nicht
1996 1125 117 33 minder
2143 1125 49 40 für
2215 1127 46 33 die
2284 1126 176 45 Tüchtigkei

1401 1166 51 31 der
1478 1164 213 46 Ausführung,
1724 1167 50 38 für
1804 1169 47 34 die
1873 1167 159 42 pünktliche
2056 1170 215 44 Befriedigung
2295 1175 50 31 der
2369 1174 89 33 Geld

1400 1210 177 42 empfaͤnger
1623 1214 61 32 und
1731 1213 143 42 während
1904 1215 52 34 der
1979 1214 123 48 Bauzeit
2124 1217 197 42 nötigenfalls
2344 1218 48 41 für
2415 1220 44 34 die

1385 1255 218 42 Beſchaffung
1626 1259 82 34 eines
1728 1255 222 98 ulmweliztz
1966 1260 204 44 Schullokals,
2193 1273 33 32 zu
2246 1262 116 46 ſorgen.

1497 1346 170 44 Aufſicht
1690 1348 98 37 über
1810 1350 63 36 die
1895 1354 69 32 der
1989 1349 141 41 Schuie
2154 1352 209 46 gehörigen

1793 1387 265 62 Grundſtücke.

1507 1438 64 33 Der
1596 1439 239 42 Schulvorſtand
1884 1441 53 43 hat
1966 1443 111 40 darauf
2109 1454 31 32 zu
2166 1443 93 41 ſehen,
2305 1447 57 39 daß
2408 1453 48 29 der

1399 1480 119 35 Garten
1541 1484 53 33 des
1619 1484 125 43 Lehrers
1770 1486 125 45 gehörig
1919 1488 43 33 im
1986 1487 119 45 Gehege'
2128 1489 147 43 gehalten,
2322 1492 57 39 daͤß
2407 1494 49 33 der

1395 1535 54 34 zur
1471 1527 248 46 Obſtbaumzucht
1746 1532 161 35 beſtimmle
1932 1532 81 42 Platz
2031 1523 230 61 beſtimmungs
2267 1523 103 61 maßig
2393 1544 60 29 ver

1393 1574 116 32 wendet
1533 1575 84 40 wird,
1658 1577 59 38 daß
1740 1577 46 34 die
1812 1580 49 32 der
1886 1577 112 44 Schule
2019 1579 217 44 zugewieſenen
2259 1582 194 43 Ackerflächen

1392 1617 211 44 wirtſchaftlich
1629 1621 118 42 benutzt.
1794 1623 58 39 daß
1877 1624 45 34 die
1946 1624 199 44 Beſtelluͤngs⸗
2169 1628 62 32 und
2256 1623 193 53 Düngungs⸗

1390 1662 142 41 arbeiten,
1556 1666 102 42 welche
1682 1668 64 33 dem
1761 1667 249 44 Schulverbande
2033 1670 143 44 obliegen,
2199 1672 161 46 rechtzeitig
2385 1681 64 27 ver⸗

1388 1707 99 42 richtet
1510 1712 125 40 werden,
1680 1712 89 41 ſowie
1793 1713 58 40 daß
1877 1716 50 33 der
1950 1714 106 41 Lehrer
2079 1716 54 34 den
2157 1727 67 32 zum
2249 1718 200 45 Wirtſchafts⸗

1388 1752 126 36 betriebe
1560 1756 222 45 erforderlichen
1807 1760 118 41 Bedarf
1959 1770 40 24 an
2021 1762 103 42 Futter
2147 1763 60 33 uͤnd
2233 1764 128 45 Dünger
2385 1772 65 28 ver⸗

1387 1802 124 31 wendet.

1876 1849 19 46 8
1919 1852 31 32 9.

1386 1887 259 49 Beĩchaffung
1645 1883 84 62 des
1741 1893 71 44 fůr
1822 1896 73 36 den
1905 1896 141 43 Sehrer
2061 1899 77 35 und
2149 1898 66 43 für
2225 1900 62 34 die

1601 1937 293 47 erjorderlichen
1919 1942 315 44 Brennbedarfs.

1491 1981 81 34 Dem
1596 1983 256 42 Schulvorſtande
1875 1987 72 44 liegt
1969 1989 44 33 die
2037 1989 106 43 Pflicht
2179 1990 47 40 ob,
2249 1991 66 34 dem
2337 1991 110 43 Lehrer

1383 2026 56 32 den
1461 2025 64 43 ihm
1548 2028 190 44 zuſtehenden
1762 2031 118 42 Bedarf
1923 2043 43 24 an
1989 2033 209 44 Brennſtoffen
2242 2037 33 32 in
2289 2032 152 52 richtiger

1381 2069 116 45 Menge
1519 2077 62 29 und
1592 2073 231 43 Beſchaffenbeit
1847 2077 160 45 rechtzeitig
2030 2090 34 33 zu
2087 2081 188 43 uͤbergeben;
2299 2082 70 43 auch
2393 2084 52 41 dat

1381 2125 32 24 er
1437 2116 89 40 dafür
1548 2128 34 32 zu
1606 2119 114 44 ſorgen,
1760 2122 59 38 daß
1867 2125 50 33 der
1949 2124 247 44 vorgeſchriebene
2232 2112 141 63 Brennb?
2374 2112 56 63 darf

1379 2170 54 32 zur
1453 2162 134 44 Heizung
1611 2166 51 33 der
1683 2165 179 44 Schulſtube
1906 2168 159 47 rechtzeltig
2114 2170 133 45 beſchafft
2276 2173 60 34 und
2358 2173 83 44 ſorg⸗

1383 2205 92 44 fältig
1497 2208 190 44 aufbewahrt
1711 2213 85 40 wird,
1818 2214 90 41 ſowie
1934 2215 58 39 daß
2015 2216 47 35 die
2085 2216 204 44 Schulräume
2312 2219 55 34 den
2389 2219 49 34 be⸗

1378 2250 152 44 ſtehenden
1554 2254 201 44 Vorſchriften
1789 2259 108 42 gemaß
1931 2261 108 44 geheizt
2062 2263 60 34 und
2145 2263 145 44 gereinigt
2315 2265 125 35 werden.

1870 2305 15 26 8
1911 2306 42 33 10

1867 2320 17 27 8
1955 2331 7 8 .

1530 2343 264 49 Verwaltung
1817 2350 70 36 des
1911 2350 364 46 Schulvermögens

1484 2389 60 33 Die
1569 2391 201 45 Verwaltung
1790 2395 52 35 des
1868 2396 190 44 Vermögens
2092 2400 51 32 des
2169 2398 267 42 Schulverbandes

1376 2432 76 44 liegt
1461 2434 65 34 dem
1540 2435 258 42 Schülvorſtande
1821 2441 49 41 ob,
1893 2442 119 42 welchẽr
2021 2445 32 32 in
2052 2440 382 52 Geſamtſchulverbänden

1375 2478 85 42 urch,
1486 2480 54 33 den
1566 2481 308 47 Schulkaſſenrechner
1919 2488 47 33 die?
2010 2495 61 27 von
2095 2491 54 32 den
2172 2490 185 43 Ortſchaften
2382 2496 52 29 des

1375 2522 268 44 Schulverbandes
1686 2529 275 46 aufzubringenden
1984 2534 237 43 Schulbeiträge,
2255 2537 43 34 die
2323 2536 110 43 Schul—

1375 2567 373 49 verſäumnisſtrafgelder
1794 2574 89 40 ſowie
1929 2579 46 33 die
1998 2579 143 45 ſonſtigen
2165 2581 194 44 Einnahmen
2382 2583 52 33 der

1374 2613 168 43 Schulkaſſe
1568 2617 120 44 einzieht
1712 2621 60 32 und
1797 2623 164 43 empfangt,
1992 2635 52 24 um“
2079 2627 115 33 Fraus
2230 2628 56 34 d4
2302 2622 128 52 Lehrer⸗

1373 2658 103 43 gehalt,
1520 2662 62 33 und
1614 2663 45 34 die
1693 2664 76 41 ſonſt
1802 2669 121 42 nötigen
1948 2669 424 48 Schulunterhaltungskoſten
2397 2682 34 33 zu

1372 2703 161 41 beſtreiten.
1580 2707 67 35 Wie
1690 2709 64 43 fehr
1787 2716 31 30 es
1853 2712 71 43 auch
1949 2714 106 44 Pflicht
2078 2718 51 32 des
2154 2716 275 42 Schulvorſtandes

1371 2748 44 41 iſt,
1439 2750 57 33 das
1516 2750 172 46 Vermögen
1713 2756 51 32 des
1790 2757 264 42 Schulverbandes
2078 2772 33 32 zu
2134 2762 134 42 erhalten
2298 2764 62 33 und
2383 2762 47 35 bei

1372 2790 153 61 paſſender
1545 2790 198 61 Gelegenheit
1760 2811 34 33 zu
1817 2805 185 42 vermehren
2045 2807 181 44 desgleichen
2250 2809 44 33 die
2318 2808 108 42 Schul⸗

1370 2838 71 42 kaſſe
1480 2841 231 47 haushälteriſch
1735 2857 34 31 zu
1793 2850 175 41 verwalten,
2005 2851 28 38 ſo
2075 2854 10 31 J
2149 2853 67 42 doch
2254 2862 56 25 vor
2349 2854 78 33 allen

1370 2885 125 44 Dingen,
1518 2887 113 42 darauf
1652 2901 34 32 zu
1709 2891 94 43 ſehen,
1826 2895 58 41 daß
1907 2897 90 40 zuerſt
2019 2900 58 32 das
2099 2898 111 41 Sehall
2235 2901 53 32 de⸗
2289 2895 135 53 Lehrers

1368 2930 142 41 Lüntzlich
1534 2933 116 44 gezahlt
1672 2936 76 34 wird
1771 2941 61 32 und
1876 2941 58 37 daß
1980 2942 69 44 auch
2084 2945 75 32 ken⸗
2184 2944 168 44 Ausgaben
2375 2955 51 32 zur

1370 2975 199 45 Anſchaffung
1593 2979 51 34 der
1666 2982 124 43 nötigen
1814 2984 207 45 Schulgerate
2047 2990 49 32 der
2118 2989 235 43 Klaſſenbucher,
2374 2990 52 33 der

1368 3021 182 41 Formulare
1575 3034 34 31 zu
1627 3026 317 47 Abgangszeugriffen
1968 3035 60 32 und
2040 3033 385 44 Schuloerſaimmaliſten-

1367 3066 51 33 der
1443 3065 182 44 Lehrmitlel,
1668 3071 90 40 fowie
1803 3075 51 34 der
1877 3076 172 38 Lernmillel
2095 3080 48 41 für
2167 3080 113 35 Kinder
2325 3089 100 25 armer

1367 3110 106 35 Eltern
1496 3113 194 41 verabſäumt
1713 3120 125 33 werden.

1474 3157 63 42 Für
1561 3159 44 35 die
1628 3161 202 47 Verwaltung
1855 3167 49 33 der
1927 3167 168 44 Schulkaſſe
2117 3169 85 42 durch
2237 3171 55 33 den
2317 3169 108 43 Schul—

1366 3200 211 44 kaſſenrechner
1622 3207 60 33 und
1729 3209 63 34 eine
1824 3212 281 47 orduungsmäßige
2126 3214 297 46 Rechnungslegung

388 3376 92 34 gegen
505 3368 220 44 Feuersgefahr
769 3370 89 41 ſowie,
888 3373 49 39 für
961 3376 45 34 die
1030 3376 202 46 Anſchaͤffung
1257 3380 83 33 der!

1365 3246 35 38 iſt
1423 3248 53 34 der
1499 3248 128 42 geſamte
1650 3251 240 44 Schulvorſtand
1915 3255 248 53 verantwortlich.

1892 3305 34 30 11.
1978 3331 6 4 —

1636 3326 506 72 Bermügensberzeichniſſe

1472 3384 64 33 Der
1549 3384 239 42 Schulvorſtand
1813 3391 53 41 hat
1889 3394 90 40 dafuc
2001 3404 33 33 zu
2057 3396 114 43 folzen,
2194 3397 59 39 daß
2277 3397 58 33 das
2351 3395 70 43 nach

1363 3426 18 42 ð
1407 3427 42 32 25
1473 3428 52 34 des
1549 3429 528 54 Volksſchulunterhaltungagefeze⸗
2100 3441 223 44 aufzuſtellende
2347 3442 74 34 Ver⸗
