1841 2914
332 1323 269 41 Venseinnement
613 1320 145 35 chrdtien
777 1331 19 22 a
812 1325 71 27 tou-

326 1375 93 43 jours
435 1376 50 31 étè
504 1374 31 33 la
548 1375 92 33 lutte.
660 1373 92 34 Deux
765 1373 59 33 fois
837 1373 46 32 les

288 1428 220 33 Jdirecteurs
520 1431 57 29 ont
590 1428 115 41 déposò
717 1427 31 32 la
758 1426 121 42 plume,

91 1482 108 44 quand
213 1482 83 33 deux
310 1482 149 42 victoires
470 1479 192 34 successves
675 1483 54 29 ont
738 1481 51 30 étè
799 1488 83 24 rem-

90 1538 136 41 portées.
240 1534 45 34 La
311 1533 181 34 rovolution
516 1526 131 40 menace
670 1533 39 33 de
732 1536 151 29 nouveau

90 1600 57 22 nos
166 1589 108 40 droits,
292 1593 32 28 et
343 1588 38 33 de
399 1594 150 26 nouvean
568 1596 82 23 nous
671 1587 84 32 voilà
776 1594 57 24 sur
853 1586 31 31 la

89 1643 129 32 broͤche.

132 1694 67 39 Que
220 1696 38 32 de
279 1698 103 29 vastes
408 1693 111 33 ruines
545 1692 102 33 soient
668 1692 212 38 amoncelées,

88 1750 53 40 qui
162 1759 40 22 en
218 1746 123 36 doute?
354 1747 75 33 elles
447 1749 216 40 pouvantent
678 1747 44 32 les
738 1744 103 44 yeux]
858 1744 25 40 II

88 1802 67 34 s'en
172 1804 165 32 ecroulera
351 1800 75 35 bien
444 1800 142 34 c'autres
600 1811 74 23 sous
690 1802 29 31 le
737 1804 144 29 marteau

88 1859 157 31 niveleur.
259 1855 52 35 Un
323 1856 117 33 monde
456 1855 163 43 disparait,
636 1855 44 32 les
694 1856 104 31 dieuq
808 1859 76 27 sont

84 1910 120 42 partis.
224 1909 78 33 Mais
316 1910 50 32 s'il
383 1913 46 29 est
441 1909 69 33 vrai
524 1917 63 34 que
604 1907 91 34 lacte
713 1916 169 24 conserva-

89 1967 72 29 teur
184 1973 57 33 par
264 1963 106 42 lequol
396 1959 84 36 Dieu
504 1962 171 32 maintient
699 1960 184 33 l'existence

89 2026 63 23 aux
165 2018 81 31 otres
261 2020 47 29 est
319 2017 38 31 de
368 2018 106 30 meme
486 2019 115 28 nature
614 2024 64 32 que
690 2013 92 34 Pacte
796 2014 88 31 créa-

91 2074 82 35 teur,
191 2079 40 23 ne
252 2073 92 39 peut-
346 2078 43 23 on
408 2078 58 33 pas
485 2068 68 33 dire
567 2078 74 31 que,
658 2067 131 33 laissant
803 2070 81 29 tom-

90 2123 57 32 ber
159 2133 42 22 en
210 2122 163 43 poussiore
383 2131 36 23 ce
432 2120 81 43 qu'il
527 2132 19 22 à
559 2122 180 32 condamnè
751 2122 19 31 à
782 2120 99 42 périr,

91 2176 22 32 il
129 2184 248 24 conservera
329 2170 52 51 ce
399 2175 58 41 qui
479 2178 46 29 est
545 2174 233 42 impèrissable,
795 2177 32 28 et
849 2182 39 23 ce

91 2230 55 40 qui
174 2233 46 28 est
243 2228 219 42 impérissable
491 2237 35 23 ce
555 2230 73 30 sont
650 2228 47 32 les
725 2226 160 43 principes

93 2282 247 33 londamentaux
366 2281 38 32 de
428 2279 120 34 lordre
573 2281 148 32 humain.
747 2279 93 32 Ainsi
863 2278 23 33 il

92 2336 65 31 ſera
192 2338 70 29 tout
291 2336 19 30 à
349 2343 184 24 nouveau:
563 2334 80 32 Fece
679 2341 89 24 nova
798 2330 87 44 facio

93 2385 128 48 omnid.

137 2439 169 33 Lihistoire
324 2447 84 24 nous
424 2439 31 32 le
477 2442 127 29 montre
618 2447 73 24 sans
708 2446 85 24 cesse
809 2446 77 24 ren-

93 2495 126 29 versant
241 2495 31 29 et
295 2492 143 32 édifiant.
454 2489 68 40 Que
543 2494 71 30 sont
627 2491 45 32 les
688 2485 126 53 annales
823 2485 64 53 des

94 2546 137 38 nations,
255 2545 94 32 sinon
374 2545 29 32 le
435 2545 80 32 rècit
543 2545 38 32 de
612 2545 117 41 grands
759 2544 129 32 difices

94 2599 129 32 sociaux
251 2599 172 32 construits
446 2608 58 32 par
526 2598 46 33 les
600 2598 128 39 siècles,
753 2597 135 43 dètruits

94 2661 125 23 comme
251 2656 88 29 toute
377 2661 110 24 œuvre
519 2655 151 29 terrestre
700 2659 84 34 pour
810 2651 78 32 faire

96 2704 86 42 place
196 2706 20 30 à
233 2704 54 33 des
304 2705 127 32 édiſices
439 2702 203 38 nouveaux?
656 2704 182 33 Au-dessus
850 2704 38 32 de

936 1277 52 22 ces
1003 1267 187 33 décombres
1208 1265 241 42 innomhrables
1464 1273 45 36 un
1529 1264 68 33 seul
1612 1264 117 42 temple

936 1320 83 38 dõfie
1030 1323 106 29 toutes
1151 1319 46 36 les
1210 1319 239 33 destructions:
1467 1317 140 42 Eglise.

949 1371 64 50 Si
1034 1371 67 34 Pon
1119 1381 83 24 nous
1221 1372 157 33 demande
1398 1371 58 42 qui
1475 1380 84 24 nous
1578 1379 152 30 sommes,

936 1435 84 23 nous
1035 1426 222 42 rpondrons:
1275 1426 47 32 les
1331 1425 145 32 ouvriers
1490 1424 39 33 de
1547 1422 84 34 Dieu
1646 1426 30 29 et
1691 1422 39 33 de

936 1477 148 44 l'avenir,
1111 1469 154 56 Christus
1286 1469 73 56 niori
1385 1482 31 28 et
1438 1475 98 35 niodie
1559 1478 67 40 ipze
1640 1480 31 28 ot
1692 1473 39 34 in

936 1532 133 39 Sccula,
1094 1534 83 30 nous
1201 1538 139 27 sommes
1363 1531 210 41 cutholiques,
1602 1532 129 39 aposto-

937 1586 115 41 liques,
1068 1586 154 39 romains,
1235 1587 129 31 surtont
1376 1585 63 32 très
1451 1584 158 39 romains,
1623 1588 38 27 ce
1673 1581 58 42 qui

937 1639 176 42 comprend
1128 1642 81 29 tout.

981 1692 51 33 Du
1051 1696 82 28 reste
1158 1700 60 24 nos
1240 1691 142 32 lecteurs
1402 1689 131 33 anciens
1553 1697 83 25 nous
1656 1696 76 25 con-

937 1746 153 38 naissent,
1106 1749 31 28 et
1151 1753 83 24 nous
1246 1748 165 39 compions
1424 1752 57 23 sur
1493 1752 64 23 eux
1570 1751 84 33 pour
1665 1742 68 31 ètre

937 1809 58 23 nos
1023 1799 158 38 temoins;
1212 1807 84 23 nous
1321 1806 40 23 ne
1390 1806 83 23 nous
1507 1804 141 24 sommes
1676 1804 58 32 pas

937 1853 138 38 attiédis,
1090 1852 96 42 qu'ils
1197 1861 42 22 en
1253 1851 103 33 soient
1369 1852 138 37 assurès,
1519 1849 81 33 bien
1605 1857 40 24 au
1657 1852 76 28 eon-

938 1907 110 31 traire.
1077 1904 41 33 Ils
1145 1904 233 33 demanderont
1400 1905 20 31 à
1441 1902 84 34 Dien
1549 1904 63 40 que
1640 1905 94 28 notre

938 1959 130 41 oͤnergie
1087 1959 61 31 soit
1169 1959 19 30 à
1208 1958 29 32 la
1252 1958 141 32 hauteur
1410 1956 40 33 de
1470 1957 48 41 pè
1528 1956 38 32 ils
1587 1953 147 45 ioujours

922 2013 199 43 croissants.

954 2065 90 48 Car
1062 2065 23 32 il
1100 2074 40 23 ne
1156 2063 93 40 sagit
1264 2072 56 34 pas
1338 2064 39 31 de
1394 2066 223 29 controverses
1632 2060 102 42 plato-

939 2119 125 41 niques.
1088 2117 65 32 Nos
1173 2118 134 31 intèrèts
1325 2117 46 31 les
1389 2116 77 42 plus
1484 2116 94 31 chers
1598 2117 74 29 sont
1694 2121 40 24 en

936 2171 70 44 jeu.
1024 2170 25 34 Il
1071 2169 95 43 s'agit
1189 2170 38 33 de
1251 2173 95 30 notre
1367 2169 55 39 foi,
1442 2169 153 41 espérons
1618 2176 44 33 qu
1665 2165 73 33 elle

939 2234 84 23 nous
1035 2234 70 22 sera
1120 2233 47 23 un
1181 2223 144 42 principe
1341 2222 40 32 de
1395 2221 143 33 victoire.

985 2277 60 33 Les
1058 2276 148 34 ennemis
1222 2276 41 32 de
1278 2279 80 29 cette
1374 2274 117 42 Eglise,
1506 2282 64 24 aux
1589 2272 89 33 cheſs
1697 2272 43 32 de

940 2331 57 42 qui
1008 2331 22 32 il
1043 2341 18 21 a
1076 2331 50 31 ete
1141 2330 68 32 dit:
1225 2329 92 33 Allex
1329 2332 32 28 et
1373 2328 183 40 enseignes,
1571 2326 47 32 lui
1632 2325 107 32 cisent

941 2386 18 30 à
973 2384 73 32 leur
1060 2387 100 29 tour:
1174 2381 48 34 Tu
1236 2381 245 41 menseigneras
1494 2380 75 42 plus
1579 2377 159 33 Penfance

922 2434 63 36 du
999 2436 128 43 peuple,
1147 2436 21 32 il
1182 2444 85 24 nous
1281 2435 30 32 la
1322 2435 69 32 faut
1409 2441 84 35 pour
1510 2434 154 41 proparer
1683 2428 60 34 des

941 2490 193 38 soclalistes;
1163 2506 41 7 —
1232 2487 159 34 Penſance
1419 2487 56 32 des
1503 2483 189 43 bourgeois,
1717 2482 24 32 il

923 2550 101 26 nous
1047 2543 31 32 la
1099 2544 69 31 ſaut
1188 2551 84 33 pour
1295 2542 154 41 préparer
1464 2539 56 32 des
1541 2537 99 33 libres
1659 2545 82 33 pen-

942 2606 110 31 seurs;
1071 2614 40 7 —
1127 2596 32 32 la
1170 2594 151 45 jeunesse
1335 2594 56 32 des
1400 2587 107 38 ecoles
1521 2590 219 42 supérieures,

942 2651 23 32 il
975 2659 83 23 nous
1071 2650 31 31 la
1119 2649 67 32 ſaut
1196 2657 84 34 pour
1289 2656 42 23 en
1343 2647 80 32 laire
1439 2645 55 33 des
1508 2645 149 31 hommes
1669 2650 73 25 sans

944 2702 82 33 Dieu
1041 2711 125 24 comme
1179 2710 94 24 nous.
1282 2699 50 34 Eh
1344 2700 91 39 bien,
1449 2700 69 30 tant
1527 2696 81 43 quil
1623 2698 120 29 restera

899 2824 70 52 7
1713 2810 14 26 1

902 2861 67 51 —
