2509 3479
216 257 52 28 Ein
290 258 164 37 Botſchafter.
477 262 128 38 Gewährt
624 269 49 26 mir
693 268 38 28 die
742 264 87 45 Bitte,

483 308 41 34 Zu
532 309 48 34 ſein
588 311 34 28 im
629 311 93 29 Bunde
732 313 43 29 der
782 316 94 29 Orlite

211 346 52 30 Ein
284 347 82 31 Rarr.
389 351 71 30 Gute
473 354 172 40 Verrichtung,
668 359 80 29 meine
747 355 125 48 Herren!

136 404 35 7 —
203 391 52 30 Sie
285 396 100 29 werben
416 406 51 20 nun
487 400 57 32 Zeit
574 404 133 35 gewinnen
741 405 52 35 fern
823 413 73 24 von

137 435 109 32 Mabrid
267 440 108 30 darüber
395 446 186 36 nachzudenken,
612 453 60 25 was
703 459 60 21 man
783 453 28 28 in
831 454 42 28 der

132 484 212 31 neuen,Welt
363 493 72 24 unter
457 488 288 44 Maskenfreiteit
759 498 110 37 verſteht,

132 525 86 32 Wenn
240 529 52 30 Sie
311 533 47 27 das
380 533 121 32 Problem
524 538 75 34 gelöſt
619 540 88 36 haben,
735 541 24 32 ſo
779 543 91 34 theilen

129 571 54 32 Sie
202 577 71 27 mir's
294 579 43 27 mit
362 595 30 3 —
415 579 33 34 ich
469 581 106 37 vecſtehe
596 588 28 24 es
645 586 71 32 nicht.

258 702 77 61 Das
369 701 82 57 Lied
485 709 68 47 bom
588 706 135 68 Budget.

204 779 161 30 (Gefunden
398 784 25 24 in
449 786 47 22 der
525 783 245 42 Schilterſtraßeh

184 874 92 28 Bubget,
295 877 85 25 grauſer
398 877 146 28 Zifferfunken,

214 913 124 31 Sprößling
357 920 40 19 ans
416 917 138 30 Financiumt,

179 951 66 31 Muth
264 958 41 20 und
323 956 111 30 Hoffnung
452 957 44 27 ſind
514 960 107 29 gefunken,

205 993 68 25 Blickt
290 1002 49 16 man
359 994 20 25 in
398 996 45 24 dein
462 997 119 28 Paſſivumt,

173 1032 70 25 Deine
261 1034 74 27 Boſten
355 1035 71 28 freffen
445 1036 81 28 wieder,

202 1073 57 22 Was
277 1074 31 23 die
327 1074 195 32 Staatseinnahm'
541 1079 63 27 ereilt,

172 1110 93 29 Anlehen
284 1113 115 23 bekommen
419 1115 90 26 Brüder,

201 1149 77 28 Deſteit
297 1153 70 25 fortan
385 1154 101 25 verweilt.

162 1251 55 24 Seid
236 1254 150 30 verſchlungen,
416 1255 129 27 Millionen!

196 1292 56 27 Muſft
270 1294 77 26 Fiscus
365 1294 21 24 in
405 1297 52 22 aller
475 1298 63 28 Welt,

168 1330 82 28 Völker,
270 1334 77 24 über'm
366 1335 135 31 Sternenzelt

200 1371 61 24 Wird
280 1373 41 23 kein
340 1374 76 24 Deſieit
434 1380 57 23 mehr
509 1381 101 22 wobnen!

161 1464 60 23 Wem
239 1467 34 21 der
291 1468 62 27 großr
372 1468 66 28 Wurf
455 1474 112 26 gelungen,

188 1504 45 27 Auf
250 1505 31 24 ein
303 1508 55 25 Jahr
375 1510 76 27 gebeckt
468 1517 23 23 zu
511 1511 47 28 ſein,

159 1542 51 24 Wer
227 1543 32 25 ein
278 1547 88 29 Anleh'n
387 1548 34 28 ſich
440 1545 110 39 errungen—

189 1584 78 29 Miiche
287 1586 67 25 ſeinen
372 1588 66 25 Jubel
459 1590 38 26 ein,

157 1623 51 24 Wer
226 1631 40 17 uur
283 1624 43 25 eine
346 1627 146 26 Leiher-Scele

187 1663 57 22 Sein
263 1669 64 19 neunt
345 1667 39 21 aus
401 1668 44 22 dem
466 1669 133 29 Erdenrund,

156 1701 90 24 Komme
265 1703 69 25 ſchnelt
354 1705 67 29 herbei
441 1713 41 17 und
502 1709 59 29 ſtehle

186 1740 53 30 Sich
258 1741 21 24 in
298 1744 75 27 unſern
393 1745 195 32 Ausſchuß-Bund.

151 1841 45 28 Jhr
213 1843 144 30 verſchwindet
375 1846 124 30 Millionen,

180 1882 64 27 Ahnſt
264 1886 26 21 du
309 1884 58 31 nicht,
388 1892 41 18 wer
446 1888 66 28 ſchuld
531 1892 65 27 deran,
615 1895 78 26 Welt?

149 1920 75 28 Siene,
243 1926 88 22 nuterim
351 1925 159 32 Bienenzelt.

179 1961 66 22 Unter
263 1962 84 25 Bieuen
365 1967 50 27 muß
434 1974 20 15 er
472 1973 101 26 wohnen!

149 2063 91 29 Audget,
260 2065 93 31 Budget,
373 2068 54 28 heißt
447 2070 31 24 die
496 2072 64 26 Feder

172 2103 32 26 Jn
223 2108 34 20 der
282 2107 117 31 volit'ſchen
418 2109 79 30 Natur,

146 2143 91 31 Budget,
259 2146 87 31 Budget
366 2148 61 25 treibt
445 2150 30 23 die
492 2152 73 24 Räder

170 2183 32 26 Jn
221 2189 34 18 der
276 2188 77 29 großen
373 2188 146 31 Staatenuhr.

140 2220 96 26 Stenern
256 2225 47 22 lockt
321 2232 22 17 es
363 2226 19 24 in
402 2230 30 20 die
449 2226 83 36 Kaſſen,

168 2260 83 26 Anteyn
272 2265 80 22 machts
370 2273 24 21 zu
413 2267 53 29 ſechs
484 2270 95 30 Perzent,

136 2297 81 31 Ziffern
236 2303 81 23 thürmt
334 2309 22 18 es
374 2306 38 27 auf
429 2307 20 23 in
469 2308 90 30 Maſſen,

169 2338 52 30 Daß
240 2340 75 25 Einem
334 2346 39 21 das
391 2357 29 4 —
439 2347 59 31 Auge
516 2349 82 28 brennt.

139 2377 75 25 Votirt
231 2381 82 31 muttzig
331 2381 122 29 Millionen!

168 2418 46 28 Fuͤr
232 2418 31 25 die
282 2422 80 30 Unruh'
380 2423 21 25 in
419 2429 35 20 der
460 2422 75 40 Welt,

134 2456 61 25 Wird
214 2461 44 26 den,
278 2463 35 21 der
332 2462 25 25 ſie
373 2464 72 27 fortan
464 2463 86 37 ſchwellt

168 2496 59 28 Ginſt
244 2501 40 22 das
303 2501 104 30 Schickſal
426 2507 76 23 endlich
521 2510 81 28 lohnen.

131 2596 126 31 Schweigen
276 2604 52 22 aller
345 2605 215 35 Kriegsdrommeten,

163 2636 84 28 Keiner,
266 2643 34 20 der
318 2644 37 22 den
374 2644 88 29 Frieden
470 2645 81 39 bricht.

128 2675 100 31 Freiheit,
247 2679 66 26 Glück
330 2691 27 16 an
376 2685 55 25 allen
436 2684 102 39 Stätten

157 2716 89 31 Schafft
262 2724 45 20 dem
324 2722 86 33 Budget
431 2723 165 45 Gleichgewicht.

126 2756 57 30 Auch
202 2756 32 25 die
253 2758 99 26 Steuern
371 2764 64 25 follen
453 2765 65 39 leben,

154 2795 80 25 Völker
250 2800 70 26 hört's
339 2804 42 20 und
399 2804 77 26 ſtimmt
493 2811 39 22 mit
548 2813 40 28 ein,

121 2833 55 25 Kein
187 2836 93 29 Anletz'n
300 2838 52 24 wird
371 2843 58 23 dann
446 2845 88 30 begeben

154 2874 46 23 Und
218 2875 43 25 kein
278 2877 81 30 Deſicit
377 2882 59 26 mehr
454 2884 53 26 feln!

121 2911 54 25 Jede
193 2913 154 32 Staatsſchuld
366 2918 51 26 wird
422 2919 124 38 vernichtet

151 2952 45 23 Und
214 2954 82 30 bezahlt
314 2957 40 27 ſein
373 2960 42 24 alle
432 2961 66 27 Welt—

116 2990 72 26 Wenn
205 2996 34 21 der
257 2994 72 26 Staat
346 2998 42 24 fein
406 2997 153 43 Kriegsgezelt,

151 3030 56 26 Kein
225 3034 117 32 Heerlager
359 3041 59 25 mehr
436 3039 94 39 errichtet

863 1229 65 37 ſich
959 1243 52 20 nun
1040 1235 144 34 Jemanden

859 1308 152 39 Zeitung“
1044 1314 36 28 die
1106 1314 101 31 Kamen“
1236 1322 39 25 der

858 1346 315 42 menſchenfreundliche?

853 1532 74 37 und
949 1537 46 37 Jg
1019 1539 159 34 Wetzelin

852 1580 106 23 vonen
988 1575 110 32 Weriode
1126 1584 45 25 den

851 1612 144 31 Beiſtand
1026 1624 28 25 zu
1081 1618 82 32 leiſten
1192 1621 101 30 beſtrebt
1318 1632 98 27 waren,
1446 1630 49 27 und
1517 1634 107 30 denſoch

850 1648 111 34 ſcheint
982 1656 38 30 es,
1042 1655 47 32 daß
1112 1656 37 28 die
1172 1658 164 34 betreffenden
1359 1663 135 33 Behörden
1516 1668 39 35 ihr
1569 1676 54 22 ver

850 1687 175 36 dienſtliches
1046 1690 103 30 Wirken
1171 1703 32 19 an
1225 1697 144 38 gehörigem
1379 1700 66 30 Orte
1466 1712 43 25 zur
1525 1705 123 30 Kennt⸗

1151 275 117 44 Eine
1292 277 147 42 Fahel.

1186 338 73 37 Die
1274 339 123 33 Lerche:

961 379 52 30 Die
1034 381 87 31 Natur
1140 388 49 33 gab
1211 386 48 28 mir
1281 388 47 27 das
1351 387 78 36 Recht
1452 390 45 34 frei
1518 399 27 27 zu
1566 391 57 36 ſein,

956 425 57 30 Und
1035 429 37 27 die
1095 429 71 34 böſen
1188 429 135 36 Menſchen
1324 429 98 58 ſtellen
1447 437 50 28 mir
1517 439 58 33 nach
1606 439 50 28 und

1367 479 98 34 ſperren
1484 484 63 33 mich
1569 485 53 28 ein!

1191 521 65 29 Die
1278 523 102 29 Eule:

950 562 70 29 Dein
1042 563 53 30 Lied
1118 567 67 35 trägt
1206 567 37 27 die
1267 567 97 30 Schulb
1386 584 36 4 —
1453 571 67 39 ſinge
1541 575 47 28 wie
1608 575 43 34 ich,

949 607 56 29 Und
1027 609 49 28 kein
1099 610 163 37 Denunziant
1282 612 125 39 verfolget
1427 617 68 30 dann
1516 618 75 32 Dich.

1061 695 215 39 Claffiſche
1301 699 192 36 Antwort.

905 746 30 29 A.
977 747 69 29 Was
1067 749 76 34 ſollen
1174 752 36 27 die
1239 753 85 29 beiden
1345 754 102 38 Häuſer
1475 758 44 29 des
1540 758 107 38 Reichs⸗

978 795 86 32 rathes
1085 794 57 37 fein,
1165 804 41 20 um
1228 796 194 41 ſegenbringend
1443 802 41 35 für
1505 803 66 30 Volk
1591 809 56 26 und

974 837 68 29 Land
1063 847 27 28 zu
1112 841 112 29 wirken?

900 881 32 28 B.
974 882 57 29 Mit
1051 884 82 37 Halm
1154 886 98 38 geſagt:

1027 929 89 37 „Zwei
1137 932 96 30 Seelen
1254 936 51 28 und
1328 936 39 29 ein
1389 937 129 40 Gedanke,

1021 975 72 35 Zwei
1115 977 96 38 Herzen
1233 981 50 28 und
1305 983 39 28 ein
1366 982 127 41 Schlag.“

1148 1073 93 32 Eine
1262 1076 125 43 Frage.

966 1121 40 28 Es
1028 1123 52 35 gibt
1102 1124 161 38 Augenblicke
1285 1129 33 27 im
1343 1129 223 43 Menſchenleben,
1596 1145 41 22 wo

865 1159 83 27 man
974 1159 51 28 eine
1054 1160 153 39 Fragefrei
1234 1166 44 35 hat
1305 1175 33 20 an
1366 1169 48 28 das
1443 1170 122 35 Schickfal
1587 1177 49 27 und

864 1201 56 22 Jn
942 1197 58 35 noch
1023 1199 90 29 andere
1134 1200 145 35 Behörden.
1303 1204 66 30 Eine
1390 1207 76 32 folché
1488 1209 83 41 Frage
1593 1215 68 33 hat!

1215 1241 26 28 in
1273 1246 40 26 der
1344 1243 106 40 Gegend
1482 1251 178 31 vonMzlk

1512 1288 123 37 „Wiener

885 1275 49 24 und.
966 1273 76 32 Vbbs
1071 1276 182 40 aufgedrängt,
1282 1284 43 26 als
1354 1291 25 20 er
1400 1284 26 29 n
1448 1290 41 25 der

1305 1329 41 26 zur
1373 1322 194 42 Auszeichnang
1590 1329 42 35 für

1207 1356 141 37 mühevoͤlle
1385 1362 49 27 und
1466 1364 165 36 aufopfernde

881 1384 142 39 Leiſtungen
1046 1391 157 35 gelegentlich
1226 1395 40 26 del
1288 1396 81 35 letzten
1391 1398 162 40 Waſſernoth
1572 1411 59 21 vor—

880 1422 174 38 geichlagenen
1076 1430 50 26 kas.
1166 1430 157 32 Jebermand
1346 1434 25 29 in
1393 1436 53 29 Tau

879 1497 87 30 Anton
988 1500 211 37 Zehentner,
1209 1501 278 52 Dampfſchiffsagent
1508 1512 39 32 in“
1555 1517 75 30 Mölk

1195 1545 76 33 Abbs
1284 1548 120 35 waͤhrend
1418 1551 69 34 jener
1499 1552 124 36 ſchrecken.

1200 1582 145 37 Bedrohten

851 1724 65 32 niß
944 1728 115 33 gebracht
1086 1730 89 34 haben.
1204 1732 61 30 Nuun
1297 1735 75 31 findet
1393 1745 67 26 zwar
1490 1741 51 34 jede
1573 1745 50 29 Edie

874 1760 71 36 That
971 1763 69 34 ihren
1068 1765 67 36 Loͤhn
1158 1768 25 28 in
1204 1769 75 37 ſich'ſ

871 1799 121 37 zaͤhligen,
1015 1804 88 32 welche
1125 1808 41 25 der
1187 1807 163 38 Gegenſtand
1373 1813 74 35 diefer
1468 1819 68 27 edlau
1552 1815 68 45 That

847 1837 132 36 geweſen
1000 1839 28 34 iſt
1050 1844 27 25 es
1100 1843 55 29 doch
1178 1846 38 28 ein
1238 1848 89 29 herbes
1347 1849 105 39 Gefühl,
1476 1856 47 31 daß
1545 1865 75 22 wenn

847 1874 69 36 auf,
943 1877 36 28 die
1011 1877 320 39 Menſchenfreundlichkelt
1358 1889 114 31 Anderer
1502 1896 116 29 anerken—

846 1915 85 25 nend
958 1915 165 36 hingewieſen,
1155 1927 116 30 worden“
1300 1926 36 27 die
1365 1937 45 19 vor
1432 1930 69 34 ihren
1523 1932 94 38 Augen

844 1950 94 34 durch
967 1953 128 34 ähuliches
1117 1952 136 45 Verdienſt
1276 1957 245 50 Hervorragenden
1542 1966 73 42 Über⸗

867 1986 69 38 ſehen
958 1993 107 27 werden.

841 2061 190 71 Album
1082 2079 71 60 für
1204 2081 195 68 Cheuter,
1462 2092 175 60 Muſik

1101 2156 87 47 und
1225 2156 145 59 Kunſt.

936 2254 70 30 Vom
1026 2259 210 38 Karltheater

861 2298 146 40 geſchieden,
1030 2305 76 35 „der
1131 2306 25 29 K

1280 2266 51 34 ſind
1353 2271 80 37 einige
1454 2273 153 39 Mitglieder

1164 2315 144 25 arneval
1334 2314 36 29 in
1396 2317 116 30 Wien“
1545 2322 61 28 aber

858 2392 135 35 geblieben.
1042 2395 53 31 Die
1126 2398 208 42 Abgegangenen
1364 2411 103 28 wurden
1498 2412 26 28 in
1556 2414 46 28 den

856 2482 42 34 her
925 2490 60 23 vom
1015 2487 90 36 Herrn
1134 2490 126 32 Simon
1290 2500 142 34 gegebenen
1464 2503 70 33 durch
1564 2506 37 28 die

855 2526 123 34 Fräulein
1008 2531 62 30 Lina
1105 2534 130 39 Steger
1271 2543 51 26 und
1352 2539 147 49 Hanno,

854 2580 50 20 von
931 2574 86 37 Herrn
1046 2577 109 31 Wilke
1183 2587 152 31 remplacirt.
1364 2590 80 30 Unter
1465 2593 74 35 ihnen
1562 2604 37 19 er⸗

830 2620 94 26 warb
954 2619 43 36 ſich
1029 2621 53 36 Frl.
1112 2624 129 40 Steger
1272 2633 37 28 die
1337 2636 114 35 wärmſte
1472 2638 126 31 Anerken⸗

851 2709 153 39 beurtheilen
1025 2715 63 36 läßt,
1111 2725 50 22 von
1182 2720 53 31 dem
1252 2722 168 41 Erforderniß
1442 2730 68 36 ihrer
1529 2731 65 38 Auf⸗

849 2756 63 36 gabe
943 2759 45 28 den
1016 2761 201 38 entſprechenden
1246 2768 102 38 Begrifft
1373 2781 29 27 zu
1423 2775 90 37 haben,
1541 2780 52 27 und

848 2800 70 30 wirkt
944 2802 119 38 uͤberdieß
1093 2809 59 32 auch
1182 2814 59 33 noch
1273 2815 72 37 durch
1367 2820 48 27 das
1436 2820 157 40 Anziehende

824 2844 89 35 ihrer
950 2849 171 37 jugendlichen
1151 2855 193 43 Erſcheinung.
1376 2862 52 34 Frl.
1466 2862 125 41 Hanno

846 2890 69 35 thaͤte
942 2892 89 38 beſſer,
1061 2904 74 22 wenn
1162 2900 31 34 ſie
1220 2902 63 35 das,
1312 2913 60 23 Las
1399 2909 32 33 ſie
1455 2920 31 26 zu
1506 2911 86 40 ſingen

844 2982 60 32 noch
925 2984 89 30 immer
1033 2988 66 32 nicht
1120 2991 64 34 nicht
1203 2993 24 34 ſo
1248 2998 67 33 weh,

843 3025 145 40 Uebrigens
1022 3031 105 36 ſpielten
1167 3039 36 27 die

844 3070 192 38 Lehmanns
1064 3079 26 28 in
1115 3081 69 35 ihren

843 3116 87 31 beſten.

1240 3043 126 34 reizenden
1397 3047 192 34 Dekoratlonen

1209 3084 192 39 Zauberfarben
1423 3094 92 29 wieber
1544 3105 43 21 am

1468 1438 100 37 Bezirke
1590 1443 41 28 der

856 1461 201 30 obbenannten
1085 1466 65 28 Orte
1172 1469 80 34 weiß,
1286 1472 47 28 Wie
1354 1473 93 33 raſtlos
1469 1477 37 28 bie
1527 1478 102 35 Herren

1374 1590 50 27 und
1460 1590 165 41 Bedrängten

1280 1773 65 34 elbſt,
1368 1775 60 30 aber
1449 1777 40 33 für
1511 1779 37 29 die
1569 1781 53 29 Un—

858 2345 50 28 und
940 2348 45 28 mit
1016 2349 51 35 ihm
1094 2352 41 28 der
1164 2355 76 35 große
1262 2357 125 40 Zuſpruch
1416 2363 27 36 iſt
1464 2364 136 35 demſelben

857 2435 94 32 Rollen
973 2440 44 30 des
1038 2441 112 39 Kobold,
1173 2451 41 24 der
1236 2450 109 38 Rrigitte
1366 2456 50 28 und
1438 2457 26 29 in
1486 2459 42 28 der
1547 2459 54 35 früs

1531 2552 69 26 dann

851 2672 78 30 nung.
952 2665 52 30 Sie
1026 2667 96 38 ſcheint,
1143 2671 25 31 ſo
1189 2676 48 28 viel
1258 2676 44 36 ſich
1324 2682 60 32 nach
1402 2683 68 30 einer
1483 2684 113 41 Leiſtung

845 2935 57 35 hat,
931 2937 113 39 ſprechen
1074 2941 94 36 wuͤrde,
1201 2947 64 31 denn
1296 2950 72 37 falſch
1395 2954 112 37 ſprechen
1535 2960 80 42 thut

1337 3001 43 28 als
1402 3001 71 38 falſch
1494 3003 95 38 ſingen.

1794 289 64 30 Das
1918 290 197 48 æitheater,

1688 336 76 27 ater
1784 334 23 36 ſo
1830 336 36 34 oft.
1888 336 17 30 S
1904 336 93 40 tücke,

1685 379 118 39 Erfolg
1826 384 111 37 gegeben

2137 303 107 32 welches
2266 306 54 29 dem
2342 308 122 45 Burgthe⸗

2019 342 38 30 die
2078 345 49 36 auf
2158 348 135 36 demſelben
2322 350 75 44 zuerſt
2422 367 41 28 mit

1967 388 108 36 werden,
2097 400 29 27 zu
2149 396 132 38 entlehnen
2302 403 92 40 pflegt,
2422 412 40 35 hat

1683 427 134 35 diesmal
1838 430 55 29 dem
1909 429 177 41 Burgtheater
2110 439 54 29 eine
2178 440 211 43 Schauſpielerm
2410 461 49 25 ein.

1680 464 101 44 lehnt.
1804 473 52 35 Frl.
1870 475 149 38 Schuͤfer
2040 484 86 29 Wurde
2138 485 42 35 für
2194 487 50 31 das
2259 490 86 34 Treu
2344 481 113 55 mann

1707 516 47 35 ſche
1775 519 112 37 Theater
1908 526 122 35 engagirt
2049 529 53 28 und
2122 532 39 35 ihr
2182 534 73 32 erſter
2268 535 186 55 Waffengang

1702 562 102 36 daſelbſt
1841 566 167 37 „Richelieus
2042 575 77 33 erſter
2147 577 209 45 Waffengang.“
2400 591 53 32 Der

1676 578 116 84 J
1822 618 56 23 war
1910 614 42 36 für
1979 617 40 30 die
2047 619 168 36 Debuͤtantin
2236 629 40 29 ein
2298 628 152 52 glänzender,

1674 652 66 37 fuͤr
1761 655 38 30 die
1820 657 135 33 Direktion
1979 664 124 40 bezüglich
2134 671 41 28 de—
2197 672 158 40 Acquiſttion
2375 682 74 37 dieſes

1695 700 174 40 jugendlichen
1892 706 127 34 Talentes
2041 713 40 29 ein
2106 712 156 48 erfreulicher.

1761 780 74 30 Das
1866 784 158 38 Theater
2053 800 43 21 an
2126 799 57 25 der
2203 798 98 34 Wien
2322 806 44 33 hat
2370 805 74 47 nach

1693 825 53 29 dem
1767 826 24 35 ſo
1805 828 109 39 kläglich
1938 833 135 32 beendeten
2094 835 183 49 Definitivum
2298 849 51 36 ſein
2369 854 72 33 Jnte⸗

1690 872 62 28 rime
1773 875 140 37 begonnen.
1937 879 70 29 Aber
2018 881 49 31 das
2086 885 134 37 „Jnlerlmn
2232 893 45 32 hat
2288 895 46 30 den
2350 898 92 37 Schalk

1666 918 103 50 hinter
1799 921 79 37 ihm,“
1909 930 75 25 wenn
2012 936 61 22 man
2101 931 49 31 das
2178 944 62 24 neue
2269 939 81 34 Stück
2370 947 71 35 „der

1666 964 129 31 Mann
1828 968 118 32 dreier
1977 971 153 44 Frauen,
2160 982 72 30 oder:
2262 986 58 32 ein
2340 993 99 32 alter

1687 1006 279 65 Tarotſpteler“
1998 1017 40 44 als
2070 1022 154 61 maßgebend
2256 1033 42 35 für
2318 1037 37 30 die
2376 1041 61 29 inte⸗

1662 1058 115 41 rimiſte
1814 1060 104 40 Leitung
1954 1067 106 37 nehmen
2088 1073 94 30 wohte.
2219 1077 74 35 Zwei
2320 1082 117 34 Maͤnner

1661 1100 104 42 haben
1794 1105 79 35 dieſen
1901 1109 95 30 einen
2030 1113 107 33 Mann
2158 1120 115 32 dreker
2294 1122 136 48 Frauen

1660 1147 128 39 erzeugt,
1810 1151 37 29 die
1860 1152 113 37 Herren
1984 1156 181 36 Blankund
2178 1165 152 41 Hareſch.
2349 1174 84 34 Wenn

1659 1193 80 36 eitel
1761 1194 148 38 Schlechtes
1931 1208 35 22 an
1987 1203 56 31 dem
2065 1205 92 34 Stücke
2178 1212 42 37 iſt,
2249 1217 48 29 wie
2318 1221 51 29 viel
2388 1225 44 30 des

1658 1239 114 38 Guten
1799 1243 92 31 kommt
1912 1248 68 29 dann
2003 1251 47 36 auf
2070 1254 71 30 einen
2163 1258 42 30 der
2225 1262 86 33 beiben
2342 1268 88 34 Colla⸗

1657 1278 181 53 boratoren?
1859 1291 70 38 Herr
1947 1294 86 32 Roll
2054 1298 64 38 ſetzte
2139 1303 51 34 ſem
2211 1316 94 30 ganzes
2327 1320 102 28 wachu—

1656 1336 69 33 ges
1754 1334 96 31 Talent
1877 1347 33 20 an
1940 1342 49 28 das
2018 1344 160 40 Machwerk,
2211 1361 137 34 vermochte
2368 1365 61 28 aber

1677 1379 90 36 nichts,
1788 1391 43 21 um
1852 1386 113 35 dasſelbe
1987 1398 46 21 vor
2054 1394 54 29 dem
2130 1396 150 41 Durchfalle
2296 1415 26 22 zu
2328 1406 96 44 retten.

1752 1467 51 35 Für
1841 1472 48 29 das
1920 1471 236 48 Joſefſtädter

1652 1511 93 41 Frau
1775 1514 158 40 Megerle
1963 1523 70 30 einen
2069 1527 216 46 Langer'ſchen
2318 1540 105 34 Roman

1652 1554 105 40 „das
1796 1561 144 35 Wlener
1969 1569 46 30 Ko
2028 1574 112 33 ſtkind“
2173 1589 28 27 zu
2233 1584 67 29 einer
2316 1583 105 48 Birch⸗

1649 1599 178 45 pfeifferiade
1856 1613 189 41 umgeſchaffen,
2074 1624 42 28 der
2145 1630 27 24 es
2201 1630 64 29 nicht
2286 1641 33 20 an
2342 1634 79 36 Effekt

1648 1649 64 31 der
1733 1651 94 35 Mache
1849 1655 67 35 fehll.

2193 1487 158 39 Theater
2381 1499 44 35 hat

1932 1747 219 37 (Eingeſendet

1732 1785 49 25 Von
1800 1790 45 23 dem
1869 1793 71 27 Herrn
1958 1796 171 33 Bürgermeiſter
2152 1806 35 23 der
2204 1807 71 25 Stadt
2293 1811 84 28 Friedek
2393 1814 22 24 in

1644 1823 131 31 Schleſien
1795 1831 48 28 geht
1861 1839 43 16 nus
1923 1834 31 24 die
1974 1834 144 39 nachſtehende
2136 1844 118 35 Erklärung
2280 1857 32 24 zu,
2331 1855 84 28 welcher

1667 1864 40 24 wir
1724 1867 21 24 in
1765 1869 37 23 der
1820 1870 180 37 Vorausſetzung,
2020 1879 42 30 daß
2080 1881 181 37 Berichtigungen
2280 1897 40 18 on
2328 1889 85 39 ſolcher

1666 1904 63 25 Seite
1744 1910 39 27 auf
1796 1911 133 30 gebührende
1940 1915 105 33 Rückſicht
2056 1920 107 32 Auſpruch
2177 1926 75 28 haben,
2266 1936 62 22 gerne
2337 1932 68 25 Raum

1663 1942 21 24 in
1703 1947 96 26 unſerem
1817 1949 77 26 Blaͤtte
1916 1955 72 28 gebeu,
2008 1960 42 21 und
2068 1961 40 22 das
2127 1969 36 17 um
2187 1965 20 27 ſo
2226 1968 65 28 mehr,
2314 1971 35 22 als
2373 1972 39 23 wir

1664 1983 38 24 den
1721 1986 155 33 aufrichtigſten
1901 1992 91 32 Wunſch
2018 1997 71 31 hegen,
2116 2003 42 29 daß
2182 2005 96 31 zwiſchen
2302 2014 41 19 uns
2369 2016 40 19 und

1660 2023 35 22 der
1713 2025 72 25 Stadt
1802 2030 118 27 Friedek
1943 2036 34 22 der
1994 2037 74 28 Friede
2085 2043 100 30 aufrecht
2209 2047 94 26 erhalten
2330 2046 79 37 bleibe:

1932 2087 187 47 Erklaͤrung.

1721 2128 75 33 Gegen
1815 2133 32 25 die
1865 2135 22 25 in
1905 2138 40 24 Rr.
1967 2142 24 22 1t
2023 2145 37 22 des
2077 2145 136 31 Humoriſten
2231 2152 177 30 aufgenomuene

1632 2166 197 36 Erpectoration.
1847 2180 98 29 wornach
1967 2180 23 24 in
2009 2183 67 25 einem
2094 2193 41 17 von
2154 2189 86 27 Friedek
2257 2193 91 24 datirten
2364 2198 41 20 und

1654 2212 41 19 don
1714 2211 106 29 mehreren
1844 2222 121 23 anonymen
1999 2222 184 32 Gleichgeſtunten
2205 2228 22 24 in
2252 2231 85 27 Friedek
2362 2236 42 21 und

1646 2242 84 36 Miſtek
1747 2248 124 38 gefertigten
1891 2256 120 31 Schreiben
2030 2262 32 24 die
2068 2260 141 40 Zuſendung
2213 2264 74 38 dieſes
2285 2268 118 38 deutſchen

1652 2284 90 26 Blattes
1775 2295 64 19 unter
1870 2296 108 29 mehreren
2015 2304 90 22 anderen
2139 2305 112 31 ſlaviſchen
2284 2310 36 23 als
2346 2311 57 27 Prä⸗

1651 2327 278 38 unmerarionsrinladnng,
1948 2338 39 24 mit
1995 2337 108 40 trivialer
2101 2340 148 44 Gemeinheit
2255 2340 146 44 zurückgewie⸗

1626 2365 57 28 ſen
1702 2368 59 26 wird,
1780 2369 54 34 finde
1852 2372 28 33 ich
1903 2377 50 30 mich
1978 2380 111 33 bemüſſigt
2112 2385 53 24 über
2182 2386 159 35 Aufforderung
2366 2393 35 22 der

1626 2403 166 35 ſammilichen
1803 2410 108 30 Friedeler
1922 2418 197 36 Einwohnerſchaft
2125 2426 144 30 nachſtehende
2263 2422 137 44 Erklärung

1648 2454 23 24 zu
1690 2448 91 35 richten,
1792 2454 98 30 nachdem
1908 2463 23 19 es
1953 2460 43 24 mir
2013 2462 55 31 nicht
2084 2465 107 30 gelungen
2208 2465 30 30 iſt,
2257 2471 37 21 den
2310 2469 89 30 boshaf⸗

1648 2488 34 23 ten
1702 2489 117 36 Einfender
1837 2495 64 29 diefer
1907 2495 56 46 ſach
1967 2503 155 29 verdrehenden
2131 2504 106 30 Buſchrift
2245 2514 24 23 zu
2280 2508 118 26 ermitteln:

1711 2528 44 24 Die
1772 2531 72 26 Stadt
1862 2535 87 28 Friedel
1966 2538 22 25 in
2006 2541 17 23 k.
2041 2542 14 22 f.
2075 2542 108 31 Schleſien
2208 2546 38 23 mit
2264 2548 61 22 4000
2344 2548 53 25 Ein⸗

1645 2567 88 28 wohner
1749 2570 59 30 zählt
1832 2576 104 23 darunter
1963 2584 42 18 nur
2026 2581 50 30 zwei
2099 2583 142 29 Jndividuen,
2267 2589 72 27 welche
2362 2588 35 28 fuͤr

1621 2613 2 20 dier
1644 2604 172 33 ſogenaunte
1834 2613 107 33 czechiſche
1960 2618 76 31 Sacht
2054 2619 160 32 eingenommen
2224 2624 50 28 ſind,
2284 2627 43 22 und
2326 2622 69 41 ſelbſt

1644 2644 66 30 dieſen
1729 2649 70 30 dürfte
1801 2640 34 43 ei
1840 2659 25 18 ne
1886 2655 65 31 ſolche
1971 2659 215 33 dentfchverächtliche
2203 2663 134 33 Geſinnung.
2355 2667 38 24 wie

1642 2684 26 29 ſie
1684 2686 23 25 in
1725 2690 46 24 dem
1794 2692 77 33 obigen
1899 2695 119 32 Sihreiben
2042 2700 43 31 ſich
2104 2701 124 31 ausfpricht,
2254 2704 57 31 nicht
2331 2715 61 24 zuge⸗

1640 2728 83 29 muthet
1739 2733 91 26 werden.
1854 2735 33 24 Es
1904 2736 25 29 iſt
1946 2739 65 28 daher
2028 2741 61 28 mehr
2106 2742 35 22 als
2159 2743 172 34 wahrſcheinlich,
2349 2749 41 30 daß

1648 2769 65 27 rgend
1732 2768 32 26 ein
1783 2773 142 31 calumnisſer
1942 2778 114 27 Fanatiler
2075 2783 41 19 aus
2135 2780 66 26 einem
2224 2787 91 22 anderen
2332 2786 58 25 Orte

1639 2805 40 23 das
1697 2808 100 32 fragliche
1814 2813 119 28 Schreiben
1951 2817 36 22 der
2001 2816 52 28 Boſt
2071 2817 22 25 in
2104 2819 84 27 Friedel
2203 2823 178 31 überantwortete

1639 2847 22 20 es
1679 2845 24 24 iſt
1718 2848 53 24 aber
1787 2851 82 30 haͤßlich
1887 2859 43 18 von
1946 2855 125 27 demſelben.
2088 2859 63 24 darin
2163 2862 36 22 der
2215 2862 72 25 Stadt
2295 2865 90 27 Friedek,

1638 2883 71 29 welche
1733 2884 45 31 ihre
1800 2889 254 34 dentſchöſterreichifchen
2079 2900 42 22 und
2149 2895 237 43 verfaſſungsmäßigen

1637 2920 163 36 Geſinnungen,
1820 2928 32 24 bei
1869 2930 55 23 aller
1944 2927 96 38 Achtung
2058 2937 35 23 der
2106 2938 148 30 realiſirbaren
2252 2935 130 43 Anſprüche

1636 2962 36 23 des
1694 2964 85 32 ſlaviſch
1803 2970 102 23 redenden
1923 2971 87 31 Theiles
2036 2977 34 22 der
2092 2977 157 35 Bevölkernug,
2273 2982 32 24 bei
2327 2983 56 29 jeder

1636 3002 140 32 Gelegenheit
1798 3008 127 28 mauifeſtirt
1947 3013 44 29 hat,
2017 3019 184 31 entgegengefetzte
2207 3017 174 42 ultraezechiſcht

1612 3043 146 14 Tendenzen
1765 3038 162 44 nuterſchieben
1947 3059 25 24 zu
1991 3055 85 26 wollen.

1674 3082 114 31 Friedek,
1806 3093 44 17 aur
1860 3078 37 44 17.
1915 3090 66 28 April
2000 3094 67 23 tgbs

2042 3134 26 26 J.
2087 3134 96 32 Prciß,
2186 3134 190 40 Burgermeiſter.
