1833 2916
97 197 37 28 26

791 190 55 31 LA
868 189 152 32 RUSSIE

473 371 207 111 LA
766 369 573 74 ROSSIE

747 492 104 39 SON
885 481 178 50 PASSE

119 719 42 31 Ce
175 718 68 41 qu'a
256 718 46 31 otõ
313 717 30 31 la
358 716 107 32 Russie
480 716 76 31 dans
569 716 42 30 les
622 715 145 40 premiers
776 714 103 31 sibcles

79 764 36 30 de
135 764 70 30 Pore
223 763 180 35 chretienne,
419 762 23 29 il
463 762 88 30 serait
565 761 120 30 difficile
704 760 36 30 de
757 760 26 29 lo
796 759 82 37 dire;

78 808 141 40 partages
228 810 83 27 entre
322 806 148 40 plusieurs
481 806 117 40 princes
610 808 30 28 et
648 806 96 29 mòme
740 799 30 53 en
772 803 108 31 deux

79 862 38 21 ou
139 852 74 30 trois
229 851 197 40 republiques,
443 860 58 30 pen
520 851 18 29 à
555 859 57 31 peu
634 850 56 30 olle
714 858 30 21 ss
769 857 112 30 groupu

79 906 68 21 sous
159 896 30 30 la
202 895 135 40 dynastie
353 895 37 30 de
405 894 116 36 RuriR;
537 894 75 30 mais
626 894 45 31 les
688 892 193 31 descendants

79 941 41 30 du
135 940 97 40 grand
239 939 131 37 homme,
390 948 31 22 s
436 941 181 37 partageant
633 948 48 21 ces
699 940 98 33 vastes
811 946 69 21 con-

80 986 86 36 trees,
182 984 222 31 affaiblissaient
423 983 136 30 d'autant
572 992 59 21 une
646 982 155 40 puissance
816 981 65 30 des-

81 1031 78 30 tinèe
178 1030 18 30 à
216 1029 121 30 devenir
358 1027 158 31 colossale.
533 1027 58 30 Les
612 1028 159 30 immenses
789 1026 94 30 foròts

81 1075 52 39 qui
146 1073 172 31 couvraient
328 1082 58 20 une
398 1072 98 40 partie
505 1071 204 31 considorable
721 1070 40 30 du
772 1070 53 36 gol,
841 1069 42 30 les

82 1119 136 38 rigueurs
228 1116 34 31 de
273 1116 109 31 l'hiver
393 1116 25 30 si
431 1115 74 31 rude
521 1115 75 31 dans
607 1124 58 21 uns
679 1114 96 40 partie
787 1114 36 31 de
836 1122 47 21 ces

81 1163 145 36 contrões,
240 1170 42 21 un
292 1170 96 30 vague
402 1160 80 31 desir
494 1160 38 30 de
546 1159 194 34 civilisation,
753 1168 41 20 un
806 1160 77 27 reste

81 1207 40 30 du
131 1206 101 31 gouffls
243 1205 51 40 qui
307 1205 81 30 avait
395 1205 103 39 poussé
508 1204 44 30 les
562 1204 139 30 barbares
712 1203 35 30 de
755 1202 129 31 lOrient

82 1252 18 29 à
124 1250 176 36 POccident,
327 1249 175 30 amenòrent
527 1258 42 20 un
596 1248 37 30 de
659 1248 78 30 leurs
758 1247 81 30 chefs
867 1247 17 30 à

82 1294 132 32 Sotablir
228 1295 17 29 à
259 1293 80 36 KRief,
358 1302 50 21 sur
422 1293 43 30 les
480 1292 89 30 hords
582 1292 41 30 du
638 1292 143 39 Dniéper.

122 1340 47 30 La
178 1338 104 31 Russie
293 1337 74 31 ëtait
379 1337 78 30 alors
464 1340 137 36 paienne.
617 1337 46 30 La
673 1336 112 39 grande
797 1335 86 39 Olga,

81 1385 124 38 rõgente
219 1382 85 39 apròès
319 1382 29 30 la
366 1384 80 28 mort
461 1381 112 39 d'lIgor,
594 1381 134 40 pendant
746 1380 29 30 la
789 1379 95 30 mino-

82 1429 59 30 ritõ
162 1427 37 31 ds
203 1420 79 47 leur
285 1420 57 47 fils
356 1426 170 37 Sviatosfal,
545 1426 114 30 voulait
678 1425 165 31 embrasser
857 1424 28 31 lo

82 1471 228 35 christianisme,
332 1470 75 30 mais
428 1470 27 30 le
476 1469 103 40 prines
597 1479 38 20 ne
653 1472 57 37 put
734 1468 151 31 consentir

84 1517 17 29 à
127 1515 102 31 imiter
254 1524 32 20 sa
312 1515 90 30 mère.
432 1513 185 39 Novogorod
645 1523 38 21 au
712 1512 86 37 nord,
827 1522 58 30 peu

83 1560 126 39 effrays
222 1558 72 30 diun
311 1558 160 30 souverain
484 1557 74 30 dont
573 1557 30 30 la
622 1557 128 39 capitale
765 1557 76 30 etait
859 1557 26 30 i

82 1603 146 40 cloignée,
240 1611 31 22 se
284 1602 179 30 constituait
478 1610 36 21 en
533 1601 187 40 rèpublique.

124 1646 176 40 Cependant
320 1645 161 31 Mladimir
497 1645 128 31 recevait
647 1645 27 31 lo
695 1645 148 39 baptme,
858 1644 27 31 le

83 1691 152 41 proposait
249 1691 19 30 à
276 1691 49 30 tes
345 1690 96 39 sujets
459 1690 85 39 après
560 1689 84 30 avoir
664 1689 56 30 fait
733 1689 101 29 battre
848 1688 37 31 de

83 1745 104 30 verges
202 1738 30 28 et
248 1743 92 31 noyer
353 1734 75 30 dans
450 1733 28 31 le
499 1734 95 30 fleuve
609 1733 28 30 la
660 1736 97 32 statue
771 1732 37 31 de
823 1732 62 31 leur

57 1780 95 32 died
165 1779 157 41 principàl.
338 1779 45 30 Le
396 1787 165 21 commeroe
570 1778 140 30 devonait
722 1773 163 43 important

83 1834 54 31 par
151 1825 29 29 la
191 1833 66 21 mer
270 1823 93 30 Noire
378 1832 71 21 avec
471 1822 259 39 Constantinople,
751 1821 73 30 d'ouᷣ
843 1820 42 31 les

84 1868 170 31 Souverains
272 1876 96 21 russes
390 1867 168 39 appelaient
575 1866 18 30 à
613 1866 78 30 Rief
705 1866 42 30 les
766 1866 119 30 artistes

84 1923 95 30 grecs,
186 1912 138 40 peintres,
334 1911 177 39 sculpteurs,
525 1910 188 31 architectes.
723 1909 62 31 Peu
797 1910 18 29 à
828 1919 57 30 peu

84 1958 28 29 ſa
132 1955 181 33 civilisation
335 1954 162 31 remontait
519 1963 66 22 vers
609 1954 28 31 le
660 1953 88 38 nord,
769 1963 64 21 vers
856 1954 29 31 la

84 2001 127 40 capitale
225 2002 31 28 ot
268 1999 42 31 les
317 1999 144 41 quelques
472 1998 127 40 grandes
612 1998 96 37 villes,
718 1998 86 31 sinon
818 2008 66 30 par-

85 2050 77 26 tout.
181 2045 50 30 Du
244 2046 77 29 reste
335 2044 30 30 la
379 2044 48 30 vie
438 2043 52 31 des
504 2042 117 41 princes
646 2042 75 31 tait
737 2043 96 30 dure:
848 2043 37 30 ils

86 2090 132 31 vivaient
240 2087 38 32 de
301 2088 83 30 chair
407 2088 39 31 de
472 2087 112 37 cheval,
606 2087 175 31 couchaient
810 2086 75 31 dans

84 2135 65 30 leur
162 2142 128 25 armure,
304 2142 38 21 en
356 2132 81 40 plein
452 2132 56 36 air,
523 2141 54 30 par
591 2131 42 31 les
651 2131 94 31 froids
764 2131 42 31 les
819 2132 65 39 plus

85 2177 136 31 terribles
245 2175 186 31 subritaient
446 2185 67 21 sous
526 2185 58 21 une
600 2176 145 39 grossière
760 2185 123 21 couver-

85 2226 77 33 ture,
184 2220 135 39 toujours
340 2221 81 39 prèts
442 2220 19 30 à
481 2229 31 21 se
525 2224 101 36 porter
646 2223 121 36 partout
785 2219 40 31 où
842 2220 42 31 les

85 2266 152 32 rẽclamait
249 2264 29 31 la
292 2264 120 31 defonse
426 2264 42 31 du
481 2274 72 31 pays
564 2274 39 21 ou
618 2274 58 22 une
688 2264 137 32 invasion
837 2265 47 39 ju-

85 2311 54 39 goe
151 2308 172 33 nocessaire.

125 2353 176 41 Cependant
322 2352 138 32 Jaroslaf
485 2352 82 31 gvait
593 2352 91 32 fondò
709 2352 52 31 des
787 2353 93 38 villes,

86 2399 90 31 fondè
201 2398 51 30 des
278 2397 94 31 écoles
395 2400 32 27 et
450 2397 101 40 appelò
577 2397 53 31 des
650 2399 114 39 prètres
788 2406 95 31 grecs,

84 2444 106 31 codifis
204 2443 41 30 les
257 2442 54 30 lois
325 2441 168 31 anciennes.
510 2441 43 30 Le
567 2442 216 31 christianisme
794 2442 90 31 adou-

85 2488 103 31 eissgit
201 2488 42 29 les
257 2495 121 29 mqurs,
399 2485 162 31 diminnait
582 2486 148 31 Veffusion
743 2486 40 31 du
798 2496 83 29 aug.

87 2534 64 30 Peu
165 2533 19 29 à
197 2540 67 31 peu,
279 2530 76 31 Kiet
366 2530 85 37 tait,
472 2525 102 50 disait-
578 2539 47 28 on,
639 2531 134 31 devenus
786 2531 29 31 la
830 2531 54 31 Ca-

85 2587 77 30 poue
174 2576 41 30 du
229 2575 96 36 Nord,
337 2575 77 30 mais
423 2574 64 31 cola
498 2583 38 21 no
550 2574 76 31 dura
637 2585 53 30 pas
705 2576 178 39 longtemps;

85 2622 91 39 priss,
192 2620 109 39 reprise
314 2629 54 30 par
388 2619 43 31 les
446 2619 197 39 Varangiens,
669 2620 41 30 les
735 2620 148 37 Polonais,

86 2676 45 21 ses
156 2663 181 39 gouverains,
367 2664 96 40 pillos,
490 2663 164 38 incendiée,
683 2664 56 31 elle
770 2664 116 31 déclina

86 2712 231 38 promptement.
332 2712 32 27 et
379 2709 41 30 les
433 2709 195 31 descendants
643 2709 36 31 de
694 2709 97 31 Rurik
800 2710 85 29 cher-

87 2755 123 30 chorent
235 2762 58 22 une
319 2757 83 27 autre
423 2753 136 40 capitale.
585 2754 48 30 On
656 2764 32 21 se
718 2756 168 37 transporta

935 716 18 30 à
966 710 177 49 Mladimir,
1151 714 73 31 mais
1250 724 39 21 en
1308 715 97 31 mòmé
1420 716 97 38 temps
1534 715 43 30 les
1596 717 137 38 partages

935 760 173 39 multipliès,
1125 759 29 30 la
1172 759 166 31 succession
1351 759 37 31 de
1406 759 77 30 frère
1500 759 18 30 à
1532 759 78 31 fröre
1622 762 31 28 et
1673 769 60 21 non

935 804 36 30 de
989 805 71 39 pre
1081 814 37 21 en
1139 805 59 35 fils,
1221 804 134 40 prpara,
1370 813 71 20 aveo
1461 803 29 30 la
1502 803 167 40 dispersion
1683 803 51 31 des

936 849 93 29 forces
1046 848 82 31 vives
1150 848 41 30 du
1213 858 85 30 pays,
1316 847 260 32 Penvahissoment
1593 847 53 31 des
1659 847 74 31 Tar-

937 895 87 27 taret.

977 932 148 49 Genghis·
1128 932 62 49 Kan
1212 947 31 21 ge
1254 936 144 40 précipite
1415 945 52 21 anr
1487 936 152 40 VEurope,
1656 936 78 31 foule

937 991 57 21 aux
1009 981 84 40 pieds
1104 982 30 29 la
1146 982 106 30 Russis
1265 981 72 40 qu'il
1351 980 73 31 rend
1435 980 168 37 tributaire,
1618 983 31 28 et
1659 981 75 30 dont

937 1026 22 30 il
971 1025 98 31 réduit
1079 1026 41 30 les
1134 1027 118 38 princes
1266 1035 57 21 aux
1334 1025 66 40 plus
1411 1024 71 31 durs
1502 1025 112 39 impòts
1627 1027 33 29 et
1677 1035 57 21 aux

937 1070 67 39 plus
1025 1070 176 31 humiliants
1221 1068 182 41 hommagès,
1421 1072 30 28 et
1470 1072 143 36 pourtant
1635 1069 22 30 il
1670 1071 64 38 pré-

938 1123 69 30 pure
1020 1114 106 31 lunitè
1145 1115 36 30 de
1202 1115 29 29 la
1251 1114 117 35 Russis,
1387 1123 112 21 comme
1518 1113 24 31 il
1559 1123 38 21 en
1612 1115 123 38 propare

938 1168 54 30 par
1010 1168 55 21 gon
1085 1159 132 40 exemple
1238 1159 26 30 le
1286 1160 233 37 gonvornement
1547 1157 186 40 despotique.

939 1203 176 39 Cependant
1122 1213 41 20 un
1176 1203 95 39 grand
1280 1203 127 35 homms,
1419 1202 168 30 Alexandre
1597 1201 138 38 Neviski,

939 1248 138 30 canoniss
1091 1257 53 29 par
1155 1248 43 30 les
1214 1247 109 30 Russes
1337 1247 18 29 à
1367 1255 86 21 cause
1464 1246 37 30 de
1515 1255 45 21 ses
1570 1249 115 33 vertus,
1701 1247 35 29 de

939 1301 46 21 ses
1007 1292 150 36 victoires,
1185 1291 37 32 de
1245 1301 53 21 son
1323 1291 195 30 dévouement
1543 1290 192 40 patriotique,

939 1336 135 39 profitait
1084 1336 36 30 de
1132 1345 34 21 os
1179 1346 58 30 que
1245 1336 42 30 les
1294 1335 116 40 princes
1420 1335 35 30 de
1463 1335 74 30 Riet
1541 1337 30 27 et
1579 1334 37 31 de
1625 1334 112 31 Mladi-

940 1381 57 29 mir
1012 1380 179 31 s'attiraient
1206 1381 29 29 la
1248 1380 96 30 colère
1358 1379 50 30 des
1424 1379 151 38 Tartares,
1589 1388 76 30 pour
1677 1376 61 32 for-

940 1419 79 49 tifier
1025 1434 56 21 son
1091 1425 123 39 empire.
1225 1425 29 30 A
1264 1425 29 30 la
1299 1419 77 49 mort
1382 1423 35 30 de
1428 1423 150 39 coprincs,
1587 1423 28 30 la
1625 1423 112 39 grande

940 1469 187 39 prinoipautè
1138 1479 86 29 passa
1236 1479 58 20 aux
1303 1468 175 34 Bouveraina
1502 1467 36 30 de
1553 1467 89 31 Tver.
1660 1466 78 32 Mais

940 1514 117 30 bientot
1066 1516 77 28 cette
1153 1514 111 39 grande
1274 1513 184 40 principautè
1467 1511 88 32 chut
1566 1522 57 20 aux
1633 1522 104 21 souve-

940 1559 81 29 rains
1032 1558 37 30 de
1080 1558 133 38 Moscou,
1228 1559 17 29 à
1259 1567 86 21 cause
1359 1558 37 30 de
1408 1557 29 29 la
1456 1557 130 39 position
1601 1557 35 30 de
1660 1559 77 28 cette

939 1603 70 30 vills
1022 1605 86 27 ontre
1118 1602 90 38 Tver,
1217 1602 173 37 Mladimir,
1399 1600 199 40 Novogorod;
1614 1600 121 31 Moscon

940 1646 101 31 devait
1055 1646 69 30 finir
1142 1656 53 29 par
1217 1646 138 30 absorber
1365 1648 101 27 toutes
1480 1645 42 29 les
1536 1647 101 28 antres
1655 1645 81 40 prin-

940 1691 131 39 cipautés
1082 1700 106 21 russes.
1207 1689 251 40 D'oligarchique,
1482 1689 29 30 la
1535 1689 107 31 Russie
1654 1689 83 31 allait

939 1744 100 30 passer
1053 1735 18 30 à
1083 1744 40 20 un
1144 1734 178 40 despotisme
1343 1733 73 30 dont
1430 1742 45 21 ses
1496 1733 110 39 grands
1620 1733 116 39 princes

939 1779 119 29 avuient
1070 1778 61 40 pris
1150 1779 28 29 le
1205 1778 113 30 modòle
1344 1777 73 30 dans
1440 1777 79 30 leurs
1552 1778 184 39 pòlerinages

938 1822 178 31 humiliants
1125 1823 107 39 auprès
1245 1823 41 30 du
1299 1822 82 30 Rhan
1390 1821 37 30 de
1440 1821 29 30 la
1480 1821 92 31 horde
1581 1821 72 31 d'or.

979 1866 68 38 Que
1069 1866 41 30 les
1131 1865 141 31 Tartares
1293 1866 81 30 aient
1388 1865 124 30 commis
1522 1875 59 21 une
1600 1866 83 31 fante
1699 1876 37 21 en

939 1912 178 28 conservant
1131 1910 26 30 le
1171 1911 138 38 puissant
1322 1909 101 40 prinoe
1439 1909 37 30 de
1492 1909 118 38 Russis,
1631 1913 105 27 autour

939 1953 112 40 duquel
1062 1953 124 31 allaient
1199 1963 31 21 ss
1245 1963 125 30 grouper
1382 1956 98 27 toutes
1494 1953 41 30 les
1549 1953 94 31 forces
1654 1953 83 32 vives

935 1997 39 31 de
996 2007 33 21 ce
1053 1997 95 40 grand
1170 1998 106 39 peuple
1303 2006 77 31 pour
1402 2005 152 31 reponsser
1578 1998 158 30 Vinvasion

938 2042 168 39 trangoͤre,
1123 2042 22 29 il
1159 2047 47 25 est
1219 2041 169 41 impossiblo
1402 2041 36 30 de
1452 2042 28 30 le
1498 2042 77 30 nier.
1591 2041 79 31 Mais
1684 2043 52 38 qui

938 2087 54 30 eſt
1001 2087 169 39 soupeonnò
1181 2096 59 31 que
1247 2087 27 30 le
1282 2087 67 39 plus
1359 2082 146 34 faĩbledes
1514 2085 111 40 grands
1634 2085 101 31 feuda-

939 2131 89 30 taires
1053 2140 106 28 russes,
1172 2140 40 21 en
1224 2131 144 40 épousant
1387 2130 30 30 la
1430 2139 82 21 sœur
1523 2130 41 30 du
1574 2139 161 31 monarque

939 2177 122 35 tartare,
1073 2184 37 21 ne
1134 2175 143 30 tarderait
1290 2183 52 31 pas
1356 2174 18 30 à
1388 2173 122 31 devenir
1523 2174 28 30 lo
1563 2174 68 40 plus
1654 2174 81 40 puis-

938 2223 69 26 sant
1020 2219 115 30 d'entre
1146 2228 69 28 eux,
1230 2222 31 27 et
1274 2228 54 31 par
1338 2218 28 30 la
1379 2218 130 40 position
1518 2218 131 30 centrale
1660 2218 37 30 de
1705 2227 31 21 sa

938 2263 127 40 capitals
1078 2272 37 21 en
1129 2263 91 31 ferait
1237 2263 30 30 la
1289 2262 125 40 capitale
1431 2262 37 30 de
1483 2262 28 30 la
1532 2261 132 31 Russis?
1678 2262 58 31 Les

939 2308 140 31 Tartares
1083 2317 71 21 eux·
1155 2302 107 49 memes
1271 2317 19 30 v
1297 2306 233 37 contribuorent,
1536 2315 38 22 en
1581 2309 154 27 nommant

938 2353 42 30 les
994 2353 117 39 princes
1121 2352 37 30 de
1173 2352 124 30 Moucou
1318 2350 111 40 grands
1438 2350 127 39 princes,
1577 2352 31 28 et
1619 2359 39 21 en
1670 2350 65 30 leur

939 2397 168 30 attribuant
1118 2397 29 30 la
1158 2395 207 32 souverainetõ
1379 2404 50 21 sur
1449 2395 30 30 la
1498 2394 188 40 principauté
1699 2394 36 30 de

939 2441 159 30 Mladimir
1122 2443 31 28 et
1170 2441 29 30 la
1220 2439 176 40 république
1407 2438 37 31 de
1461 2438 193 39 Novogorod.
1678 2438 57 31 Les

939 2486 112 39 grands
1064 2485 116 40 princes
1191 2484 39 31 de
1244 2484 124 30 Moscon
1387 2482 157 31 devinrent
1558 2482 123 33 d'abord
1694 2483 41 30 les

938 2531 175 30 dollecteurs
1122 2529 36 31 de
1173 2532 84 27 taxes
1266 2537 74 31 pour
1350 2528 41 30 les
1405 2526 150 38 Tartares,
1568 2527 119 31 bientòt
1698 2528 37 29 ils

938 2584 39 20 en
986 2575 146 30 retinrent
1144 2575 26 29 la
1181 2573 169 41 propriétõ;
1365 2572 63 30 leur
1441 2572 179 39 suprématie
1630 2571 104 31 sten-

938 2619 64 30 dait
1017 2627 50 22 sur
1081 2621 82 27 toute
1175 2618 29 29 Ia
1218 2617 105 30 Russie
1337 2626 53 31 par
1405 2617 26 29 le
1443 2616 81 30 droit
1536 2616 137 39 d'impòt.

979 2664 58 30 Les
1048 2663 140 30 Tartares
1196 2662 168 39 campuient
1376 2671 37 21 au
1422 2661 112 30 udEst
1542 2660 70 31 dola
1618 2660 116 37 Russie,

938 2709 43 30 les
994 2707 111 41 grands
1120 2708 118 38 princes
1252 2708 36 29 de
1303 2706 121 30 Moscou
1439 2705 204 40 repèuplaient
1657 2705 77 30 leurs

938 2757 93 28 terres
1043 2754 127 31 desoles
1182 2763 38 21 en
1230 2753 127 31 attirant
1366 2752 71 30 ches
1448 2761 57 21 eux
1518 2753 39 29 les
1568 2751 117 40 fugitiia
1695 2752 49 30 du
