<?xml version="1.0" encoding="UTF-8"?>
<alto xmlns="http://www.loc.gov/standards/alto/ns-v3#" xmlns:xlink="http://www.w3.org/1999/xlink" xmlns:xsi="http://www.w3.org/2001/XMLSchema-instance" xsi:schemaLocation="http://www.loc.gov/standards/alto/ns-v3# http://www.loc.gov/alto/v3/alto-3-0.xsd">
	<Description>
		<MeasurementUnit>pixel</MeasurementUnit>
		<sourceImageInformation>
			<fileName>			</fileName>
		</sourceImageInformation>
		<OCRProcessing ID="OCR_0">
			<ocrProcessingStep>
				<processingSoftware>
					<softwareName>tesseract v4.1.0-elag2019</softwareName>
				</processingSoftware>
			</ocrProcessingStep>
		</OCRProcessing>
	</Description>
	<Layout>
		<Page WIDTH="2686" HEIGHT="4432" PHYSICAL_IMG_NR="0" ID="page_0">
			<PrintSpace HPOS="0" VPOS="0" WIDTH="2686" HEIGHT="4432">
				<TextBlock ID="block_0" HPOS="123" VPOS="103" WIDTH="777" HEIGHT="160">
					<TextLine ID="line_0" HPOS="123" VPOS="103" WIDTH="776" HEIGHT="45">
						<String ID="string_0" HPOS="123" VPOS="110" WIDTH="101" HEIGHT="37" WC="0.92" CONTENT="Sirgen"/><SP WIDTH="22" VPOS="110" HPOS="224"/>
						<String ID="string_1" HPOS="246" VPOS="118" WIDTH="43" HEIGHT="20" WC="0.92" CONTENT="um"/><SP WIDTH="26" VPOS="118" HPOS="289"/>
						<String ID="string_2" HPOS="315" VPOS="113" WIDTH="69" HEIGHT="25" WC="0.37" CONTENT="1500"/><SP WIDTH="22" VPOS="113" HPOS="384"/>
						<String ID="string_3" HPOS="406" VPOS="106" WIDTH="46" HEIGHT="34" WC="0.51" CONTENT="Ls."/><SP WIDTH="22" VPOS="106" HPOS="452"/>
						<String ID="string_4" HPOS="474" VPOS="103" WIDTH="99" HEIGHT="45" WC="0.91" CONTENT="Schleck"/><SP WIDTH="21" VPOS="103" HPOS="573"/>
						<String ID="string_5" HPOS="594" VPOS="113" WIDTH="42" HEIGHT="20" WC="0.36" CONTENT="um."/><SP WIDTH="41" VPOS="113" HPOS="636"/>
						<String ID="string_6" HPOS="677" VPOS="109" WIDTH="70" HEIGHT="25" WC="0.54" CONTENT="1800"/><SP WIDTH="22" VPOS="109" HPOS="747"/>
						<String ID="string_7" HPOS="769" VPOS="105" WIDTH="37" HEIGHT="30" WC="0.76" CONTENT="Ls"/><SP WIDTH="41" VPOS="105" HPOS="806"/>
						<String ID="string_8" HPOS="847" VPOS="108" WIDTH="52" HEIGHT="29" WC="0.76" CONTENT="und"/>
					</TextLine>
					<TextLine ID="line_1" HPOS="124" VPOS="143" WIDTH="774" HEIGHT="43">
						<String ID="string_9" HPOS="124" VPOS="150" WIDTH="94" HEIGHT="35" WC="0.79" CONTENT="Suhrs"/><SP WIDTH="22" VPOS="150" HPOS="218"/>
						<String ID="string_10" HPOS="240" VPOS="157" WIDTH="42" HEIGHT="21" WC="0.91" CONTENT="um"/><SP WIDTH="32" VPOS="157" HPOS="282"/>
						<String ID="string_11" HPOS="314" VPOS="152" WIDTH="71" HEIGHT="25" WC="0.72" CONTENT="1500"/><SP WIDTH="36" VPOS="152" HPOS="385"/>
						<String ID="string_12" HPOS="421" VPOS="145" WIDTH="45" HEIGHT="29" WC="0.23" CONTENT="Ls."/><SP WIDTH="21" VPOS="145" HPOS="466"/>
						<String ID="string_13" HPOS="487" VPOS="143" WIDTH="117" HEIGHT="43" WC="0.18" CONTENT="Dieſe."/><SP WIDTH="21" VPOS="143" HPOS="604"/>
						<String ID="string_14" HPOS="625" VPOS="144" WIDTH="273" HEIGHT="41" WC="0.88" CONTENT="Steuerermäßigung"/>
					</TextLine>
					<TextLine ID="line_2" HPOS="125" VPOS="181" WIDTH="775" HEIGHT="42">
						<String ID="string_15" HPOS="125" VPOS="188" WIDTH="82" HEIGHT="35" WC="0.85" CONTENT="dürfte"/><SP WIDTH="20" VPOS="188" HPOS="207"/>
						<String ID="string_16" HPOS="227" VPOS="187" WIDTH="46" HEIGHT="30" WC="0.93" CONTENT="mit"/><SP WIDTH="23" VPOS="187" HPOS="273"/>
						<String ID="string_17" HPOS="296" VPOS="187" WIDTH="42" HEIGHT="28" WC="0.93" CONTENT="der"/><SP WIDTH="22" VPOS="187" HPOS="338"/>
						<String ID="string_18" HPOS="360" VPOS="183" WIDTH="195" HEIGHT="38" WC="0.76" CONTENT="vorigtähügen"/><SP WIDTH="22" VPOS="183" HPOS="555"/>
						<String ID="string_19" HPOS="577" VPOS="181" WIDTH="135" HEIGHT="38" WC="0.87" CONTENT="Mißerute"/><SP WIDTH="23" VPOS="181" HPOS="712"/>
						<String ID="string_20" HPOS="735" VPOS="185" WIDTH="24" HEIGHT="29" WC="0.92" CONTENT="in"/><SP WIDTH="35" VPOS="185" HPOS="759"/>
						<String ID="string_21" HPOS="794" VPOS="186" WIDTH="106" HEIGHT="36" WC="0.69" CONTENT="Zuͤfam—"/>
					</TextLine>
					<TextLine ID="line_3" HPOS="123" VPOS="226" WIDTH="237" HEIGHT="37">
						<String ID="string_22" HPOS="123" VPOS="227" WIDTH="128" HEIGHT="36" WC="0.92" CONTENT="menhang"/><SP WIDTH="22" VPOS="227" HPOS="251"/>
						<String ID="string_23" HPOS="273" VPOS="226" WIDTH="87" HEIGHT="35" WC="0.87" CONTENT="ſtehen."/>
					</TextLine>
				</TextBlock>
				<TextBlock ID="block_1" HPOS="119" VPOS="283" WIDTH="780" HEIGHT="349">
					<TextLine ID="line_4" HPOS="180" VPOS="283" WIDTH="719" HEIGHT="41">
						<String ID="string_24" HPOS="180" VPOS="287" WIDTH="67" HEIGHT="31" WC="0.91" CONTENT="Am"/><SP WIDTH="23" VPOS="287" HPOS="247"/>
						<String ID="string_25" HPOS="270" VPOS="284" WIDTH="169" HEIGHT="37" WC="0.88" CONTENT="Empfaug"/><SP WIDTH="17" VPOS="284" HPOS="439"/>
						<String ID="string_26" HPOS="456" VPOS="283" WIDTH="60" HEIGHT="31" WC="0.92" CONTENT="des"/><SP WIDTH="20" VPOS="283" HPOS="516"/>
						<String ID="string_27" HPOS="536" VPOS="283" WIDTH="133" HEIGHT="41" WC="0.90" CONTENT="Königs"/><SP WIDTH="13" VPOS="283" HPOS="669"/>
						<String ID="string_28" HPOS="682" VPOS="285" WIDTH="130" HEIGHT="38" WC="0.64" CONTENT="Guſtav"/><SP WIDTH="22" VPOS="285" HPOS="812"/>
						<String ID="string_29" HPOS="834" VPOS="293" WIDTH="65" HEIGHT="25" WC="0.92" CONTENT="von"/>
					</TextLine>
					<TextLine ID="line_5" HPOS="124" VPOS="321" WIDTH="775" HEIGHT="42">
						<String ID="string_30" HPOS="124" VPOS="326" WIDTH="178" HEIGHT="36" WC="0.91" CONTENT="Schweden"/><SP WIDTH="21" VPOS="326" HPOS="302"/>
						<String ID="string_31" HPOS="323" VPOS="323" WIDTH="34" HEIGHT="30" WC="0.87" CONTENT="in"/><SP WIDTH="22" VPOS="323" HPOS="357"/>
						<String ID="string_32" HPOS="379" VPOS="321" WIDTH="90" HEIGHT="40" WC="0.89" CONTENT="Riga"/><SP WIDTH="23" VPOS="321" HPOS="469"/>
						<String ID="string_33" HPOS="492" VPOS="324" WIDTH="44" HEIGHT="35" WC="0.89" CONTENT="hat"/><SP WIDTH="22" VPOS="324" HPOS="536"/>
						<String ID="string_34" HPOS="558" VPOS="326" WIDTH="59" HEIGHT="32" WC="0.0" CONTENT="auch“"/><SP WIDTH="43" VPOS="326" HPOS="617"/>
						<String ID="string_35" HPOS="660" VPOS="325" WIDTH="52" HEIGHT="29" WC="0.58" CONTENT="eine"/><SP WIDTH="22" VPOS="325" HPOS="712"/>
						<String ID="string_36" HPOS="734" VPOS="327" WIDTH="165" HEIGHT="36" WC="0.92" CONTENT="Kompagnie"/>
					</TextLine>
					<TextLine ID="line_6" HPOS="123" VPOS="362" WIDTH="776" HEIGHT="39">
						<String ID="string_37" HPOS="123" VPOS="365" WIDTH="43" HEIGHT="27" WC="0.92" CONTENT="des"/><SP WIDTH="22" VPOS="365" HPOS="166"/>
						<String ID="string_38" HPOS="188" VPOS="363" WIDTH="143" HEIGHT="28" WC="0.92" CONTENT="Windauer"/><SP WIDTH="41" VPOS="363" HPOS="331"/>
						<String ID="string_39" HPOS="372" VPOS="366" WIDTH="25" HEIGHT="24" WC="0.89" CONTENT="2."/><SP WIDTH="23" VPOS="366" HPOS="397"/>
						<String ID="string_40" HPOS="420" VPOS="362" WIDTH="306" HEIGHT="39" WC="0.92" CONTENT="Schutzwehrregiments"/><SP WIDTH="41" VPOS="362" HPOS="726"/>
						<String ID="string_41" HPOS="767" VPOS="365" WIDTH="46" HEIGHT="29" WC="0.91" CONTENT="mit"/><SP WIDTH="32" VPOS="365" HPOS="813"/>
						<String ID="string_42" HPOS="845" VPOS="366" WIDTH="54" HEIGHT="28" WC="0.87" CONTENT="dem"/>
					</TextLine>
					<TextLine ID="line_7" HPOS="120" VPOS="401" WIDTH="778" HEIGHT="37">
						<String ID="string_43" HPOS="120" VPOS="401" WIDTH="337" HEIGHT="37" WC="0.88" CONTENT="Regimentskommandeur"/><SP WIDTH="23" VPOS="401" HPOS="457"/>
						<String ID="string_44" HPOS="480" VPOS="402" WIDTH="129" HEIGHT="35" WC="0.81" CONTENT="Kreischef"/><SP WIDTH="22" VPOS="402" HPOS="609"/>
						<String ID="string_45" HPOS="631" VPOS="403" WIDTH="193" HEIGHT="33" WC="0.81" CONTENT="Schmittmann"/><SP WIDTH="22" VPOS="403" HPOS="824"/>
						<String ID="string_46" HPOS="846" VPOS="405" WIDTH="52" HEIGHT="28" WC="0.93" CONTENT="und"/>
					</TextLine>
					<TextLine ID="line_8" HPOS="120" VPOS="438" WIDTH="777" HEIGHT="41">
						<String ID="string_47" HPOS="120" VPOS="441" WIDTH="99" HEIGHT="35" WC="0.41" CONTENT="einigen"/><SP WIDTH="23" VPOS="441" HPOS="219"/>
						<String ID="string_48" HPOS="242" VPOS="438" WIDTH="142" HEIGHT="38" WC="0.90" CONTENT="Offizieren"/><SP WIDTH="41" VPOS="438" HPOS="384"/>
						<String ID="string_49" HPOS="425" VPOS="450" WIDTH="34" HEIGHT="19" WC="0.92" CONTENT="an"/><SP WIDTH="42" VPOS="450" HPOS="459"/>
						<String ID="string_50" HPOS="501" VPOS="441" WIDTH="42" HEIGHT="29" WC="0.92" CONTENT="der"/><SP WIDTH="28" VPOS="441" HPOS="543"/>
						<String ID="string_51" HPOS="571" VPOS="442" WIDTH="87" HEIGHT="37" WC="0.92" CONTENT="Spitze"/><SP WIDTH="38" VPOS="442" HPOS="658"/>
						<String ID="string_52" HPOS="696" VPOS="443" WIDTH="201" HEIGHT="36" WC="0.92" CONTENT="teilgenommen."/>
					</TextLine>
					<TextLine ID="line_9" HPOS="120" VPOS="478" WIDTH="778" HEIGHT="39">
						<String ID="string_53" HPOS="120" VPOS="479" WIDTH="67" HEIGHT="33" WC="0.91" CONTENT="Auch"/><SP WIDTH="24" VPOS="479" HPOS="187"/>
						<String ID="string_54" HPOS="211" VPOS="478" WIDTH="37" HEIGHT="29" WC="0.93" CONTENT="die"/><SP WIDTH="22" VPOS="478" HPOS="248"/>
						<String ID="string_55" HPOS="270" VPOS="478" WIDTH="145" HEIGHT="30" WC="0.91" CONTENT="Windauer"/><SP WIDTH="21" VPOS="478" HPOS="415"/>
						<String ID="string_56" HPOS="436" VPOS="479" WIDTH="106" HEIGHT="30" WC="0.92" CONTENT="Scouts"/><SP WIDTH="22" VPOS="479" HPOS="542"/>
						<String ID="string_57" HPOS="564" VPOS="481" WIDTH="52" HEIGHT="28" WC="0.92" CONTENT="und"/><SP WIDTH="22" VPOS="481" HPOS="616"/>
						<String ID="string_58" HPOS="638" VPOS="480" WIDTH="157" HEIGHT="36" WC="0.73" CONTENT="Pfadfiuͤder"/><SP WIDTH="22" VPOS="480" HPOS="795"/>
						<String ID="string_59" HPOS="817" VPOS="481" WIDTH="81" HEIGHT="36" WC="0.93" CONTENT="haben"/>
					</TextLine>
					<TextLine ID="line_10" HPOS="119" VPOS="516" WIDTH="778" HEIGHT="40">
						<String ID="string_60" HPOS="119" VPOS="526" WIDTH="33" HEIGHT="20" WC="0.93" CONTENT="an"/><SP WIDTH="23" VPOS="526" HPOS="152"/>
						<String ID="string_61" HPOS="175" VPOS="518" WIDTH="43" HEIGHT="28" WC="0.92" CONTENT="der"/><SP WIDTH="21" VPOS="518" HPOS="218"/>
						<String ID="string_62" HPOS="239" VPOS="516" WIDTH="224" HEIGHT="39" WC="0.92" CONTENT="Spalierbildung"/><SP WIDTH="24" VPOS="516" HPOS="463"/>
						<String ID="string_63" HPOS="487" VPOS="519" WIDTH="65" HEIGHT="29" WC="0.92" CONTENT="beim"/><SP WIDTH="22" VPOS="519" HPOS="552"/>
						<String ID="string_64" HPOS="574" VPOS="519" WIDTH="131" HEIGHT="36" WC="0.90" CONTENT="Empfang"/><SP WIDTH="24" VPOS="519" HPOS="705"/>
						<String ID="string_65" HPOS="729" VPOS="520" WIDTH="44" HEIGHT="27" WC="0.93" CONTENT="des"/><SP WIDTH="18" VPOS="520" HPOS="773"/>
						<String ID="string_66" HPOS="791" VPOS="519" WIDTH="106" HEIGHT="37" WC="0.90" CONTENT="Koͤnigs"/>
					</TextLine>
					<TextLine ID="line_11" HPOS="119" VPOS="556" WIDTH="778" HEIGHT="37">
						<String ID="string_67" HPOS="119" VPOS="556" WIDTH="203" HEIGHT="37" WC="0.90" CONTENT="teilgenommen."/><SP WIDTH="42" VPOS="556" HPOS="322"/>
						<String ID="string_68" HPOS="364" VPOS="557" WIDTH="51" HEIGHT="29" WC="0.92" CONTENT="Die"/><SP WIDTH="20" VPOS="557" HPOS="415"/>
						<String ID="string_69" HPOS="435" VPOS="557" WIDTH="87" HEIGHT="29" WC="0.92" CONTENT="Stadt"/><SP WIDTH="21" VPOS="557" HPOS="522"/>
						<String ID="string_70" HPOS="543" VPOS="557" WIDTH="115" HEIGHT="29" WC="0.92" CONTENT="Windau"/><SP WIDTH="27" VPOS="557" HPOS="658"/>
						<String ID="string_71" HPOS="685" VPOS="558" WIDTH="68" HEIGHT="32" WC="0.73" CONTENT="hatte"/><SP WIDTH="22" VPOS="558" HPOS="753"/>
						<String ID="string_72" HPOS="775" VPOS="558" WIDTH="122" HEIGHT="34" WC="0.84" CONTENT="während"/>
					</TextLine>
					<TextLine ID="line_12" HPOS="119" VPOS="594" WIDTH="780" HEIGHT="38">
						<String ID="string_73" HPOS="119" VPOS="594" WIDTH="45" HEIGHT="29" WC="0.93" CONTENT="des"/><SP WIDTH="23" VPOS="594" HPOS="164"/>
						<String ID="string_74" HPOS="187" VPOS="595" WIDTH="83" HEIGHT="37" WC="0.92" CONTENT="hohen"/><SP WIDTH="22" VPOS="595" HPOS="270"/>
						<String ID="string_75" HPOS="292" VPOS="595" WIDTH="113" HEIGHT="37" WC="0.93" CONTENT="Beſuchs"/><SP WIDTH="21" VPOS="595" HPOS="405"/>
						<String ID="string_76" HPOS="426" VPOS="597" WIDTH="27" HEIGHT="28" WC="0.93" CONTENT="in"/><SP WIDTH="21" VPOS="597" HPOS="453"/>
						<String ID="string_77" HPOS="474" VPOS="595" WIDTH="71" HEIGHT="37" WC="0.92" CONTENT="Riga"/><SP WIDTH="23" VPOS="595" HPOS="545"/>
						<String ID="string_78" HPOS="568" VPOS="596" WIDTH="92" HEIGHT="34" WC="0.92" CONTENT="reichen"/><SP WIDTH="16" VPOS="596" HPOS="660"/>
						<String ID="string_79" HPOS="676" VPOS="595" WIDTH="223" HEIGHT="37" WC="0.85" CONTENT="Flaggenſchmuck"/>
					</TextLine>
				</TextBlock>
				<TextBlock ID="block_2" HPOS="118" VPOS="634" WIDTH="779" HEIGHT="138">
					<TextLine ID="line_13" HPOS="119" VPOS="634" WIDTH="778" HEIGHT="38">
						<String ID="string_80" HPOS="119" VPOS="634" WIDTH="119" HEIGHT="38" WC="0.91" CONTENT="angelegt"/><SP WIDTH="21" VPOS="634" HPOS="238"/>
						<String ID="string_81" HPOS="259" VPOS="636" WIDTH="53" HEIGHT="28" WC="0.92" CONTENT="und"/><SP WIDTH="22" VPOS="636" HPOS="312"/>
						<String ID="string_82" HPOS="334" VPOS="636" WIDTH="93" HEIGHT="33" WC="0.92" CONTENT="machte"/><SP WIDTH="22" VPOS="636" HPOS="427"/>
						<String ID="string_83" HPOS="449" VPOS="635" WIDTH="65" HEIGHT="28" WC="0.92" CONTENT="dank"/><SP WIDTH="29" VPOS="635" HPOS="514"/>
						<String ID="string_84" HPOS="543" VPOS="634" WIDTH="53" HEIGHT="28" WC="0.93" CONTENT="dem"/><SP WIDTH="42" VPOS="634" HPOS="596"/>
						<String ID="string_85" HPOS="638" VPOS="634" WIDTH="134" HEIGHT="34" WC="0.92" CONTENT="herrlichen"/><SP WIDTH="44" VPOS="634" HPOS="772"/>
						<String ID="string_86" HPOS="816" VPOS="634" WIDTH="81" HEIGHT="28" WC="0.86" CONTENT="Som—"/>
					</TextLine>
					<TextLine ID="line_14" HPOS="118" VPOS="671" WIDTH="533" HEIGHT="37">
						<String ID="string_87" HPOS="118" VPOS="680" WIDTH="144" HEIGHT="22" WC="0.60" CONTENT="merwetter"/><SP WIDTH="21" VPOS="680" HPOS="262"/>
						<String ID="string_88" HPOS="283" VPOS="674" WIDTH="71" HEIGHT="29" WC="0.93" CONTENT="einen"/><SP WIDTH="22" VPOS="674" HPOS="354"/>
						<String ID="string_89" HPOS="376" VPOS="673" WIDTH="121" HEIGHT="35" WC="0.92" CONTENT="feſtlichen"/><SP WIDTH="23" VPOS="673" HPOS="497"/>
						<String ID="string_90" HPOS="520" VPOS="671" WIDTH="131" HEIGHT="29" WC="0.91" CONTENT="Eindruck."/>
					</TextLine>
					<TextLine ID="line_15" HPOS="178" VPOS="732" WIDTH="719" HEIGHT="40">
						<String ID="string_91" HPOS="178" VPOS="734" WIDTH="259" HEIGHT="38" WC="0.88" CONTENT="Familienſtreit"/><SP WIDTH="59" VPOS="734" HPOS="437"/>
						<String ID="string_92" HPOS="496" VPOS="733" WIDTH="60" HEIGHT="29" WC="0.86" CONTENT="mit"/><SP WIDTH="51" VPOS="733" HPOS="556"/>
						<String ID="string_93" HPOS="607" VPOS="732" WIDTH="290" HEIGHT="38" WC="0.82" CONTENT="Meſſerſtecherei."/>
					</TextLine>
				</TextBlock>
				<TextBlock ID="block_3" HPOS="116" VPOS="771" WIDTH="781" HEIGHT="651">
					<TextLine ID="line_16" HPOS="120" VPOS="771" WIDTH="777" HEIGHT="38">
						<String ID="string_94" HPOS="120" VPOS="774" WIDTH="53" HEIGHT="34" WC="0.92" CONTENT="Auf"/><SP WIDTH="22" VPOS="774" HPOS="173"/>
						<String ID="string_95" HPOS="195" VPOS="774" WIDTH="53" HEIGHT="27" WC="0.92" CONTENT="dem"/><SP WIDTH="22" VPOS="774" HPOS="248"/>
						<String ID="string_96" HPOS="270" VPOS="773" WIDTH="130" HEIGHT="36" WC="0.92" CONTENT="Heimweg"/><SP WIDTH="23" VPOS="773" HPOS="400"/>
						<String ID="string_97" HPOS="423" VPOS="778" WIDTH="51" HEIGHT="21" WC="0.92" CONTENT="von"/><SP WIDTH="21" VPOS="778" HPOS="474"/>
						<String ID="string_98" HPOS="495" VPOS="771" WIDTH="79" HEIGHT="28" WC="0.92" CONTENT="einem"/><SP WIDTH="28" VPOS="771" HPOS="574"/>
						<String ID="string_99" HPOS="602" VPOS="771" WIDTH="170" HEIGHT="37" WC="0.92" CONTENT="ausgiebigen"/><SP WIDTH="26" VPOS="771" HPOS="772"/>
						<String ID="string_100" HPOS="798" VPOS="772" WIDTH="99" HEIGHT="37" WC="0.92" CONTENT="Gelage"/>
					</TextLine>
					<TextLine ID="line_17" HPOS="119" VPOS="808" WIDTH="777" HEIGHT="39">
						<String ID="string_101" HPOS="119" VPOS="813" WIDTH="78" HEIGHT="34" WC="0.92" CONTENT="geriet"/><SP WIDTH="40" VPOS="813" HPOS="197"/>
						<String ID="string_102" HPOS="237" VPOS="811" WIDTH="39" HEIGHT="27" WC="0.0" CONTENT="ein&#39;"/><SP WIDTH="38" VPOS="811" HPOS="276"/>
						<String ID="string_103" HPOS="314" VPOS="810" WIDTH="113" HEIGHT="36" WC="0.92" CONTENT="gewiffer"/><SP WIDTH="30" VPOS="810" HPOS="427"/>
						<String ID="string_104" HPOS="457" VPOS="808" WIDTH="104" HEIGHT="35" WC="0.88" CONTENT="Eckſtein"/><SP WIDTH="42" VPOS="808" HPOS="561"/>
						<String ID="string_105" HPOS="603" VPOS="810" WIDTH="46" HEIGHT="28" WC="0.0" CONTENT="mit“"/><SP WIDTH="40" VPOS="810" HPOS="649"/>
						<String ID="string_106" HPOS="689" VPOS="809" WIDTH="91" HEIGHT="37" WC="0.53" CONTENT="feinem"/><SP WIDTH="23" VPOS="809" HPOS="780"/>
						<String ID="string_107" HPOS="803" VPOS="811" WIDTH="93" HEIGHT="34" WC="0.68" CONTENT="Sohne"/>
					</TextLine>
					<TextLine ID="line_18" HPOS="118" VPOS="847" WIDTH="779" HEIGHT="37">
						<String ID="string_108" HPOS="118" VPOS="849" WIDTH="109" HEIGHT="28" WC="0.92" CONTENT="Eduard"/><SP WIDTH="21" VPOS="849" HPOS="227"/>
						<String ID="string_109" HPOS="248" VPOS="848" WIDTH="27" HEIGHT="28" WC="0.93" CONTENT="in"/><SP WIDTH="21" VPOS="848" HPOS="275"/>
						<String ID="string_110" HPOS="296" VPOS="847" WIDTH="85" HEIGHT="35" WC="0.92" CONTENT="Sreit,"/><SP WIDTH="23" VPOS="847" HPOS="381"/>
						<String ID="string_111" HPOS="404" VPOS="847" WIDTH="57" HEIGHT="28" WC="0.93" CONTENT="weil"/><SP WIDTH="21" VPOS="847" HPOS="461"/>
						<String ID="string_112" HPOS="482" VPOS="847" WIDTH="43" HEIGHT="28" WC="0.93" CONTENT="der"/><SP WIDTH="21" VPOS="847" HPOS="525"/>
						<String ID="string_113" HPOS="546" VPOS="848" WIDTH="81" HEIGHT="35" WC="0.91" CONTENT="Sohn"/><SP WIDTH="24" VPOS="848" HPOS="627"/>
						<String ID="string_114" HPOS="651" VPOS="848" WIDTH="62" HEIGHT="35" WC="0.87" CONTENT="ſeine"/><SP WIDTH="22" VPOS="848" HPOS="713"/>
						<String ID="string_115" HPOS="735" VPOS="848" WIDTH="73" HEIGHT="36" WC="0.92" CONTENT="Frau"/><SP WIDTH="34" VPOS="848" HPOS="808"/>
						<String ID="string_116" HPOS="842" VPOS="856" WIDTH="55" HEIGHT="21" WC="0.86" CONTENT="ver—"/>
					</TextLine>
					<TextLine ID="line_19" HPOS="119" VPOS="885" WIDTH="777" HEIGHT="38">
						<String ID="string_117" HPOS="119" VPOS="887" WIDTH="76" HEIGHT="35" WC="0.91" CONTENT="laſſen"/><SP WIDTH="22" VPOS="887" HPOS="195"/>
						<String ID="string_118" HPOS="217" VPOS="886" WIDTH="78" HEIGHT="37" WC="0.92" CONTENT="hatte."/><SP WIDTH="42" VPOS="886" HPOS="295"/>
						<String ID="string_119" HPOS="337" VPOS="885" WIDTH="49" HEIGHT="32" WC="0.92" CONTENT="Jm"/><SP WIDTH="22" VPOS="885" HPOS="386"/>
						<String ID="string_120" HPOS="408" VPOS="885" WIDTH="79" HEIGHT="35" WC="0.92" CONTENT="Laufe"/><SP WIDTH="22" VPOS="885" HPOS="487"/>
						<String ID="string_121" HPOS="509" VPOS="885" WIDTH="46" HEIGHT="29" WC="0.92" CONTENT="des"/><SP WIDTH="21" VPOS="885" HPOS="555"/>
						<String ID="string_122" HPOS="576" VPOS="886" WIDTH="88" HEIGHT="29" WC="0.91" CONTENT="immer"/><SP WIDTH="23" VPOS="886" HPOS="664"/>
						<String ID="string_123" HPOS="687" VPOS="887" WIDTH="105" HEIGHT="36" WC="0.90" CONTENT="heftiger"/><SP WIDTH="41" VPOS="887" HPOS="792"/>
						<String ID="string_124" HPOS="833" VPOS="896" WIDTH="63" HEIGHT="20" WC="0.84" CONTENT="wer—"/>
					</TextLine>
					<TextLine ID="line_20" HPOS="120" VPOS="923" WIDTH="776" HEIGHT="39">
						<String ID="string_125" HPOS="120" VPOS="925" WIDTH="95" HEIGHT="28" WC="0.89" CONTENT="denden"/><SP WIDTH="23" VPOS="925" HPOS="215"/>
						<String ID="string_126" HPOS="238" VPOS="923" WIDTH="189" HEIGHT="38" WC="0.89" CONTENT="Wortgefechts"/><SP WIDTH="29" VPOS="923" HPOS="427"/>
						<String ID="string_127" HPOS="456" VPOS="925" WIDTH="62" HEIGHT="36" WC="0.93" CONTENT="griff"/><SP WIDTH="30" VPOS="925" HPOS="518"/>
						<String ID="string_128" HPOS="548" VPOS="925" WIDTH="43" HEIGHT="28" WC="0.93" CONTENT="der"/><SP WIDTH="21" VPOS="925" HPOS="591"/>
						<String ID="string_129" HPOS="612" VPOS="924" WIDTH="83" HEIGHT="29" WC="0.92" CONTENT="Vater"/><SP WIDTH="21" VPOS="924" HPOS="695"/>
						<String ID="string_130" HPOS="716" VPOS="925" WIDTH="110" HEIGHT="37" WC="0.75" CONTENT="ploͤtzlich"/><SP WIDTH="41" VPOS="925" HPOS="826"/>
						<String ID="string_131" HPOS="867" VPOS="935" WIDTH="29" HEIGHT="27" WC="0.93" CONTENT="zu"/>
					</TextLine>
					<TextLine ID="line_21" HPOS="118" VPOS="962" WIDTH="779" HEIGHT="38">
						<String ID="string_132" HPOS="118" VPOS="963" WIDTH="89" HEIGHT="36" WC="0.92" CONTENT="ſeinem"/><SP WIDTH="23" VPOS="963" HPOS="207"/>
						<String ID="string_133" HPOS="230" VPOS="962" WIDTH="96" HEIGHT="37" WC="0.92" CONTENT="Meſſer"/><SP WIDTH="21" VPOS="962" HPOS="326"/>
						<String ID="string_134" HPOS="347" VPOS="964" WIDTH="53" HEIGHT="28" WC="0.92" CONTENT="und"/><SP WIDTH="22" VPOS="964" HPOS="400"/>
						<String ID="string_135" HPOS="422" VPOS="962" WIDTH="98" HEIGHT="35" WC="0.66" CONTENT="braͤchte"/><SP WIDTH="30" VPOS="962" HPOS="520"/>
						<String ID="string_136" HPOS="550" VPOS="963" WIDTH="55" HEIGHT="29" WC="0.93" CONTENT="dem"/><SP WIDTH="21" VPOS="963" HPOS="605"/>
						<String ID="string_137" HPOS="626" VPOS="963" WIDTH="80" HEIGHT="37" WC="0.92" CONTENT="Sohn"/><SP WIDTH="38" VPOS="963" HPOS="706"/>
						<String ID="string_138" HPOS="744" VPOS="964" WIDTH="153" HEIGHT="36" WC="0.30" CONTENT="güücklicher—"/>
					</TextLine>
					<TextLine ID="line_22" HPOS="117" VPOS="1001" WIDTH="534" HEIGHT="38">
						<String ID="string_139" HPOS="117" VPOS="1001" WIDTH="72" HEIGHT="29" WC="0.88" CONTENT="weiſe"/><SP WIDTH="22" VPOS="1001" HPOS="189"/>
						<String ID="string_140" HPOS="211" VPOS="1010" WIDTH="49" HEIGHT="20" WC="0.93" CONTENT="nur"/><SP WIDTH="22" VPOS="1010" HPOS="260"/>
						<String ID="string_141" HPOS="282" VPOS="1002" WIDTH="53" HEIGHT="28" WC="0.93" CONTENT="eine"/><SP WIDTH="37" VPOS="1002" HPOS="335"/>
						<String ID="string_142" HPOS="372" VPOS="1002" WIDTH="109" HEIGHT="34" WC="0.92" CONTENT="leichtere"/><SP WIDTH="21" VPOS="1002" HPOS="481"/>
						<String ID="string_143" HPOS="502" VPOS="1001" WIDTH="149" HEIGHT="38" WC="0.90" CONTENT="Verletzung"/>
					</TextLine>
					<TextLine ID="line_23" HPOS="118" VPOS="1039" WIDTH="778" HEIGHT="38">
						<String ID="string_144" HPOS="118" VPOS="1041" WIDTH="47" HEIGHT="28" WC="0.91" CONTENT="bei."/><SP WIDTH="41" VPOS="1041" HPOS="165"/>
						<String ID="string_145" HPOS="206" VPOS="1040" WIDTH="56" HEIGHT="29" WC="0.93" CONTENT="Der"/><SP WIDTH="22" VPOS="1040" HPOS="262"/>
						<String ID="string_146" HPOS="284" VPOS="1039" WIDTH="172" HEIGHT="30" WC="0.88" CONTENT="Verwundete"/><SP WIDTH="36" VPOS="1039" HPOS="456"/>
						<String ID="string_147" HPOS="492" VPOS="1041" WIDTH="90" HEIGHT="28" WC="0.83" CONTENT="konnte"/><SP WIDTH="40" VPOS="1041" HPOS="582"/>
						<String ID="string_148" HPOS="622" VPOS="1042" WIDTH="44" HEIGHT="33" WC="0.83" CONTENT="ſich"/><SP WIDTH="40" VPOS="1042" HPOS="666"/>
						<String ID="string_149" HPOS="706" VPOS="1041" WIDTH="46" HEIGHT="29" WC="0.93" CONTENT="mit"/><SP WIDTH="41" VPOS="1041" HPOS="752"/>
						<String ID="string_150" HPOS="793" VPOS="1042" WIDTH="103" HEIGHT="35" WC="0.91" CONTENT="eigenen"/>
					</TextLine>
					<TextLine ID="line_24" HPOS="118" VPOS="1079" WIDTH="778" HEIGHT="37">
						<String ID="string_151" HPOS="118" VPOS="1079" WIDTH="111" HEIGHT="35" WC="0.92" CONTENT="Kräften"/><SP WIDTH="21" VPOS="1079" HPOS="229"/>
						<String ID="string_152" HPOS="250" VPOS="1080" WIDTH="59" HEIGHT="32" WC="0.92" CONTENT="noch"/><SP WIDTH="23" VPOS="1080" HPOS="309"/>
						<String ID="string_153" HPOS="332" VPOS="1088" WIDTH="56" HEIGHT="28" WC="0.92" CONTENT="zum"/><SP WIDTH="22" VPOS="1088" HPOS="388"/>
						<String ID="string_154" HPOS="410" VPOS="1079" WIDTH="63" HEIGHT="37" WC="0.93" CONTENT="Arzt"/><SP WIDTH="22" VPOS="1079" HPOS="473"/>
						<String ID="string_155" HPOS="495" VPOS="1079" WIDTH="117" HEIGHT="37" WC="0.92" CONTENT="begeben,"/><SP WIDTH="32" VPOS="1079" HPOS="612"/>
						<String ID="string_156" HPOS="644" VPOS="1080" WIDTH="42" HEIGHT="27" WC="0.92" CONTENT="der"/><SP WIDTH="40" VPOS="1080" HPOS="686"/>
						<String ID="string_157" HPOS="726" VPOS="1080" WIDTH="52" HEIGHT="27" WC="0.92" CONTENT="eine"/><SP WIDTH="23" VPOS="1080" HPOS="778"/>
						<String ID="string_158" HPOS="801" VPOS="1079" WIDTH="95" HEIGHT="29" WC="0.84" CONTENT="Ueber—"/>
					</TextLine>
					<TextLine ID="line_25" HPOS="117" VPOS="1117" WIDTH="779" HEIGHT="37">
						<String ID="string_159" HPOS="117" VPOS="1118" WIDTH="114" HEIGHT="36" WC="0.93" CONTENT="führung"/><SP WIDTH="42" VPOS="1118" HPOS="231"/>
						<String ID="string_160" HPOS="273" VPOS="1118" WIDTH="26" HEIGHT="28" WC="0.92" CONTENT="in"/><SP WIDTH="42" VPOS="1118" HPOS="299"/>
						<String ID="string_161" HPOS="341" VPOS="1119" WIDTH="48" HEIGHT="27" WC="0.92" CONTENT="das"/><SP WIDTH="29" VPOS="1119" HPOS="389"/>
						<String ID="string_162" HPOS="418" VPOS="1117" WIDTH="190" HEIGHT="37" WC="0.91" CONTENT="Krankenhaus"/><SP WIDTH="43" VPOS="1117" HPOS="608"/>
						<String ID="string_163" HPOS="651" VPOS="1118" WIDTH="148" HEIGHT="28" WC="0.89" CONTENT="anordnete."/><SP WIDTH="42" VPOS="1118" HPOS="799"/>
						<String ID="string_164" HPOS="841" VPOS="1118" WIDTH="55" HEIGHT="28" WC="0.92" CONTENT="Der"/>
					</TextLine>
					<TextLine ID="line_26" HPOS="116" VPOS="1155" WIDTH="779" HEIGHT="37">
						<String ID="string_165" HPOS="116" VPOS="1158" WIDTH="117" HEIGHT="34" WC="0.89" CONTENT="erzürnte"/><SP WIDTH="21" VPOS="1158" HPOS="233"/>
						<String ID="string_166" HPOS="254" VPOS="1155" WIDTH="83" HEIGHT="29" WC="0.92" CONTENT="Vater"/><SP WIDTH="21" VPOS="1155" HPOS="337"/>
						<String ID="string_167" HPOS="358" VPOS="1156" WIDTH="75" HEIGHT="34" WC="0.89" CONTENT="ftellte"/><SP WIDTH="21" VPOS="1156" HPOS="433"/>
						<String ID="string_168" HPOS="454" VPOS="1156" WIDTH="44" HEIGHT="34" WC="0.93" CONTENT="ſich"/><SP WIDTH="23" VPOS="1156" HPOS="498"/>
						<String ID="string_169" HPOS="521" VPOS="1157" WIDTH="59" HEIGHT="34" WC="0.92" CONTENT="nach"/><SP WIDTH="23" VPOS="1157" HPOS="580"/>
						<String ID="string_170" HPOS="603" VPOS="1156" WIDTH="117" HEIGHT="29" WC="0.93" CONTENT="verübter"/><SP WIDTH="21" VPOS="1156" HPOS="720"/>
						<String ID="string_171" HPOS="741" VPOS="1156" WIDTH="55" HEIGHT="29" WC="0.91" CONTENT="Tat"/><SP WIDTH="27" VPOS="1156" HPOS="796"/>
						<String ID="string_172" HPOS="823" VPOS="1157" WIDTH="72" HEIGHT="34" WC="0.91" CONTENT="ſelbſt"/>
					</TextLine>
					<TextLine ID="line_27" HPOS="118" VPOS="1194" WIDTH="776" HEIGHT="38">
						<String ID="string_173" HPOS="118" VPOS="1196" WIDTH="43" HEIGHT="27" WC="0.92" CONTENT="der"/><SP WIDTH="21" VPOS="1196" HPOS="161"/>
						<String ID="string_174" HPOS="182" VPOS="1194" WIDTH="110" HEIGHT="37" WC="0.92" CONTENT="Polizei,"/><SP WIDTH="23" VPOS="1194" HPOS="292"/>
						<String ID="string_175" HPOS="315" VPOS="1195" WIDTH="39" HEIGHT="28" WC="0.93" CONTENT="die"/><SP WIDTH="20" VPOS="1195" HPOS="354"/>
						<String ID="string_176" HPOS="374" VPOS="1194" WIDTH="99" HEIGHT="36" WC="0.93" CONTENT="ſowohl"/><SP WIDTH="29" VPOS="1194" HPOS="473"/>
						<String ID="string_177" HPOS="502" VPOS="1194" WIDTH="84" HEIGHT="29" WC="0.92" CONTENT="Vater"/><SP WIDTH="36" VPOS="1194" HPOS="586"/>
						<String ID="string_178" HPOS="622" VPOS="1195" WIDTH="42" HEIGHT="28" WC="0.92" CONTENT="als"/><SP WIDTH="22" VPOS="1195" HPOS="664"/>
						<String ID="string_179" HPOS="686" VPOS="1194" WIDTH="80" HEIGHT="37" WC="0.92" CONTENT="Sohn"/><SP WIDTH="42" VPOS="1194" HPOS="766"/>
						<String ID="string_180" HPOS="808" VPOS="1202" WIDTH="86" HEIGHT="30" WC="0.91" CONTENT="wegen"/>
					</TextLine>
					<TextLine ID="line_28" HPOS="116" VPOS="1232" WIDTH="778" HEIGHT="37">
						<String ID="string_181" HPOS="116" VPOS="1232" WIDTH="184" HEIGHT="37" WC="0.86" CONTENT="Ruheſtörung"/><SP WIDTH="22" VPOS="1232" HPOS="300"/>
						<String ID="string_182" HPOS="322" VPOS="1241" WIDTH="45" HEIGHT="28" WC="0.92" CONTENT="zur"/><SP WIDTH="21" VPOS="1241" HPOS="367"/>
						<String ID="string_183" HPOS="388" VPOS="1232" WIDTH="225" HEIGHT="37" WC="0.92" CONTENT="Verantwortung"/><SP WIDTH="22" VPOS="1232" HPOS="613"/>
						<String ID="string_184" HPOS="635" VPOS="1233" WIDTH="83" HEIGHT="36" WC="0.91" CONTENT="ziehen"/><SP WIDTH="43" VPOS="1233" HPOS="718"/>
						<String ID="string_185" HPOS="761" VPOS="1233" WIDTH="74" HEIGHT="29" WC="0.91" CONTENT="wird."/><SP WIDTH="24" VPOS="1233" HPOS="835"/>
						<String ID="string_186" HPOS="859" VPOS="1250" WIDTH="35" HEIGHT="3" WC="0.92" CONTENT="—"/>
					</TextLine>
					<TextLine ID="line_29" HPOS="116" VPOS="1270" WIDTH="780" HEIGHT="37">
						<String ID="string_187" HPOS="116" VPOS="1271" WIDTH="52" HEIGHT="28" WC="0.93" CONTENT="Ein"/><SP WIDTH="20" VPOS="1271" HPOS="168"/>
						<String ID="string_188" HPOS="188" VPOS="1271" WIDTH="171" HEIGHT="36" WC="0.38" CONTENT="gerichtliches"/><SP WIDTH="22" VPOS="1271" HPOS="359"/>
						<String ID="string_189" HPOS="381" VPOS="1270" WIDTH="135" HEIGHT="35" WC="0.92" CONTENT="Nachſpiel"/><SP WIDTH="21" VPOS="1270" HPOS="516"/>
						<String ID="string_190" HPOS="537" VPOS="1271" WIDTH="66" HEIGHT="28" WC="0.92" CONTENT="wird"/><SP WIDTH="23" VPOS="1271" HPOS="603"/>
						<String ID="string_191" HPOS="626" VPOS="1271" WIDTH="37" HEIGHT="28" WC="0.91" CONTENT="die"/><SP WIDTH="22" VPOS="1271" HPOS="663"/>
						<String ID="string_192" HPOS="685" VPOS="1271" WIDTH="54" HEIGHT="28" WC="0.91" CONTENT="Tat"/><SP WIDTH="33" VPOS="1271" HPOS="739"/>
						<String ID="string_193" HPOS="772" VPOS="1272" WIDTH="45" HEIGHT="27" WC="0.93" CONTENT="des"/><SP WIDTH="22" VPOS="1272" HPOS="817"/>
						<String ID="string_194" HPOS="839" VPOS="1271" WIDTH="57" HEIGHT="28" WC="0.52" CONTENT="Va⸗"/>
					</TextLine>
					<TextLine ID="line_30" HPOS="116" VPOS="1308" WIDTH="777" HEIGHT="37">
						<String ID="string_195" HPOS="116" VPOS="1313" WIDTH="53" HEIGHT="24" WC="0.92" CONTENT="ters"/><SP WIDTH="22" VPOS="1313" HPOS="169"/>
						<String ID="string_196" HPOS="191" VPOS="1309" WIDTH="82" HEIGHT="35" WC="0.75" CONTENT="jedoch"/><SP WIDTH="23" VPOS="1309" HPOS="273"/>
						<String ID="string_197" HPOS="296" VPOS="1309" WIDTH="64" HEIGHT="33" WC="0.93" CONTENT="nicht"/><SP WIDTH="22" VPOS="1309" HPOS="360"/>
						<String ID="string_198" HPOS="382" VPOS="1308" WIDTH="91" HEIGHT="37" WC="0.92" CONTENT="haben,"/><SP WIDTH="24" VPOS="1308" HPOS="473"/>
						<String ID="string_199" HPOS="497" VPOS="1309" WIDTH="32" HEIGHT="27" WC="0.92" CONTENT="da"/><SP WIDTH="32" VPOS="1309" HPOS="529"/>
						<String ID="string_200" HPOS="561" VPOS="1309" WIDTH="42" HEIGHT="28" WC="0.92" CONTENT="der"/><SP WIDTH="22" VPOS="1309" HPOS="603"/>
						<String ID="string_201" HPOS="625" VPOS="1308" WIDTH="80" HEIGHT="36" WC="0.92" CONTENT="Sohn"/><SP WIDTH="42" VPOS="1308" HPOS="705"/>
						<String ID="string_202" HPOS="747" VPOS="1309" WIDTH="146" HEIGHT="36" WC="0.90" CONTENT="inzwiſchen"/>
					</TextLine>
					<TextLine ID="line_31" HPOS="116" VPOS="1347" WIDTH="776" HEIGHT="37">
						<String ID="string_203" HPOS="116" VPOS="1347" WIDTH="50" HEIGHT="34" WC="0.92" CONTENT="ſein"/><SP WIDTH="22" VPOS="1347" HPOS="166"/>
						<String ID="string_204" HPOS="188" VPOS="1347" WIDTH="109" HEIGHT="34" WC="0.92" CONTENT="Unrecht"/><SP WIDTH="21" VPOS="1347" HPOS="297"/>
						<String ID="string_205" HPOS="318" VPOS="1347" WIDTH="145" HEIGHT="37" WC="0.92" CONTENT="eingeſehen"/><SP WIDTH="24" VPOS="1347" HPOS="463"/>
						<String ID="string_206" HPOS="487" VPOS="1347" WIDTH="53" HEIGHT="28" WC="0.93" CONTENT="und"/><SP WIDTH="31" VPOS="1347" HPOS="540"/>
						<String ID="string_207" HPOS="571" VPOS="1347" WIDTH="53" HEIGHT="29" WC="0.93" CONTENT="dem"/><SP WIDTH="22" VPOS="1347" HPOS="624"/>
						<String ID="string_208" HPOS="646" VPOS="1347" WIDTH="82" HEIGHT="29" WC="0.91" CONTENT="Vater"/><SP WIDTH="41" VPOS="1347" HPOS="728"/>
						<String ID="string_209" HPOS="769" VPOS="1348" WIDTH="123" HEIGHT="36" WC="0.91" CONTENT="vergeben"/>
					</TextLine>
					<TextLine ID="line_32" HPOS="118" VPOS="1387" WIDTH="53" HEIGHT="35">
						<String ID="string_210" HPOS="118" VPOS="1387" WIDTH="53" HEIGHT="35" WC="0.92" CONTENT="hat."/>
					</TextLine>
				</TextBlock>
				<TextBlock ID="block_4" HPOS="114" VPOS="1446" WIDTH="780" HEIGHT="383">
					<TextLine ID="line_33" HPOS="174" VPOS="1446" WIDTH="719" HEIGHT="38">
						<String ID="string_211" HPOS="174" VPOS="1447" WIDTH="385" HEIGHT="37" WC="0.63" CONTENT="Pflaſterungsarbeiten"/><SP WIDTH="60" VPOS="1447" HPOS="559"/>
						<String ID="string_212" HPOS="619" VPOS="1455" WIDTH="52" HEIGHT="22" WC="0.91" CONTENT="am"/><SP WIDTH="50" VPOS="1455" HPOS="671"/>
						<String ID="string_213" HPOS="721" VPOS="1446" WIDTH="172" HEIGHT="37" WC="0.34" CONTENT="Vahnuhof."/>
					</TextLine>
					<TextLine ID="line_34" HPOS="116" VPOS="1485" WIDTH="778" HEIGHT="37">
						<String ID="string_214" HPOS="116" VPOS="1486" WIDTH="221" HEIGHT="36" WC="0.91" CONTENT="Umfangreichere"/><SP WIDTH="23" VPOS="1486" HPOS="337"/>
						<String ID="string_215" HPOS="360" VPOS="1485" WIDTH="299" HEIGHT="35" WC="0.41" CONTENT="Pflaſterungsarbeiten,"/><SP WIDTH="37" VPOS="1485" HPOS="659"/>
						<String ID="string_216" HPOS="696" VPOS="1485" WIDTH="100" HEIGHT="27" WC="0.88" CONTENT="werden"/><SP WIDTH="40" VPOS="1485" HPOS="796"/>
						<String ID="string_217" HPOS="836" VPOS="1494" WIDTH="58" HEIGHT="26" WC="0.92" CONTENT="zur—"/>
					</TextLine>
					<TextLine ID="line_35" HPOS="115" VPOS="1523" WIDTH="779" HEIGHT="37">
						<String ID="string_218" HPOS="115" VPOS="1524" WIDTH="47" HEIGHT="36" WC="0.93" CONTENT="zeit"/><SP WIDTH="22" VPOS="1524" HPOS="162"/>
						<String ID="string_219" HPOS="184" VPOS="1533" WIDTH="41" HEIGHT="19" WC="0.87" CONTENT="am"/><SP WIDTH="22" VPOS="1533" HPOS="225"/>
						<String ID="string_220" HPOS="247" VPOS="1523" WIDTH="143" HEIGHT="29" WC="0.91" CONTENT="Windauer"/><SP WIDTH="22" VPOS="1523" HPOS="390"/>
						<String ID="string_221" HPOS="412" VPOS="1523" WIDTH="128" HEIGHT="36" WC="0.84" CONTENT="Bahnhof"/><SP WIDTH="26" VPOS="1523" HPOS="540"/>
						<String ID="string_222" HPOS="566" VPOS="1523" WIDTH="163" HEIGHT="35" WC="0.92" CONTENT="ausgeführt,"/><SP WIDTH="43" VPOS="1523" HPOS="729"/>
						<String ID="string_223" HPOS="772" VPOS="1531" WIDTH="42" HEIGHT="19" WC="0.92" CONTENT="um"/><SP WIDTH="42" VPOS="1531" HPOS="814"/>
						<String ID="string_224" HPOS="856" VPOS="1523" WIDTH="38" HEIGHT="27" WC="0.92" CONTENT="die"/>
					</TextLine>
					<TextLine ID="line_36" HPOS="116" VPOS="1560" WIDTH="776" HEIGHT="37">
						<String ID="string_225" HPOS="116" VPOS="1563" WIDTH="58" HEIGHT="28" WC="0.93" CONTENT="dort"/><SP WIDTH="22" VPOS="1563" HPOS="174"/>
						<String ID="string_226" HPOS="196" VPOS="1562" WIDTH="63" HEIGHT="31" WC="0.91" CONTENT="ſtark"/><SP WIDTH="22" VPOS="1562" HPOS="259"/>
						<String ID="string_227" HPOS="281" VPOS="1561" WIDTH="206" HEIGHT="36" WC="0.91" CONTENT="ausgefahrenen"/><SP WIDTH="29" VPOS="1561" HPOS="487"/>
						<String ID="string_228" HPOS="516" VPOS="1560" WIDTH="122" HEIGHT="35" WC="0.92" CONTENT="Straßen"/><SP WIDTH="43" VPOS="1560" HPOS="638"/>
						<String ID="string_229" HPOS="681" VPOS="1560" WIDTH="131" HEIGHT="36" WC="0.91" CONTENT="gründlich"/><SP WIDTH="42" VPOS="1560" HPOS="812"/>
						<String ID="string_230" HPOS="854" VPOS="1560" WIDTH="38" HEIGHT="28" WC="0.62" CONTENT="in—"/>
					</TextLine>
					<TextLine ID="line_37" HPOS="115" VPOS="1597" WIDTH="777" HEIGHT="38">
						<String ID="string_231" HPOS="115" VPOS="1599" WIDTH="188" HEIGHT="36" WC="0.83" CONTENT="ſtandzuſetzen."/><SP WIDTH="41" VPOS="1599" HPOS="303"/>
						<String ID="string_232" HPOS="344" VPOS="1599" WIDTH="71" HEIGHT="34" WC="0.92" CONTENT="Nach"/><SP WIDTH="24" VPOS="1599" HPOS="415"/>
						<String ID="string_233" HPOS="439" VPOS="1598" WIDTH="170" HEIGHT="37" WC="0.60" CONTENT="Beendigung"/><SP WIDTH="44" VPOS="1598" HPOS="609"/>
						<String ID="string_234" HPOS="653" VPOS="1598" WIDTH="76" HEIGHT="35" WC="0.91" CONTENT="dieſer"/><SP WIDTH="41" VPOS="1598" HPOS="729"/>
						<String ID="string_235" HPOS="770" VPOS="1597" WIDTH="122" HEIGHT="29" WC="0.91" CONTENT="Arbeiten"/>
					</TextLine>
					<TextLine ID="line_38" HPOS="114" VPOS="1636" WIDTH="778" HEIGHT="38">
						<String ID="string_236" HPOS="114" VPOS="1638" WIDTH="55" HEIGHT="35" WC="0.92" CONTENT="ſind"/><SP WIDTH="22" VPOS="1638" HPOS="169"/>
						<String ID="string_237" HPOS="191" VPOS="1637" WIDTH="200" HEIGHT="37" WC="0.86" CONTENT="Pflaſterungen"/><SP WIDTH="23" VPOS="1637" HPOS="391"/>
						<String ID="string_238" HPOS="414" VPOS="1638" WIDTH="42" HEIGHT="27" WC="0.92" CONTENT="der"/><SP WIDTH="21" VPOS="1638" HPOS="456"/>
						<String ID="string_239" HPOS="477" VPOS="1637" WIDTH="104" HEIGHT="35" WC="0.87" CONTENT="Straͤße"/><SP WIDTH="21" VPOS="1637" HPOS="581"/>
						<String ID="string_240" HPOS="602" VPOS="1644" WIDTH="60" HEIGHT="22" WC="0.92" CONTENT="vom"/><SP WIDTH="22" VPOS="1644" HPOS="662"/>
						<String ID="string_241" HPOS="684" VPOS="1636" WIDTH="128" HEIGHT="36" WC="0.92" CONTENT="Bahnhof"/><SP WIDTH="24" VPOS="1636" HPOS="812"/>
						<String ID="string_242" HPOS="836" VPOS="1645" WIDTH="56" HEIGHT="28" WC="0.92" CONTENT="zum"/>
					</TextLine>
					<TextLine ID="line_39" HPOS="114" VPOS="1675" WIDTH="778" HEIGHT="37">
						<String ID="string_243" HPOS="114" VPOS="1676" WIDTH="120" HEIGHT="36" WC="0.90" CONTENT="Zollamt"/><SP WIDTH="21" VPOS="1676" HPOS="234"/>
						<String ID="string_244" HPOS="255" VPOS="1677" WIDTH="27" HEIGHT="27" WC="0.91" CONTENT="in"/><SP WIDTH="22" VPOS="1677" HPOS="282"/>
						<String ID="string_245" HPOS="304" VPOS="1675" WIDTH="118" HEIGHT="36" WC="0.91" CONTENT="Ausſicht"/><SP WIDTH="41" VPOS="1675" HPOS="422"/>
						<String ID="string_246" HPOS="463" VPOS="1684" WIDTH="159" HEIGHT="28" WC="0.92" CONTENT="genommen,"/><SP WIDTH="42" VPOS="1684" HPOS="622"/>
						<String ID="string_247" HPOS="664" VPOS="1675" WIDTH="32" HEIGHT="29" WC="0.92" CONTENT="da"/><SP WIDTH="42" VPOS="1675" HPOS="696"/>
						<String ID="string_248" HPOS="738" VPOS="1676" WIDTH="59" HEIGHT="30" WC="0.92" CONTENT="auch"/><SP WIDTH="34" VPOS="1676" HPOS="797"/>
						<String ID="string_249" HPOS="831" VPOS="1675" WIDTH="61" HEIGHT="33" WC="0.92" CONTENT="dieſe"/>
					</TextLine>
					<TextLine ID="line_40" HPOS="114" VPOS="1713" WIDTH="778" HEIGHT="38">
						<String ID="string_250" HPOS="114" VPOS="1715" WIDTH="103" HEIGHT="34" WC="0.92" CONTENT="Straße"/><SP WIDTH="21" VPOS="1715" HPOS="217"/>
						<String ID="string_251" HPOS="238" VPOS="1721" WIDTH="52" HEIGHT="22" WC="0.92" CONTENT="von"/><SP WIDTH="22" VPOS="1721" HPOS="290"/>
						<String ID="string_252" HPOS="312" VPOS="1714" WIDTH="152" HEIGHT="37" WC="0.65" CONTENT="Laftwagen"/><SP WIDTH="17" VPOS="1714" HPOS="464"/>
						<String ID="string_253" HPOS="481" VPOS="1714" WIDTH="49" HEIGHT="28" WC="0.92" CONTENT="viel"/><SP WIDTH="23" VPOS="1714" HPOS="530"/>
						<String ID="string_254" HPOS="553" VPOS="1715" WIDTH="94" HEIGHT="35" WC="0.92" CONTENT="benutzt"/><SP WIDTH="32" VPOS="1715" HPOS="647"/>
						<String ID="string_255" HPOS="679" VPOS="1714" WIDTH="73" HEIGHT="28" WC="0.93" CONTENT="wird."/><SP WIDTH="43" VPOS="1714" HPOS="752"/>
						<String ID="string_256" HPOS="795" VPOS="1713" WIDTH="97" HEIGHT="36" WC="0.89" CONTENT="Ferner"/>
					</TextLine>
					<TextLine ID="line_41" HPOS="114" VPOS="1752" WIDTH="777" HEIGHT="36">
						<String ID="string_257" HPOS="114" VPOS="1753" WIDTH="48" HEIGHT="35" WC="0.46" CONTENT="ſoll"/><SP WIDTH="22" VPOS="1753" HPOS="162"/>
						<String ID="string_258" HPOS="184" VPOS="1754" WIDTH="43" HEIGHT="27" WC="0.93" CONTENT="der"/><SP WIDTH="22" VPOS="1754" HPOS="227"/>
						<String ID="string_259" HPOS="249" VPOS="1753" WIDTH="172" HEIGHT="35" WC="0.86" CONTENT="Bahnkörper"/><SP WIDTH="26" VPOS="1753" HPOS="421"/>
						<String ID="string_260" HPOS="447" VPOS="1752" WIDTH="157" HEIGHT="36" WC="0.86" CONTENT="ſtellenweiſe"/><SP WIDTH="21" VPOS="1752" HPOS="604"/>
						<String ID="string_261" HPOS="625" VPOS="1753" WIDTH="67" HEIGHT="27" WC="0.93" CONTENT="einer"/><SP WIDTH="36" VPOS="1753" HPOS="692"/>
						<String ID="string_262" HPOS="728" VPOS="1752" WIDTH="163" HEIGHT="36" WC="0.93" CONTENT="gründlichen"/>
					</TextLine>
					<TextLine ID="line_42" HPOS="115" VPOS="1791" WIDTH="478" HEIGHT="38">
						<String ID="string_263" HPOS="115" VPOS="1792" WIDTH="169" HEIGHT="37" WC="0.89" CONTENT="Erneuerung"/><SP WIDTH="24" VPOS="1792" HPOS="284"/>
						<String ID="string_264" HPOS="308" VPOS="1796" WIDTH="153" HEIGHT="32" WC="0.92" CONTENT="unterzogen"/><SP WIDTH="23" VPOS="1796" HPOS="461"/>
						<String ID="string_265" HPOS="484" VPOS="1791" WIDTH="109" HEIGHT="29" WC="0.92" CONTENT="werden."/>
					</TextLine>
				</TextBlock>
				<TextBlock ID="block_5" HPOS="112" VPOS="1851" WIDTH="782" HEIGHT="535">
					<TextLine ID="line_43" HPOS="173" VPOS="1851" WIDTH="717" HEIGHT="39">
						<String ID="string_266" HPOS="173" VPOS="1852" WIDTH="221" HEIGHT="38" WC="0.68" CONTENT="Unglücksfall"/><SP WIDTH="24" VPOS="1852" HPOS="394"/>
						<String ID="string_267" HPOS="418" VPOS="1853" WIDTH="92" HEIGHT="30" WC="0.92" CONTENT="eines"/><SP WIDTH="24" VPOS="1853" HPOS="510"/>
						<String ID="string_268" HPOS="534" VPOS="1851" WIDTH="274" HEIGHT="38" WC="0.90" CONTENT="Motorfahrers."/><SP WIDTH="41" VPOS="1851" HPOS="808"/>
						<String ID="string_269" HPOS="849" VPOS="1852" WIDTH="41" HEIGHT="28" WC="0.91" CONTENT="An"/>
					</TextLine>
					<TextLine ID="line_44" HPOS="113" VPOS="1890" WIDTH="779" HEIGHT="36">
						<String ID="string_270" HPOS="113" VPOS="1891" WIDTH="78" HEIGHT="28" WC="0.92" CONTENT="einem"/><SP WIDTH="25" VPOS="1891" HPOS="191"/>
						<String ID="string_271" HPOS="216" VPOS="1891" WIDTH="41" HEIGHT="27" WC="0.92" CONTENT="der"/><SP WIDTH="41" VPOS="1891" HPOS="257"/>
						<String ID="string_272" HPOS="298" VPOS="1891" WIDTH="82" HEIGHT="35" WC="0.88" CONTENT="letzten"/><SP WIDTH="19" VPOS="1891" HPOS="380"/>
						<String ID="string_273" HPOS="399" VPOS="1890" WIDTH="103" HEIGHT="29" WC="0.93" CONTENT="Abende"/><SP WIDTH="41" VPOS="1890" HPOS="502"/>
						<String ID="string_274" HPOS="543" VPOS="1891" WIDTH="59" HEIGHT="35" WC="0.86" CONTENT="fuhr"/><SP WIDTH="42" VPOS="1891" HPOS="602"/>
						<String ID="string_275" HPOS="644" VPOS="1891" WIDTH="41" HEIGHT="27" WC="0.93" CONTENT="der"/><SP WIDTH="23" VPOS="1891" HPOS="685"/>
						<String ID="string_276" HPOS="708" VPOS="1890" WIDTH="184" HEIGHT="36" WC="0.91" CONTENT="Motorfahrer"/>
					</TextLine>
					<TextLine ID="line_45" HPOS="113" VPOS="1927" WIDTH="777" HEIGHT="37">
						<String ID="string_277" HPOS="113" VPOS="1928" WIDTH="74" HEIGHT="29" WC="0.91" CONTENT="Willi"/><SP WIDTH="22" VPOS="1928" HPOS="187"/>
						<String ID="string_278" HPOS="209" VPOS="1928" WIDTH="35" HEIGHT="29" WC="0.92" CONTENT="B."/><SP WIDTH="24" VPOS="1928" HPOS="244"/>
						<String ID="string_279" HPOS="268" VPOS="1928" WIDTH="38" HEIGHT="29" WC="0.92" CONTENT="die"/><SP WIDTH="22" VPOS="1928" HPOS="306"/>
						<String ID="string_280" HPOS="328" VPOS="1929" WIDTH="213" HEIGHT="35" WC="0.87" CONTENT="Kurhausſtraße"/><SP WIDTH="41" VPOS="1929" HPOS="541"/>
						<String ID="string_281" HPOS="582" VPOS="1929" WIDTH="25" HEIGHT="27" WC="0.91" CONTENT="in"/><SP WIDTH="23" VPOS="1929" HPOS="607"/>
						<String ID="string_282" HPOS="630" VPOS="1927" WIDTH="114" HEIGHT="29" WC="0.87" CONTENT="Windan"/><SP WIDTH="32" VPOS="1927" HPOS="744"/>
						<String ID="string_283" HPOS="776" VPOS="1929" WIDTH="114" HEIGHT="35" WC="0.45" CONTENT="entlang,"/>
					</TextLine>
					<TextLine ID="line_46" HPOS="114" VPOS="1966" WIDTH="776" HEIGHT="37">
						<String ID="string_284" HPOS="114" VPOS="1968" WIDTH="42" HEIGHT="27" WC="0.93" CONTENT="als"/><SP WIDTH="22" VPOS="1968" HPOS="156"/>
						<String ID="string_285" HPOS="178" VPOS="1967" WIDTH="110" HEIGHT="36" WC="0.92" CONTENT="plötzlich"/><SP WIDTH="22" VPOS="1967" HPOS="288"/>
						<String ID="string_286" HPOS="310" VPOS="1967" WIDTH="39" HEIGHT="28" WC="0.92" CONTENT="ein"/><SP WIDTH="29" VPOS="1967" HPOS="349"/>
						<String ID="string_287" HPOS="378" VPOS="1966" WIDTH="70" HEIGHT="29" WC="0.92" CONTENT="Kind"/><SP WIDTH="39" VPOS="1966" HPOS="448"/>
						<String ID="string_288" HPOS="487" VPOS="1967" WIDTH="55" HEIGHT="35" WC="0.92" CONTENT="kurz"/><SP WIDTH="43" VPOS="1967" HPOS="542"/>
						<String ID="string_289" HPOS="585" VPOS="1973" WIDTH="48" HEIGHT="21" WC="0.93" CONTENT="vor"/><SP WIDTH="41" VPOS="1973" HPOS="633"/>
						<String ID="string_290" HPOS="674" VPOS="1966" WIDTH="54" HEIGHT="28" WC="0.93" CONTENT="dem"/><SP WIDTH="21" VPOS="1966" HPOS="728"/>
						<String ID="string_291" HPOS="749" VPOS="1966" WIDTH="141" HEIGHT="34" WC="0.90" CONTENT="fahrenden"/>
					</TextLine>
					<TextLine ID="line_47" HPOS="114" VPOS="2003" WIDTH="777" HEIGHT="37">
						<String ID="string_292" HPOS="114" VPOS="2005" WIDTH="74" HEIGHT="29" WC="0.90" CONTENT="Rade"/><SP WIDTH="22" VPOS="2005" HPOS="188"/>
						<String ID="string_293" HPOS="210" VPOS="2006" WIDTH="38" HEIGHT="28" WC="0.92" CONTENT="die"/><SP WIDTH="21" VPOS="2006" HPOS="248"/>
						<String ID="string_294" HPOS="269" VPOS="2005" WIDTH="102" HEIGHT="35" WC="0.92" CONTENT="Straße"/><SP WIDTH="21" VPOS="2005" HPOS="371"/>
						<String ID="string_295" HPOS="392" VPOS="2004" WIDTH="180" HEIGHT="36" WC="0.84" CONTENT="überſchreilen"/><SP WIDTH="38" VPOS="2004" HPOS="572"/>
						<String ID="string_296" HPOS="610" VPOS="2004" WIDTH="95" HEIGHT="28" WC="0.87" CONTENT="wollte."/><SP WIDTH="42" VPOS="2004" HPOS="705"/>
						<String ID="string_297" HPOS="747" VPOS="2003" WIDTH="50" HEIGHT="29" WC="0.91" CONTENT="Um"/><SP WIDTH="41" VPOS="2003" HPOS="797"/>
						<String ID="string_298" HPOS="838" VPOS="2013" WIDTH="53" HEIGHT="19" WC="0.88" CONTENT="nun"/>
					</TextLine>
					<TextLine ID="line_48" HPOS="115" VPOS="2041" WIDTH="776" HEIGHT="39">
						<String ID="string_299" HPOS="115" VPOS="2044" WIDTH="49" HEIGHT="28" WC="0.92" CONTENT="das"/><SP WIDTH="22" VPOS="2044" HPOS="164"/>
						<String ID="string_300" HPOS="186" VPOS="2044" WIDTH="70" HEIGHT="28" WC="0.92" CONTENT="Kind"/><SP WIDTH="22" VPOS="2044" HPOS="256"/>
						<String ID="string_301" HPOS="278" VPOS="2044" WIDTH="65" HEIGHT="34" WC="0.92" CONTENT="nicht"/><SP WIDTH="21" VPOS="2044" HPOS="343"/>
						<String ID="string_302" HPOS="364" VPOS="2052" WIDTH="29" HEIGHT="28" WC="0.93" CONTENT="zu"/><SP WIDTH="21" VPOS="2052" HPOS="393"/>
						<String ID="string_303" HPOS="414" VPOS="2043" WIDTH="163" HEIGHT="36" WC="0.86" CONTENT="überfahren,"/><SP WIDTH="23" VPOS="2043" HPOS="577"/>
						<String ID="string_304" HPOS="600" VPOS="2042" WIDTH="43" HEIGHT="36" WC="0.92" CONTENT="ſah"/><SP WIDTH="30" VPOS="2042" HPOS="643"/>
						<String ID="string_305" HPOS="673" VPOS="2043" WIDTH="43" HEIGHT="32" WC="0.92" CONTENT="ſich"/><SP WIDTH="23" VPOS="2043" HPOS="716"/>
						<String ID="string_306" HPOS="739" VPOS="2041" WIDTH="35" HEIGHT="29" WC="0.92" CONTENT="B."/><SP WIDTH="39" VPOS="2041" HPOS="774"/>
						<String ID="string_307" HPOS="813" VPOS="2043" WIDTH="78" HEIGHT="35" WC="0.86" CONTENT="genö—"/>
					</TextLine>
					<TextLine ID="line_49" HPOS="114" VPOS="2080" WIDTH="778" HEIGHT="40">
						<String ID="string_308" HPOS="114" VPOS="2083" WIDTH="57" HEIGHT="37" WC="0.91" CONTENT="tigt,"/><SP WIDTH="22" VPOS="2083" HPOS="171"/>
						<String ID="string_309" HPOS="193" VPOS="2083" WIDTH="53" HEIGHT="28" WC="0.91" CONTENT="eine"/><SP WIDTH="22" VPOS="2083" HPOS="246"/>
						<String ID="string_310" HPOS="268" VPOS="2082" WIDTH="107" HEIGHT="37" WC="0.92" CONTENT="größere"/><SP WIDTH="22" VPOS="2082" HPOS="375"/>
						<String ID="string_311" HPOS="397" VPOS="2082" WIDTH="87" HEIGHT="28" WC="0.92" CONTENT="Kurve"/><SP WIDTH="18" VPOS="2082" HPOS="484"/>
						<String ID="string_312" HPOS="502" VPOS="2090" WIDTH="29" HEIGHT="27" WC="0.93" CONTENT="zu"/><SP WIDTH="22" VPOS="2090" HPOS="531"/>
						<String ID="string_313" HPOS="553" VPOS="2082" WIDTH="109" HEIGHT="32" WC="0.87" CONTENT="machen,"/><SP WIDTH="22" VPOS="2082" HPOS="662"/>
						<String ID="string_314" HPOS="684" VPOS="2080" WIDTH="81" HEIGHT="29" WC="0.92" CONTENT="wobei"/><SP WIDTH="28" VPOS="2080" HPOS="765"/>
						<String ID="string_315" HPOS="793" VPOS="2089" WIDTH="25" HEIGHT="19" WC="0.86" CONTENT="er,"/><SP WIDTH="40" VPOS="2089" HPOS="818"/>
						<String ID="string_316" HPOS="858" VPOS="2081" WIDTH="34" HEIGHT="35" WC="0.83" CONTENT="je—"/>
					</TextLine>
					<TextLine ID="line_50" HPOS="116" VPOS="2118" WIDTH="775" HEIGHT="39">
						<String ID="string_317" HPOS="116" VPOS="2121" WIDTH="58" HEIGHT="33" WC="0.86" CONTENT="doͤch"/><SP WIDTH="24" VPOS="2121" HPOS="174"/>
						<String ID="string_318" HPOS="198" VPOS="2120" WIDTH="24" HEIGHT="35" WC="0.37" CONTENT="fo"/><SP WIDTH="22" VPOS="2120" HPOS="222"/>
						<String ID="string_319" HPOS="244" VPOS="2120" WIDTH="149" HEIGHT="37" WC="0.0" CONTENT="uuglücklich"/><SP WIDTH="22" VPOS="2120" HPOS="393"/>
						<String ID="string_320" HPOS="415" VPOS="2129" WIDTH="30" HEIGHT="28" WC="0.93" CONTENT="zu"/><SP WIDTH="23" VPOS="2129" HPOS="445"/>
						<String ID="string_321" HPOS="468" VPOS="2119" WIDTH="61" HEIGHT="36" WC="0.90" CONTENT="Fall"/><SP WIDTH="23" VPOS="2119" HPOS="529"/>
						<String ID="string_322" HPOS="552" VPOS="2121" WIDTH="62" HEIGHT="31" WC="0.91" CONTENT="kam,"/><SP WIDTH="33" VPOS="2121" HPOS="614"/>
						<String ID="string_323" HPOS="647" VPOS="2120" WIDTH="48" HEIGHT="27" WC="0.92" CONTENT="das"/><SP WIDTH="42" VPOS="2120" HPOS="695"/>
						<String ID="string_324" HPOS="737" VPOS="2127" WIDTH="25" HEIGHT="19" WC="0.92" CONTENT="er"/><SP WIDTH="40" VPOS="2127" HPOS="762"/>
						<String ID="string_325" HPOS="802" VPOS="2118" WIDTH="89" HEIGHT="35" WC="0.92" CONTENT="ſchwer"/>
					</TextLine>
					<TextLine ID="line_51" HPOS="114" VPOS="2157" WIDTH="778" HEIGHT="38">
						<String ID="string_326" HPOS="114" VPOS="2168" WIDTH="41" HEIGHT="19" WC="0.92" CONTENT="am"/><SP WIDTH="22" VPOS="2168" HPOS="155"/>
						<String ID="string_327" HPOS="177" VPOS="2158" WIDTH="71" HEIGHT="36" WC="0.92" CONTENT="Kopf"/><SP WIDTH="21" VPOS="2158" HPOS="248"/>
						<String ID="string_328" HPOS="269" VPOS="2160" WIDTH="96" HEIGHT="35" WC="0.92" CONTENT="verletzt"/><SP WIDTH="22" VPOS="2160" HPOS="365"/>
						<String ID="string_329" HPOS="387" VPOS="2159" WIDTH="87" HEIGHT="28" WC="0.79" CONTENT="würde"/><SP WIDTH="21" VPOS="2159" HPOS="474"/>
						<String ID="string_330" HPOS="495" VPOS="2158" WIDTH="53" HEIGHT="28" WC="0.92" CONTENT="und"/><SP WIDTH="22" VPOS="2158" HPOS="548"/>
						<String ID="string_331" HPOS="570" VPOS="2157" WIDTH="136" HEIGHT="34" WC="0.92" CONTENT="außerdem"/><SP WIDTH="21" VPOS="2157" HPOS="706"/>
						<String ID="string_332" HPOS="727" VPOS="2157" WIDTH="53" HEIGHT="28" WC="0.92" CONTENT="eine"/><SP WIDTH="37" VPOS="2157" HPOS="780"/>
						<String ID="string_333" HPOS="817" VPOS="2157" WIDTH="75" HEIGHT="32" WC="0.92" CONTENT="ſtarke"/>
					</TextLine>
					<TextLine ID="line_52" HPOS="113" VPOS="2195" WIDTH="779" HEIGHT="38">
						<String ID="string_334" HPOS="113" VPOS="2197" WIDTH="165" HEIGHT="36" WC="0.92" CONTENT="Quetſchung"/><SP WIDTH="24" VPOS="2197" HPOS="278"/>
						<String ID="string_335" HPOS="302" VPOS="2206" WIDTH="41" HEIGHT="19" WC="0.91" CONTENT="am"/><SP WIDTH="23" VPOS="2206" HPOS="343"/>
						<String ID="string_336" HPOS="366" VPOS="2196" WIDTH="58" HEIGHT="35" WC="0.88" CONTENT="Fuß"/><SP WIDTH="23" VPOS="2196" HPOS="424"/>
						<String ID="string_337" HPOS="447" VPOS="2197" WIDTH="79" HEIGHT="33" WC="0.90" CONTENT="erlitt,"/><SP WIDTH="23" VPOS="2197" HPOS="526"/>
						<String ID="string_338" HPOS="549" VPOS="2196" WIDTH="25" HEIGHT="35" WC="0.92" CONTENT="ſo"/><SP WIDTH="31" VPOS="2196" HPOS="574"/>
						<String ID="string_339" HPOS="605" VPOS="2196" WIDTH="50" HEIGHT="33" WC="0.89" CONTENT="daß"/><SP WIDTH="22" VPOS="2196" HPOS="655"/>
						<String ID="string_340" HPOS="677" VPOS="2205" WIDTH="26" HEIGHT="18" WC="0.89" CONTENT="er"/><SP WIDTH="49" VPOS="2205" HPOS="703"/>
						<String ID="string_341" HPOS="752" VPOS="2196" WIDTH="59" HEIGHT="32" WC="0.92" CONTENT="nach"/><SP WIDTH="40" VPOS="2196" HPOS="811"/>
						<String ID="string_342" HPOS="851" VPOS="2195" WIDTH="41" HEIGHT="28" WC="0.91" CONTENT="der"/>
					</TextLine>
					<TextLine ID="line_53" HPOS="112" VPOS="2234" WIDTH="780" HEIGHT="40">
						<String ID="string_343" HPOS="112" VPOS="2237" WIDTH="77" HEIGHT="31" WC="0.61" CONTENT="eriten"/><SP WIDTH="23" VPOS="2237" HPOS="189"/>
						<String ID="string_344" HPOS="212" VPOS="2236" WIDTH="134" HEIGHT="36" WC="0.64" CONTENT="ärztlichen"/><SP WIDTH="22" VPOS="2236" HPOS="346"/>
						<String ID="string_345" HPOS="368" VPOS="2235" WIDTH="69" HEIGHT="36" WC="0.75" CONTENT="Hilfe"/><SP WIDTH="22" VPOS="2235" HPOS="437"/>
						<String ID="string_346" HPOS="459" VPOS="2235" WIDTH="25" HEIGHT="28" WC="0.92" CONTENT="in"/><SP WIDTH="32" VPOS="2235" HPOS="484"/>
						<String ID="string_347" HPOS="516" VPOS="2235" WIDTH="48" HEIGHT="27" WC="0.92" CONTENT="das"/><SP WIDTH="23" VPOS="2235" HPOS="564"/>
						<String ID="string_348" HPOS="587" VPOS="2234" WIDTH="189" HEIGHT="35" WC="0.91" CONTENT="Kraukenhaus"/><SP WIDTH="42" VPOS="2234" HPOS="776"/>
						<String ID="string_349" HPOS="818" VPOS="2235" WIDTH="74" HEIGHT="39" WC="0.85" CONTENT="über—"/>
					</TextLine>
					<TextLine ID="line_54" HPOS="113" VPOS="2272" WIDTH="779" HEIGHT="38">
						<String ID="string_350" HPOS="113" VPOS="2273" WIDTH="101" HEIGHT="37" WC="0.91" CONTENT="geführt"/><SP WIDTH="22" VPOS="2273" HPOS="214"/>
						<String ID="string_351" HPOS="236" VPOS="2274" WIDTH="101" HEIGHT="27" WC="0.92" CONTENT="werden"/><SP WIDTH="21" VPOS="2274" HPOS="337"/>
						<String ID="string_352" HPOS="358" VPOS="2273" WIDTH="96" HEIGHT="34" WC="0.90" CONTENT="mußte."/><SP WIDTH="42" VPOS="2273" HPOS="454"/>
						<String ID="string_353" HPOS="496" VPOS="2272" WIDTH="70" HEIGHT="30" WC="0.92" CONTENT="Nach"/><SP WIDTH="14" VPOS="2272" HPOS="566"/>
						<String ID="string_354" HPOS="580" VPOS="2272" WIDTH="138" HEIGHT="36" WC="0.91" CONTENT="Anlegung"/><SP WIDTH="23" VPOS="2272" HPOS="718"/>
						<String ID="string_355" HPOS="741" VPOS="2272" WIDTH="68" HEIGHT="27" WC="0.84" CONTENT="eines"/><SP WIDTH="18" VPOS="2272" HPOS="809"/>
						<String ID="string_356" HPOS="827" VPOS="2272" WIDTH="65" HEIGHT="34" WC="0.84" CONTENT="ſach—"/>
					</TextLine>
					<TextLine ID="line_55" HPOS="114" VPOS="2309" WIDTH="780" HEIGHT="39">
						<String ID="string_357" HPOS="114" VPOS="2312" WIDTH="125" HEIGHT="36" WC="0.88" CONTENT="gemäßen"/><SP WIDTH="22" VPOS="2312" HPOS="239"/>
						<String ID="string_358" HPOS="261" VPOS="2311" WIDTH="155" HEIGHT="29" WC="0.92" CONTENT="Verbandes"/><SP WIDTH="23" VPOS="2311" HPOS="416"/>
						<String ID="string_359" HPOS="439" VPOS="2313" WIDTH="89" HEIGHT="26" WC="0.90" CONTENT="konnte"/><SP WIDTH="23" VPOS="2313" HPOS="528"/>
						<String ID="string_360" HPOS="551" VPOS="2310" WIDTH="34" HEIGHT="28" WC="0.92" CONTENT="B."/><SP WIDTH="23" VPOS="2310" HPOS="585"/>
						<String ID="string_361" HPOS="608" VPOS="2311" WIDTH="82" HEIGHT="35" WC="0.91" CONTENT="jedoͤch"/><SP WIDTH="35" VPOS="2311" HPOS="690"/>
						<String ID="string_362" HPOS="725" VPOS="2310" WIDTH="59" HEIGHT="32" WC="0.91" CONTENT="nach"/><SP WIDTH="24" VPOS="2310" HPOS="784"/>
						<String ID="string_363" HPOS="808" VPOS="2309" WIDTH="86" HEIGHT="37" WC="0.91" CONTENT="Hauſe"/>
					</TextLine>
					<TextLine ID="line_56" HPOS="113" VPOS="2349" WIDTH="255" HEIGHT="37">
						<String ID="string_364" HPOS="113" VPOS="2351" WIDTH="123" HEIGHT="35" WC="0.81" CONTENT="entlaſſen"/><SP WIDTH="23" VPOS="2351" HPOS="236"/>
						<String ID="string_365" HPOS="259" VPOS="2349" WIDTH="109" HEIGHT="29" WC="0.92" CONTENT="werden."/>
					</TextLine>
				</TextBlock>
				<TextBlock ID="block_6" HPOS="101" VPOS="2416" WIDTH="796" HEIGHT="1933">
					<TextLine ID="line_57" HPOS="169" VPOS="2416" WIDTH="725" HEIGHT="39">
						<String ID="string_366" HPOS="169" VPOS="2416" WIDTH="293" HEIGHT="39" WC="0.87" CONTENT="Kurzſchriftkurſe"/><SP WIDTH="20" VPOS="2416" HPOS="462"/>
						<String ID="string_367" HPOS="482" VPOS="2417" WIDTH="34" HEIGHT="30" WC="0.92" CONTENT="in"/><SP WIDTH="29" VPOS="2417" HPOS="516"/>
						<String ID="string_368" HPOS="545" VPOS="2416" WIDTH="164" HEIGHT="32" WC="0.88" CONTENT="Windan."/><SP WIDTH="40" VPOS="2416" HPOS="709"/>
						<String ID="string_369" HPOS="749" VPOS="2416" WIDTH="70" HEIGHT="28" WC="0.92" CONTENT="Vom"/><SP WIDTH="35" VPOS="2416" HPOS="819"/>
						<String ID="string_370" HPOS="854" VPOS="2420" WIDTH="40" HEIGHT="23" WC="0.86" CONTENT="15."/>
					</TextLine>
					<TextLine ID="line_58" HPOS="110" VPOS="2453" WIDTH="786" HEIGHT="39">
						<String ID="string_371" HPOS="110" VPOS="2456" WIDTH="62" HEIGHT="33" WC="0.92" CONTENT="Juli"/><SP WIDTH="23" VPOS="2456" HPOS="172"/>
						<String ID="string_372" HPOS="195" VPOS="2456" WIDTH="172" HEIGHT="36" WC="0.0" CONTENT="bisAufang"/><SP WIDTH="25" VPOS="2456" HPOS="367"/>
						<String ID="string_373" HPOS="392" VPOS="2455" WIDTH="99" HEIGHT="36" WC="0.87" CONTENT="Auguſt"/><SP WIDTH="22" VPOS="2455" HPOS="491"/>
						<String ID="string_374" HPOS="513" VPOS="2455" WIDTH="100" HEIGHT="28" WC="0.92" CONTENT="werden"/><SP WIDTH="31" VPOS="2455" HPOS="613"/>
						<String ID="string_375" HPOS="644" VPOS="2455" WIDTH="52" HEIGHT="33" WC="0.92" CONTENT="hier"/><SP WIDTH="30" VPOS="2455" HPOS="696"/>
						<String ID="string_376" HPOS="726" VPOS="2458" WIDTH="73" HEIGHT="24" WC="0.91" CONTENT="unter"/><SP WIDTH="43" VPOS="2458" HPOS="799"/>
						<String ID="string_377" HPOS="842" VPOS="2453" WIDTH="54" HEIGHT="29" WC="0.91" CONTENT="Lei—"/>
					</TextLine>
					<TextLine ID="line_59" HPOS="112" VPOS="2492" WIDTH="784" HEIGHT="39">
						<String ID="string_378" HPOS="112" VPOS="2500" WIDTH="62" HEIGHT="31" WC="0.91" CONTENT="tung"/><SP WIDTH="25" VPOS="2500" HPOS="174"/>
						<String ID="string_379" HPOS="199" VPOS="2495" WIDTH="44" HEIGHT="27" WC="0.93" CONTENT="des"/><SP WIDTH="22" VPOS="2495" HPOS="243"/>
						<String ID="string_380" HPOS="265" VPOS="2493" WIDTH="187" HEIGHT="37" WC="0.38" CONTENT="Herrnstud."/><SP WIDTH="22" VPOS="2493" HPOS="452"/>
						<String ID="string_381" HPOS="474" VPOS="2493" WIDTH="146" HEIGHT="35" WC="0.91" CONTENT="Jahnis"/><SP WIDTH="22" VPOS="2493" HPOS="620"/>
						<String ID="string_382" HPOS="642" VPOS="2492" WIDTH="148" HEIGHT="35" WC="0.77" CONTENT="Palaps"/><SP WIDTH="23" VPOS="2492" HPOS="790"/>
						<String ID="string_383" HPOS="813" VPOS="2493" WIDTH="83" HEIGHT="35" WC="0.90" CONTENT="Kurz—"/>
					</TextLine>
					<TextLine ID="line_60" HPOS="110" VPOS="2530" WIDTH="785" HEIGHT="39">
						<String ID="string_384" HPOS="110" VPOS="2532" WIDTH="154" HEIGHT="37" WC="0.72" CONTENT="ſchriftkurſe"/><SP WIDTH="22" VPOS="2532" HPOS="264"/>
						<String ID="string_385" HPOS="286" VPOS="2532" WIDTH="166" HEIGHT="34" WC="0.87" CONTENT="veranſtaltet"/><SP WIDTH="21" VPOS="2532" HPOS="452"/>
						<String ID="string_386" HPOS="473" VPOS="2532" WIDTH="110" HEIGHT="33" WC="0.92" CONTENT="werden,"/><SP WIDTH="24" VPOS="2532" HPOS="583"/>
						<String ID="string_387" HPOS="607" VPOS="2531" WIDTH="73" HEIGHT="28" WC="0.93" CONTENT="deren"/><SP WIDTH="23" VPOS="2531" HPOS="680"/>
						<String ID="string_388" HPOS="703" VPOS="2530" WIDTH="95" HEIGHT="35" WC="0.43" CONTENT="Beſuch,"/><SP WIDTH="39" VPOS="2530" HPOS="798"/>
						<String ID="string_389" HPOS="837" VPOS="2532" WIDTH="58" HEIGHT="32" WC="0.73" CONTENT="auch"/>
					</TextLine>
					<TextLine ID="line_61" HPOS="111" VPOS="2568" WIDTH="786" HEIGHT="38">
						<String ID="string_390" HPOS="111" VPOS="2573" WIDTH="47" HEIGHT="27" WC="0.93" CONTENT="den"/><SP WIDTH="22" VPOS="2573" HPOS="158"/>
						<String ID="string_391" HPOS="180" VPOS="2571" WIDTH="129" HEIGHT="34" WC="0.92" CONTENT="deutſchen"/><SP WIDTH="18" VPOS="2571" HPOS="309"/>
						<String ID="string_392" HPOS="327" VPOS="2570" WIDTH="173" HEIGHT="36" WC="0.92" CONTENT="Mitbürgern"/><SP WIDTH="22" VPOS="2570" HPOS="500"/>
						<String ID="string_393" HPOS="522" VPOS="2579" WIDTH="30" HEIGHT="27" WC="0.93" CONTENT="zu"/><SP WIDTH="23" VPOS="2579" HPOS="552"/>
						<String ID="string_394" HPOS="575" VPOS="2569" WIDTH="139" HEIGHT="36" WC="0.92" CONTENT="empfehlen"/><SP WIDTH="22" VPOS="2569" HPOS="714"/>
						<String ID="string_395" HPOS="736" VPOS="2569" WIDTH="36" HEIGHT="35" WC="0.92" CONTENT="iſt."/><SP WIDTH="39" VPOS="2569" HPOS="772"/>
						<String ID="string_396" HPOS="811" VPOS="2568" WIDTH="86" HEIGHT="29" WC="0.92" CONTENT="Ueber"/>
					</TextLine>
					<TextLine ID="line_62" HPOS="111" VPOS="2607" WIDTH="785" HEIGHT="38">
						<String ID="string_397" HPOS="111" VPOS="2610" WIDTH="39" HEIGHT="28" WC="0.93" CONTENT="die"/><SP WIDTH="21" VPOS="2610" HPOS="150"/>
						<String ID="string_398" HPOS="171" VPOS="2608" WIDTH="156" HEIGHT="37" WC="0.90" CONTENT="Bedeutung"/><SP WIDTH="23" VPOS="2608" HPOS="327"/>
						<String ID="string_399" HPOS="350" VPOS="2609" WIDTH="42" HEIGHT="28" WC="0.92" CONTENT="der"/><SP WIDTH="22" VPOS="2609" HPOS="392"/>
						<String ID="string_400" HPOS="414" VPOS="2608" WIDTH="198" HEIGHT="36" WC="0.83" CONTENT="Stenographie"/><SP WIDTH="30" VPOS="2608" HPOS="612"/>
						<String ID="string_401" HPOS="642" VPOS="2607" WIDTH="65" HEIGHT="28" WC="0.92" CONTENT="wird"/><SP WIDTH="43" VPOS="2607" HPOS="707"/>
						<String ID="string_402" HPOS="750" VPOS="2611" WIDTH="51" HEIGHT="24" WC="0.90" CONTENT="uns"/><SP WIDTH="45" VPOS="2611" HPOS="801"/>
						<String ID="string_403" HPOS="846" VPOS="2611" WIDTH="50" HEIGHT="24" WC="0.91" CONTENT="aus"/>
					</TextLine>
					<TextLine ID="line_63" HPOS="112" VPOS="2644" WIDTH="785" HEIGHT="39">
						<String ID="string_404" HPOS="112" VPOS="2648" WIDTH="89" HEIGHT="35" WC="0.92" CONTENT="dieſem"/><SP WIDTH="23" VPOS="2648" HPOS="201"/>
						<String ID="string_405" HPOS="224" VPOS="2647" WIDTH="89" HEIGHT="34" WC="0.58" CONTENT="Anlaß"/><SP WIDTH="25" VPOS="2647" HPOS="313"/>
						<String ID="string_406" HPOS="338" VPOS="2653" WIDTH="51" HEIGHT="22" WC="0.58" CONTENT="von"/><SP WIDTH="31" VPOS="2653" HPOS="389"/>
						<String ID="string_407" HPOS="420" VPOS="2646" WIDTH="143" HEIGHT="37" WC="0.80" CONTENT="geſchätzter"/><SP WIDTH="42" VPOS="2646" HPOS="563"/>
						<String ID="string_408" HPOS="605" VPOS="2645" WIDTH="74" HEIGHT="29" WC="0.90" CONTENT="Seite"/><SP WIDTH="44" VPOS="2645" HPOS="679"/>
						<String ID="string_409" HPOS="723" VPOS="2644" WIDTH="174" HEIGHT="37" WC="0.92" CONTENT="geſchrieben:"/>
					</TextLine>
					<TextLine ID="line_64" HPOS="172" VPOS="2690" WIDTH="725" HEIGHT="39">
						<String ID="string_410" HPOS="172" VPOS="2693" WIDTH="115" HEIGHT="36" WC="0.80" CONTENT="„Kultur"/><SP WIDTH="15" VPOS="2693" HPOS="287"/>
						<String ID="string_411" HPOS="302" VPOS="2692" WIDTH="28" HEIGHT="35" WC="0.90" CONTENT="iſt"/><SP WIDTH="14" VPOS="2692" HPOS="330"/>
						<String ID="string_412" HPOS="344" VPOS="2692" WIDTH="37" HEIGHT="28" WC="0.92" CONTENT="die"/><SP WIDTH="13" VPOS="2692" HPOS="381"/>
						<String ID="string_413" HPOS="394" VPOS="2692" WIDTH="181" HEIGHT="36" WC="0.92" CONTENT="Ausbildung,"/><SP WIDTH="15" VPOS="2692" HPOS="575"/>
						<String ID="string_414" HPOS="590" VPOS="2691" WIDTH="42" HEIGHT="28" WC="0.93" CONTENT="der"/><SP WIDTH="12" VPOS="2691" HPOS="632"/>
						<String ID="string_415" HPOS="644" VPOS="2690" WIDTH="253" HEIGHT="36" WC="0.80" CONTENT="Ausbildungsvor—"/>
					</TextLine>
					<TextLine ID="line_65" HPOS="110" VPOS="2729" WIDTH="786" HEIGHT="40">
						<String ID="string_416" HPOS="110" VPOS="2741" WIDTH="70" HEIGHT="28" WC="0.92" CONTENT="gang"/><SP WIDTH="22" VPOS="2741" HPOS="180"/>
						<String ID="string_417" HPOS="202" VPOS="2731" WIDTH="70" HEIGHT="29" WC="0.93" CONTENT="eines"/><SP WIDTH="31" VPOS="2731" HPOS="272"/>
						<String ID="string_418" HPOS="303" VPOS="2730" WIDTH="145" HEIGHT="36" WC="0.92" CONTENT="Menſchen,"/><SP WIDTH="37" VPOS="2730" HPOS="448"/>
						<String ID="string_419" HPOS="485" VPOS="2730" WIDTH="70" HEIGHT="28" WC="0.85" CONTENT="eines"/><SP WIDTH="44" VPOS="2730" HPOS="555"/>
						<String ID="string_420" HPOS="599" VPOS="2729" WIDTH="107" HEIGHT="33" WC="0.90" CONTENT="Voltes,"/><SP WIDTH="42" VPOS="2729" HPOS="706"/>
						<String ID="string_421" HPOS="748" VPOS="2729" WIDTH="148" HEIGHT="35" WC="0.66" CONTENT="hinſichtlich"/>
					</TextLine>
					<TextLine ID="line_66" HPOS="112" VPOS="2767" WIDTH="784" HEIGHT="38">
						<String ID="string_422" HPOS="112" VPOS="2773" WIDTH="44" HEIGHT="25" WC="0.92" CONTENT="des"/><SP WIDTH="23" VPOS="2773" HPOS="156"/>
						<String ID="string_423" HPOS="179" VPOS="2769" WIDTH="112" HEIGHT="36" WC="0.92" CONTENT="Wiſſens"/><SP WIDTH="23" VPOS="2769" HPOS="291"/>
						<String ID="string_424" HPOS="314" VPOS="2769" WIDTH="51" HEIGHT="28" WC="0.93" CONTENT="und"/><SP WIDTH="23" VPOS="2769" HPOS="365"/>
						<String ID="string_425" HPOS="388" VPOS="2768" WIDTH="137" HEIGHT="34" WC="0.92" CONTENT="Könnens,"/><SP WIDTH="20" VPOS="2768" HPOS="525"/>
						<String ID="string_426" HPOS="545" VPOS="2769" WIDTH="43" HEIGHT="27" WC="0.92" CONTENT="der"/><SP WIDTH="17" VPOS="2769" HPOS="588"/>
						<String ID="string_427" HPOS="605" VPOS="2768" WIDTH="92" HEIGHT="28" WC="0.92" CONTENT="Sitten"/><SP WIDTH="21" VPOS="2768" HPOS="697"/>
						<String ID="string_428" HPOS="718" VPOS="2767" WIDTH="52" HEIGHT="28" WC="0.92" CONTENT="und"/><SP WIDTH="22" VPOS="2767" HPOS="770"/>
						<String ID="string_429" HPOS="792" VPOS="2767" WIDTH="104" HEIGHT="35" WC="0.93" CONTENT="Geſetze."/>
					</TextLine>
					<TextLine ID="line_67" HPOS="111" VPOS="2806" WIDTH="785" HEIGHT="36">
						<String ID="string_430" HPOS="111" VPOS="2808" WIDTH="50" HEIGHT="29" WC="0.92" CONTENT="Bei"/><SP WIDTH="23" VPOS="2808" HPOS="161"/>
						<String ID="string_431" HPOS="184" VPOS="2809" WIDTH="46" HEIGHT="28" WC="0.92" CONTENT="den"/><SP WIDTH="18" VPOS="2809" HPOS="230"/>
						<String ID="string_432" HPOS="248" VPOS="2807" WIDTH="141" HEIGHT="33" WC="0.42" CONTENT="Deutſchen"/><SP WIDTH="22" VPOS="2807" HPOS="389"/>
						<String ID="string_433" HPOS="411" VPOS="2807" WIDTH="55" HEIGHT="35" WC="0.92" CONTENT="ſind"/><SP WIDTH="32" VPOS="2807" HPOS="466"/>
						<String ID="string_434" HPOS="498" VPOS="2807" WIDTH="38" HEIGHT="27" WC="0.93" CONTENT="die"/><SP WIDTH="32" VPOS="2807" HPOS="536"/>
						<String ID="string_435" HPOS="568" VPOS="2806" WIDTH="241" HEIGHT="36" WC="0.92" CONTENT="Vorbedingungen"/><SP WIDTH="42" VPOS="2806" HPOS="809"/>
						<String ID="string_436" HPOS="851" VPOS="2814" WIDTH="45" HEIGHT="27" WC="0.92" CONTENT="zur"/>
					</TextLine>
					<TextLine ID="line_68" HPOS="110" VPOS="2844" WIDTH="786" HEIGHT="39">
						<String ID="string_437" HPOS="110" VPOS="2847" WIDTH="157" HEIGHT="36" WC="0.92" CONTENT="Erreichung"/><SP WIDTH="24" VPOS="2847" HPOS="267"/>
						<String ID="string_438" HPOS="291" VPOS="2846" WIDTH="67" HEIGHT="29" WC="0.92" CONTENT="einer"/><SP WIDTH="23" VPOS="2846" HPOS="358"/>
						<String ID="string_439" HPOS="381" VPOS="2846" WIDTH="81" HEIGHT="34" WC="0.91" CONTENT="hohen"/><SP WIDTH="41" VPOS="2846" HPOS="462"/>
						<String ID="string_440" HPOS="503" VPOS="2845" WIDTH="98" HEIGHT="28" WC="0.60" CONTENT="Kultur"/><SP WIDTH="41" VPOS="2845" HPOS="601"/>
						<String ID="string_441" HPOS="642" VPOS="2844" WIDTH="161" HEIGHT="33" WC="0.80" CONTENT="vorhanden."/><SP WIDTH="43" VPOS="2844" HPOS="803"/>
						<String ID="string_442" HPOS="846" VPOS="2844" WIDTH="50" HEIGHT="28" WC="0.93" CONTENT="Die"/>
					</TextLine>
					<TextLine ID="line_69" HPOS="110" VPOS="2882" WIDTH="786" HEIGHT="35">
						<String ID="string_443" HPOS="110" VPOS="2886" WIDTH="219" HEIGHT="28" WC="0.81" CONTENT="Grundelemente"/><SP WIDTH="22" VPOS="2886" HPOS="329"/>
						<String ID="string_444" HPOS="351" VPOS="2884" WIDTH="63" HEIGHT="28" WC="0.92" CONTENT="aller"/><SP WIDTH="37" VPOS="2884" HPOS="414"/>
						<String ID="string_445" HPOS="451" VPOS="2884" WIDTH="97" HEIGHT="28" WC="0.92" CONTENT="Kultur"/><SP WIDTH="39" VPOS="2884" HPOS="548"/>
						<String ID="string_446" HPOS="587" VPOS="2883" WIDTH="54" HEIGHT="34" WC="0.92" CONTENT="ſind"/><SP WIDTH="42" VPOS="2883" HPOS="641"/>
						<String ID="string_447" HPOS="683" VPOS="2882" WIDTH="119" HEIGHT="34" WC="0.92" CONTENT="Sprache"/><SP WIDTH="42" VPOS="2882" HPOS="802"/>
						<String ID="string_448" HPOS="844" VPOS="2882" WIDTH="52" HEIGHT="28" WC="0.92" CONTENT="und"/>
					</TextLine>
					<TextLine ID="line_70" HPOS="109" VPOS="2921" WIDTH="786" HEIGHT="38">
						<String ID="string_449" HPOS="109" VPOS="2924" WIDTH="111" HEIGHT="35" WC="0.93" CONTENT="Schrift,"/><SP WIDTH="24" VPOS="2924" HPOS="220"/>
						<String ID="string_450" HPOS="244" VPOS="2924" WIDTH="38" HEIGHT="28" WC="0.93" CONTENT="die"/><SP WIDTH="22" VPOS="2924" HPOS="282"/>
						<String ID="string_451" HPOS="304" VPOS="2924" WIDTH="44" HEIGHT="32" WC="0.93" CONTENT="ſich"/><SP WIDTH="24" VPOS="2924" HPOS="348"/>
						<String ID="string_452" HPOS="372" VPOS="2923" WIDTH="87" HEIGHT="28" WC="0.92" CONTENT="immer"/><SP WIDTH="22" VPOS="2923" HPOS="459"/>
						<String ID="string_453" HPOS="481" VPOS="2922" WIDTH="70" HEIGHT="36" WC="0.93" CONTENT="mehr"/><SP WIDTH="21" VPOS="2922" HPOS="551"/>
						<String ID="string_454" HPOS="572" VPOS="2921" WIDTH="151" HEIGHT="32" WC="0.92" CONTENT="entwickeln,"/><SP WIDTH="42" VPOS="2921" HPOS="723"/>
						<String ID="string_455" HPOS="765" VPOS="2922" WIDTH="20" HEIGHT="33" WC="0.92" CONTENT="je"/><SP WIDTH="41" VPOS="2922" HPOS="785"/>
						<String ID="string_456" HPOS="826" VPOS="2921" WIDTH="69" HEIGHT="36" WC="0.92" CONTENT="mehr"/>
					</TextLine>
					<TextLine ID="line_71" HPOS="109" VPOS="2959" WIDTH="786" HEIGHT="38">
						<String ID="string_457" HPOS="109" VPOS="2963" WIDTH="83" HEIGHT="33" WC="0.89" CONTENT="Kunſt"/><SP WIDTH="21" VPOS="2963" HPOS="192"/>
						<String ID="string_458" HPOS="213" VPOS="2962" WIDTH="52" HEIGHT="29" WC="0.93" CONTENT="und"/><SP WIDTH="23" VPOS="2962" HPOS="265"/>
						<String ID="string_459" HPOS="288" VPOS="2961" WIDTH="174" HEIGHT="36" WC="0.72" CONTENT="Wiſſenſchaft"/><SP WIDTH="22" VPOS="2961" HPOS="462"/>
						<String ID="string_460" HPOS="484" VPOS="2961" WIDTH="90" HEIGHT="36" WC="0.92" CONTENT="ſteigen"/><SP WIDTH="23" VPOS="2961" HPOS="574"/>
						<String ID="string_461" HPOS="597" VPOS="2961" WIDTH="52" HEIGHT="27" WC="0.93" CONTENT="und"/><SP WIDTH="22" VPOS="2961" HPOS="649"/>
						<String ID="string_462" HPOS="671" VPOS="2960" WIDTH="45" HEIGHT="32" WC="0.93" CONTENT="auf"/><SP WIDTH="26" VPOS="2960" HPOS="716"/>
						<String ID="string_463" HPOS="742" VPOS="2960" WIDTH="37" HEIGHT="27" WC="0.92" CONTENT="die"/><SP WIDTH="43" VPOS="2960" HPOS="779"/>
						<String ID="string_464" HPOS="822" VPOS="2959" WIDTH="73" HEIGHT="28" WC="0.85" CONTENT="wirt—"/>
					</TextLine>
					<TextLine ID="line_72" HPOS="110" VPOS="2997" WIDTH="783" HEIGHT="38">
						<String ID="string_465" HPOS="110" VPOS="3001" WIDTH="154" HEIGHT="34" WC="0.82" CONTENT="ſchaftlichen"/><SP WIDTH="23" VPOS="3001" HPOS="264"/>
						<String ID="string_466" HPOS="287" VPOS="3000" WIDTH="176" HEIGHT="35" WC="0.90" CONTENT="Verhältniſſe"/><SP WIDTH="24" VPOS="3000" HPOS="463"/>
						<String ID="string_467" HPOS="487" VPOS="2998" WIDTH="178" HEIGHT="35" WC="0.90" CONTENT="beeinfluſſend"/><SP WIDTH="23" VPOS="2998" HPOS="665"/>
						<String ID="string_468" HPOS="688" VPOS="2998" WIDTH="101" HEIGHT="29" WC="0.92" CONTENT="wirken."/><SP WIDTH="52" VPOS="2998" HPOS="789"/>
						<String ID="string_469" HPOS="841" VPOS="2997" WIDTH="52" HEIGHT="28" WC="0.93" CONTENT="Be—"/>
					</TextLine>
					<TextLine ID="line_73" HPOS="110" VPOS="3036" WIDTH="781" HEIGHT="36">
						<String ID="string_470" HPOS="110" VPOS="3046" WIDTH="48" HEIGHT="21" WC="0.93" CONTENT="vor"/><SP WIDTH="23" VPOS="3046" HPOS="158"/>
						<String ID="string_471" HPOS="181" VPOS="3039" WIDTH="49" HEIGHT="28" WC="0.93" CONTENT="das"/><SP WIDTH="22" VPOS="3039" HPOS="230"/>
						<String ID="string_472" HPOS="252" VPOS="3037" WIDTH="149" HEIGHT="35" WC="0.92" CONTENT="Bedürfnis"/><SP WIDTH="31" VPOS="3037" HPOS="401"/>
						<String ID="string_473" HPOS="432" VPOS="3039" WIDTH="67" HEIGHT="27" WC="0.93" CONTENT="einer"/><SP WIDTH="41" VPOS="3039" HPOS="499"/>
						<String ID="string_474" HPOS="540" VPOS="3037" WIDTH="138" HEIGHT="35" WC="0.89" CONTENT="ſichtbaren."/><SP WIDTH="42" VPOS="3037" HPOS="678"/>
						<String ID="string_475" HPOS="720" VPOS="3036" WIDTH="171" HEIGHT="36" WC="0.92" CONTENT="Darſtellung"/>
					</TextLine>
					<TextLine ID="line_74" HPOS="110" VPOS="3074" WIDTH="781" HEIGHT="36">
						<String ID="string_476" HPOS="110" VPOS="3078" WIDTH="43" HEIGHT="28" WC="0.93" CONTENT="der"/><SP WIDTH="22" VPOS="3078" HPOS="153"/>
						<String ID="string_477" HPOS="175" VPOS="3077" WIDTH="140" HEIGHT="28" WC="0.91" CONTENT="Gedanken"/><SP WIDTH="22" VPOS="3077" HPOS="315"/>
						<String ID="string_478" HPOS="337" VPOS="3076" WIDTH="125" HEIGHT="34" WC="0.92" CONTENT="entſtand,"/><SP WIDTH="21" VPOS="3076" HPOS="462"/>
						<String ID="string_479" HPOS="483" VPOS="3076" WIDTH="86" HEIGHT="34" WC="0.27" CONTENT="muß"/><SP WIDTH="24" VPOS="3076" HPOS="569"/>
						<String ID="string_480" HPOS="593" VPOS="3076" WIDTH="41" HEIGHT="27" WC="0.84" CONTENT="der"/><SP WIDTH="26" VPOS="3076" HPOS="634"/>
						<String ID="string_481" HPOS="660" VPOS="3074" WIDTH="103" HEIGHT="35" WC="0.92" CONTENT="Menſch"/><SP WIDTH="43" VPOS="3074" HPOS="763"/>
						<String ID="string_482" HPOS="806" VPOS="3074" WIDTH="85" HEIGHT="28" WC="0.91" CONTENT="Taten"/>
					</TextLine>
					<TextLine ID="line_75" HPOS="109" VPOS="3112" WIDTH="782" HEIGHT="38">
						<String ID="string_483" HPOS="109" VPOS="3116" WIDTH="44" HEIGHT="28" WC="0.92" CONTENT="des"/><SP WIDTH="23" VPOS="3116" HPOS="153"/>
						<String ID="string_484" HPOS="176" VPOS="3115" WIDTH="101" HEIGHT="35" WC="0.92" CONTENT="Geiſtes"/><SP WIDTH="23" VPOS="3115" HPOS="277"/>
						<String ID="string_485" HPOS="300" VPOS="3114" WIDTH="142" HEIGHT="32" WC="0.92" CONTENT="vollbracht"/><SP WIDTH="23" VPOS="3114" HPOS="442"/>
						<String ID="string_486" HPOS="465" VPOS="3114" WIDTH="91" HEIGHT="35" WC="0.92" CONTENT="haben,"/><SP WIDTH="25" VPOS="3114" HPOS="556"/>
						<String ID="string_487" HPOS="581" VPOS="3113" WIDTH="38" HEIGHT="29" WC="0.92" CONTENT="die"/><SP WIDTH="22" VPOS="3113" HPOS="619"/>
						<String ID="string_488" HPOS="641" VPOS="3119" WIDTH="62" HEIGHT="23" WC="0.92" CONTENT="wert"/><SP WIDTH="22" VPOS="3119" HPOS="703"/>
						<String ID="string_489" HPOS="725" VPOS="3120" WIDTH="88" HEIGHT="21" WC="0.92" CONTENT="waren"/><SP WIDTH="19" VPOS="3120" HPOS="813"/>
						<String ID="string_490" HPOS="832" VPOS="3112" WIDTH="59" HEIGHT="35" WC="0.50" CONTENT="ſpä—"/>
					</TextLine>
					<TextLine ID="line_76" HPOS="109" VPOS="3151" WIDTH="783" HEIGHT="39">
						<String ID="string_491" HPOS="109" VPOS="3161" WIDTH="67" HEIGHT="22" WC="0.91" CONTENT="teren"/><SP WIDTH="23" VPOS="3161" HPOS="176"/>
						<String ID="string_492" HPOS="199" VPOS="3153" WIDTH="186" HEIGHT="37" WC="0.92" CONTENT="Geſchlechtern"/><SP WIDTH="23" VPOS="3153" HPOS="385"/>
						<String ID="string_493" HPOS="408" VPOS="3153" WIDTH="61" HEIGHT="28" WC="0.93" CONTENT="oder"/><SP WIDTH="21" VPOS="3153" HPOS="469"/>
						<String ID="string_494" HPOS="490" VPOS="3152" WIDTH="284" HEIGHT="35" WC="0.89" CONTENT="Entferntwohnenden"/><SP WIDTH="26" VPOS="3152" HPOS="774"/>
						<String ID="string_495" HPOS="800" VPOS="3151" WIDTH="92" HEIGHT="36" WC="0.86" CONTENT="mitge⸗"/>
					</TextLine>
					<TextLine ID="line_77" HPOS="109" VPOS="3189" WIDTH="781" HEIGHT="40">
						<String ID="string_496" HPOS="109" VPOS="3193" WIDTH="52" HEIGHT="28" WC="0.44" CONTENT="teili"/><SP WIDTH="21" VPOS="3193" HPOS="161"/>
						<String ID="string_497" HPOS="182" VPOS="3202" WIDTH="31" HEIGHT="27" WC="0.92" CONTENT="zu"/><SP WIDTH="22" VPOS="3202" HPOS="213"/>
						<String ID="string_498" HPOS="235" VPOS="3192" WIDTH="109" HEIGHT="29" WC="0.92" CONTENT="werden."/><SP WIDTH="44" VPOS="3192" HPOS="344"/>
						<String ID="string_499" HPOS="388" VPOS="3191" WIDTH="50" HEIGHT="28" WC="0.92" CONTENT="Als"/><SP WIDTH="22" VPOS="3191" HPOS="438"/>
						<String ID="string_500" HPOS="460" VPOS="3192" WIDTH="59" HEIGHT="33" WC="0.92" CONTENT="erſte"/><SP WIDTH="22" VPOS="3192" HPOS="519"/>
						<String ID="string_501" HPOS="541" VPOS="3200" WIDTH="123" HEIGHT="28" WC="0.78" CONTENT="genauere"/><SP WIDTH="16" VPOS="3200" HPOS="664"/>
						<String ID="string_502" HPOS="680" VPOS="3189" WIDTH="119" HEIGHT="35" WC="0.87" CONTENT="ſichtbare"/><SP WIDTH="18" VPOS="3189" HPOS="799"/>
						<String ID="string_503" HPOS="817" VPOS="3189" WIDTH="73" HEIGHT="29" WC="0.44" CONTENT="Dar⸗"/>
					</TextLine>
					<TextLine ID="line_78" HPOS="109" VPOS="3228" WIDTH="781" HEIGHT="39">
						<String ID="string_504" HPOS="109" VPOS="3231" WIDTH="106" HEIGHT="36" WC="0.92" CONTENT="ſtellung"/><SP WIDTH="23" VPOS="3231" HPOS="215"/>
						<String ID="string_505" HPOS="238" VPOS="3231" WIDTH="29" HEIGHT="33" WC="0.91" CONTENT="ift"/><SP WIDTH="22" VPOS="3231" HPOS="267"/>
						<String ID="string_506" HPOS="289" VPOS="3231" WIDTH="38" HEIGHT="27" WC="0.93" CONTENT="die"/><SP WIDTH="22" VPOS="3231" HPOS="327"/>
						<String ID="string_507" HPOS="349" VPOS="3229" WIDTH="177" HEIGHT="36" WC="0.92" CONTENT="Bilderſchrift"/><SP WIDTH="23" VPOS="3229" HPOS="526"/>
						<String ID="string_508" HPOS="549" VPOS="3229" WIDTH="165" HEIGHT="36" WC="0.73" CONTENT="aufzufajſen,"/><SP WIDTH="42" VPOS="3229" HPOS="714"/>
						<String ID="string_509" HPOS="756" VPOS="3232" WIDTH="50" HEIGHT="24" WC="0.84" CONTENT="aus"/><SP WIDTH="42" VPOS="3232" HPOS="806"/>
						<String ID="string_510" HPOS="848" VPOS="3228" WIDTH="42" HEIGHT="28" WC="0.84" CONTENT="der"/>
					</TextLine>
					<TextLine ID="line_79" HPOS="110" VPOS="3267" WIDTH="778" HEIGHT="36">
						<String ID="string_511" HPOS="110" VPOS="3268" WIDTH="39" HEIGHT="28" WC="0.93" CONTENT="die"/><SP WIDTH="21" VPOS="3268" HPOS="149"/>
						<String ID="string_512" HPOS="170" VPOS="3269" WIDTH="80" HEIGHT="27" WC="0.88" CONTENT="Laut⸗"/><SP WIDTH="22" VPOS="3269" HPOS="250"/>
						<String ID="string_513" HPOS="272" VPOS="3269" WIDTH="52" HEIGHT="27" WC="0.92" CONTENT="und"/><SP WIDTH="23" VPOS="3269" HPOS="324"/>
						<String ID="string_514" HPOS="347" VPOS="3269" WIDTH="70" HEIGHT="27" WC="0.91" CONTENT="dann"/><SP WIDTH="30" VPOS="3269" HPOS="417"/>
						<String ID="string_515" HPOS="447" VPOS="3269" WIDTH="37" HEIGHT="27" WC="0.93" CONTENT="die"/><SP WIDTH="41" VPOS="3269" HPOS="484"/>
						<String ID="string_516" HPOS="525" VPOS="3268" WIDTH="155" HEIGHT="35" WC="0.88" CONTENT="Kurzſchrift"/><SP WIDTH="42" VPOS="3268" HPOS="680"/>
						<String ID="string_517" HPOS="722" VPOS="3267" WIDTH="166" HEIGHT="36" WC="0.91" CONTENT="hervorging."/>
					</TextLine>
					<TextLine ID="line_80" HPOS="109" VPOS="3305" WIDTH="780" HEIGHT="36">
						<String ID="string_518" HPOS="109" VPOS="3307" WIDTH="51" HEIGHT="28" WC="0.92" CONTENT="Die"/><SP WIDTH="23" VPOS="3307" HPOS="160"/>
						<String ID="string_519" HPOS="183" VPOS="3306" WIDTH="204" HEIGHT="35" WC="0.76" CONTENT="Lautſchrift,"/><SP WIDTH="-31" VPOS="3306" HPOS="387"/>
						<String ID="string_520" HPOS="356" VPOS="3301" WIDTH="53" HEIGHT="45" WC="0.76" CONTENT="die"/><SP WIDTH="-3" VPOS="3301" HPOS="409"/>
						<String ID="string_521" HPOS="406" VPOS="3306" WIDTH="64" HEIGHT="28" WC="0.77" CONTENT="beim"/><SP WIDTH="27" VPOS="3306" HPOS="470"/>
						<String ID="string_522" HPOS="497" VPOS="3306" WIDTH="123" HEIGHT="35" WC="0.33" CONTENT="Anuheben"/><SP WIDTH="20" VPOS="3306" HPOS="620"/>
						<String ID="string_523" HPOS="640" VPOS="3306" WIDTH="43" HEIGHT="28" WC="0.93" CONTENT="des"/><SP WIDTH="19" VPOS="3306" HPOS="683"/>
						<String ID="string_524" HPOS="702" VPOS="3305" WIDTH="187" HEIGHT="36" WC="0.92" CONTENT="Weltverkehrs"/>
					</TextLine>
					<TextLine ID="line_81" HPOS="108" VPOS="3343" WIDTH="781" HEIGHT="38">
						<String ID="string_525" HPOS="108" VPOS="3354" WIDTH="46" HEIGHT="27" WC="0.93" CONTENT="zur"/><SP WIDTH="21" VPOS="3354" HPOS="154"/>
						<String ID="string_526" HPOS="175" VPOS="3344" WIDTH="216" HEIGHT="36" WC="0.91" CONTENT="Verkehrsſchrift"/><SP WIDTH="22" VPOS="3344" HPOS="391"/>
						<String ID="string_527" HPOS="413" VPOS="3344" WIDTH="87" HEIGHT="27" WC="0.91" CONTENT="wurde"/><SP WIDTH="22" VPOS="3344" HPOS="500"/>
						<String ID="string_528" HPOS="522" VPOS="3343" WIDTH="52" HEIGHT="27" WC="0.92" CONTENT="und"/><SP WIDTH="27" VPOS="3343" HPOS="574"/>
						<String ID="string_529" HPOS="601" VPOS="3350" WIDTH="51" HEIGHT="21" WC="0.92" CONTENT="von"/><SP WIDTH="33" VPOS="3350" HPOS="652"/>
						<String ID="string_530" HPOS="685" VPOS="3344" WIDTH="105" HEIGHT="35" WC="0.92" CONTENT="großem"/><SP WIDTH="35" VPOS="3344" HPOS="790"/>
						<String ID="string_531" HPOS="825" VPOS="3343" WIDTH="64" HEIGHT="29" WC="0.90" CONTENT="Ein—"/>
					</TextLine>
					<TextLine ID="line_82" HPOS="108" VPOS="3381" WIDTH="782" HEIGHT="38">
						<String ID="string_532" HPOS="108" VPOS="3384" WIDTH="55" HEIGHT="35" WC="0.87" CONTENT="fluß"/><SP WIDTH="22" VPOS="3384" HPOS="163"/>
						<String ID="string_533" HPOS="185" VPOS="3384" WIDTH="47" HEIGHT="35" WC="0.93" CONTENT="auf"/><SP WIDTH="21" VPOS="3384" HPOS="232"/>
						<String ID="string_534" HPOS="253" VPOS="3383" WIDTH="38" HEIGHT="28" WC="0.93" CONTENT="die"/><SP WIDTH="22" VPOS="3383" HPOS="291"/>
						<String ID="string_535" HPOS="313" VPOS="3382" WIDTH="97" HEIGHT="29" WC="0.66" CONTENT="Kullur"/><SP WIDTH="22" VPOS="3382" HPOS="410"/>
						<String ID="string_536" HPOS="432" VPOS="3382" WIDTH="42" HEIGHT="28" WC="0.92" CONTENT="der"/><SP WIDTH="22" VPOS="3382" HPOS="474"/>
						<String ID="string_537" HPOS="496" VPOS="3381" WIDTH="76" HEIGHT="28" WC="0.90" CONTENT="Alten"/><SP WIDTH="31" VPOS="3381" HPOS="572"/>
						<String ID="string_538" HPOS="603" VPOS="3388" WIDTH="64" HEIGHT="27" WC="0.92" CONTENT="war,"/><SP WIDTH="43" VPOS="3388" HPOS="667"/>
						<String ID="string_539" HPOS="710" VPOS="3382" WIDTH="27" HEIGHT="33" WC="0.90" CONTENT="iſt"/><SP WIDTH="40" VPOS="3382" HPOS="737"/>
						<String ID="string_540" HPOS="777" VPOS="3382" WIDTH="113" HEIGHT="34" WC="0.91" CONTENT="unſerem"/>
					</TextLine>
					<TextLine ID="line_83" HPOS="108" VPOS="3419" WIDTH="780" HEIGHT="41">
						<String ID="string_541" HPOS="108" VPOS="3423" WIDTH="117" HEIGHT="37" WC="0.88" CONTENT="heutigen"/><SP WIDTH="23" VPOS="3423" HPOS="225"/>
						<String ID="string_542" HPOS="248" VPOS="3421" WIDTH="200" HEIGHT="37" WC="0.90" CONTENT="vielgeſtaltigen"/><SP WIDTH="22" VPOS="3421" HPOS="448"/>
						<String ID="string_543" HPOS="470" VPOS="3419" WIDTH="199" HEIGHT="35" WC="0.54" CONTENT="Verkehrsleben,"/><SP WIDTH="23" VPOS="3419" HPOS="669"/>
						<String ID="string_544" HPOS="692" VPOS="3429" WIDTH="56" HEIGHT="27" WC="0.38" CONTENT="zum"/><SP WIDTH="37" VPOS="3429" HPOS="748"/>
						<String ID="string_545" HPOS="785" VPOS="3420" WIDTH="103" HEIGHT="37" WC="0.62" CONTENT="Hemm?"/>
					</TextLine>
					<TextLine ID="line_84" HPOS="107" VPOS="3458" WIDTH="782" HEIGHT="40">
						<String ID="string_546" HPOS="107" VPOS="3461" WIDTH="236" HEIGHT="37" WC="0.12" CONTENT="ſchuhgeworden."/><SP WIDTH="41" VPOS="3461" HPOS="343"/>
						<String ID="string_547" HPOS="384" VPOS="3458" WIDTH="92" HEIGHT="35" WC="0.92" CONTENT="Wenn,"/><SP WIDTH="19" VPOS="3458" HPOS="476"/>
						<String ID="string_548" HPOS="495" VPOS="3459" WIDTH="46" HEIGHT="28" WC="0.92" CONTENT="wie"/><SP WIDTH="17" VPOS="3459" HPOS="541"/>
						<String ID="string_549" HPOS="558" VPOS="3458" WIDTH="37" HEIGHT="28" WC="0.84" CONTENT="bei"/><SP WIDTH="14" VPOS="3458" HPOS="595"/>
						<String ID="string_550" HPOS="609" VPOS="3458" WIDTH="179" HEIGHT="37" WC="0.48" CONTENT="Reichstags-"/><SP WIDTH="14" VPOS="3458" HPOS="788"/>
						<String ID="string_551" HPOS="802" VPOS="3458" WIDTH="87" HEIGHT="29" WC="0.48" CONTENT="Land—"/>
					</TextLine>
					<TextLine ID="line_85" HPOS="107" VPOS="3496" WIDTH="780" HEIGHT="40">
						<String ID="string_552" HPOS="107" VPOS="3497" WIDTH="453" HEIGHT="39" WC="0.14" CONTENT="tags⸗Gerichtsverhandlungen,"/><SP WIDTH="19" VPOS="3497" HPOS="560"/>
						<String ID="string_553" HPOS="579" VPOS="3496" WIDTH="166" HEIGHT="37" WC="0.32" CONTENT="Kougreſſen;"/><SP WIDTH="34" VPOS="3496" HPOS="745"/>
						<String ID="string_554" HPOS="779" VPOS="3497" WIDTH="108" HEIGHT="36" WC="0.79" CONTENT="behörd—"/>
					</TextLine>
					<TextLine ID="line_86" HPOS="108" VPOS="3535" WIDTH="780" HEIGHT="39">
						<String ID="string_555" HPOS="108" VPOS="3538" WIDTH="76" HEIGHT="34" WC="0.93" CONTENT="lichen"/><SP WIDTH="23" VPOS="3538" HPOS="184"/>
						<String ID="string_556" HPOS="207" VPOS="3537" WIDTH="51" HEIGHT="29" WC="0.91" CONTENT="und"/><SP WIDTH="23" VPOS="3537" HPOS="258"/>
						<String ID="string_557" HPOS="281" VPOS="3536" WIDTH="179" HEIGHT="38" WC="0.93" CONTENT="gewerblichen"/><SP WIDTH="23" VPOS="3536" HPOS="460"/>
						<String ID="string_558" HPOS="483" VPOS="3536" WIDTH="187" HEIGHT="35" WC="0.0" CONTENT="Dieuſtſtelleit,"/><SP WIDTH="21" VPOS="3536" HPOS="670"/>
						<String ID="string_559" HPOS="691" VPOS="3535" WIDTH="37" HEIGHT="28" WC="0.91" CONTENT="bei"/><SP WIDTH="18" VPOS="3535" HPOS="728"/>
						<String ID="string_560" HPOS="746" VPOS="3536" WIDTH="142" HEIGHT="36" WC="0.84" CONTENT="Telephon—"/>
					</TextLine>
					<TextLine ID="line_87" HPOS="107" VPOS="3569" WIDTH="781" HEIGHT="52">
						<String ID="string_561" HPOS="107" VPOS="3576" WIDTH="160" HEIGHT="38" WC="0.92" CONTENT="geſprächen,"/><SP WIDTH="23" VPOS="3576" HPOS="267"/>
						<String ID="string_562" HPOS="290" VPOS="3575" WIDTH="65" HEIGHT="29" WC="0.93" CONTENT="beim"/><SP WIDTH="5" VPOS="3575" HPOS="355"/>
						<String ID="string_563" HPOS="360" VPOS="3569" WIDTH="139" HEIGHT="52" WC="0.65" CONTENT="Forſcher."/><SP WIDTH="19" VPOS="3569" HPOS="499"/>
						<String ID="string_564" HPOS="518" VPOS="3574" WIDTH="62" HEIGHT="35" WC="0.90" CONTENT="uſw."/><SP WIDTH="32" VPOS="3574" HPOS="580"/>
						<String ID="string_565" HPOS="612" VPOS="3574" WIDTH="42" HEIGHT="28" WC="0.92" CONTENT="der"/><SP WIDTH="41" VPOS="3574" HPOS="654"/>
						<String ID="string_566" HPOS="695" VPOS="3574" WIDTH="120" HEIGHT="28" WC="0.47" CONTENT="Gedauke"/><SP WIDTH="40" VPOS="3574" HPOS="815"/>
						<String ID="string_567" HPOS="855" VPOS="3583" WIDTH="33" HEIGHT="19" WC="0.86" CONTENT="an"/>
					</TextLine>
					<TextLine ID="line_88" HPOS="107" VPOS="3612" WIDTH="782" HEIGHT="39">
						<String ID="string_568" HPOS="107" VPOS="3616" WIDTH="47" HEIGHT="28" WC="0.93" CONTENT="den"/><SP WIDTH="22" VPOS="3616" HPOS="154"/>
						<String ID="string_569" HPOS="176" VPOS="3614" WIDTH="135" HEIGHT="30" WC="0.88" CONTENT="Wortlaut"/><SP WIDTH="22" VPOS="3614" HPOS="311"/>
						<String ID="string_570" HPOS="333" VPOS="3613" WIDTH="133" HEIGHT="38" WC="0.46" CONTENT="gebunden"/><SP WIDTH="23" VPOS="3613" HPOS="466"/>
						<String ID="string_571" HPOS="489" VPOS="3614" WIDTH="26" HEIGHT="33" WC="0.41" CONTENT="ſt"/><SP WIDTH="24" VPOS="3614" HPOS="515"/>
						<String ID="string_572" HPOS="539" VPOS="3613" WIDTH="51" HEIGHT="28" WC="0.92" CONTENT="und"/><SP WIDTH="23" VPOS="3613" HPOS="590"/>
						<String ID="string_573" HPOS="613" VPOS="3612" WIDTH="37" HEIGHT="28" WC="0.93" CONTENT="die"/><SP WIDTH="23" VPOS="3612" HPOS="650"/>
						<String ID="string_574" HPOS="673" VPOS="3612" WIDTH="139" HEIGHT="33" WC="0.92" CONTENT="Umſtände"/><SP WIDTH="21" VPOS="3612" HPOS="812"/>
						<String ID="string_575" HPOS="833" VPOS="3612" WIDTH="56" HEIGHT="28" WC="0.91" CONTENT="Eile"/>
					</TextLine>
					<TextLine ID="line_89" HPOS="105" VPOS="3650" WIDTH="784" HEIGHT="42">
						<String ID="string_576" HPOS="105" VPOS="3654" WIDTH="123" HEIGHT="38" WC="0.92" CONTENT="gebieten,"/><SP WIDTH="24" VPOS="3654" HPOS="228"/>
						<String ID="string_577" HPOS="252" VPOS="3653" WIDTH="70" HEIGHT="29" WC="0.91" CONTENT="dann"/><SP WIDTH="22" VPOS="3653" HPOS="322"/>
						<String ID="string_578" HPOS="344" VPOS="3652" WIDTH="60" HEIGHT="34" WC="0.91" CONTENT="muß"/><SP WIDTH="23" VPOS="3652" HPOS="404"/>
						<String ID="string_579" HPOS="427" VPOS="3660" WIDTH="33" HEIGHT="20" WC="0.93" CONTENT="au"/><SP WIDTH="23" VPOS="3660" HPOS="460"/>
						<String ID="string_580" HPOS="483" VPOS="3651" WIDTH="86" HEIGHT="29" WC="0.92" CONTENT="Stelle"/><SP WIDTH="25" VPOS="3651" HPOS="569"/>
						<String ID="string_581" HPOS="594" VPOS="3651" WIDTH="43" HEIGHT="28" WC="0.93" CONTENT="der"/><SP WIDTH="20" VPOS="3651" HPOS="637"/>
						<String ID="string_582" HPOS="657" VPOS="3650" WIDTH="152" HEIGHT="36" WC="0.90" CONTENT="Lautſchrift"/><SP WIDTH="42" VPOS="3650" HPOS="809"/>
						<String ID="string_583" HPOS="851" VPOS="3651" WIDTH="38" HEIGHT="28" WC="0.90" CONTENT="die"/>
					</TextLine>
					<TextLine ID="line_90" HPOS="105" VPOS="3689" WIDTH="782" HEIGHT="40">
						<String ID="string_584" HPOS="105" VPOS="3692" WIDTH="157" HEIGHT="37" WC="0.90" CONTENT="Kurzſchrift"/><SP WIDTH="22" VPOS="3692" HPOS="262"/>
						<String ID="string_585" HPOS="284" VPOS="3696" WIDTH="87" HEIGHT="29" WC="0.90" CONTENT="treten,"/><SP WIDTH="24" VPOS="3696" HPOS="371"/>
						<String ID="string_586" HPOS="395" VPOS="3691" WIDTH="32" HEIGHT="28" WC="0.93" CONTENT="da"/><SP WIDTH="22" VPOS="3691" HPOS="427"/>
						<String ID="string_587" HPOS="449" VPOS="3690" WIDTH="65" HEIGHT="36" WC="0.91" CONTENT="ſonſt"/><SP WIDTH="23" VPOS="3690" HPOS="514"/>
						<String ID="string_588" HPOS="537" VPOS="3690" WIDTH="77" HEIGHT="34" WC="0.90" CONTENT="Kraft"/><SP WIDTH="25" VPOS="3690" HPOS="614"/>
						<String ID="string_589" HPOS="639" VPOS="3690" WIDTH="52" HEIGHT="28" WC="0.92" CONTENT="und"/><SP WIDTH="41" VPOS="3690" HPOS="691"/>
						<String ID="string_590" HPOS="732" VPOS="3689" WIDTH="60" HEIGHT="37" WC="0.73" CONTENT="Zeit,"/><SP WIDTH="41" VPOS="3689" HPOS="792"/>
						<String ID="string_591" HPOS="833" VPOS="3696" WIDTH="54" HEIGHT="22" WC="0.90" CONTENT="ver—"/>
					</TextLine>
					<TextLine ID="line_91" HPOS="106" VPOS="3728" WIDTH="782" HEIGHT="40">
						<String ID="string_592" HPOS="106" VPOS="3732" WIDTH="90" HEIGHT="36" WC="0.90" CONTENT="geudet"/><SP WIDTH="21" VPOS="3732" HPOS="196"/>
						<String ID="string_593" HPOS="217" VPOS="3731" WIDTH="75" HEIGHT="29" WC="0.93" CONTENT="wird."/><SP WIDTH="43" VPOS="3731" HPOS="292"/>
						<String ID="string_594" HPOS="335" VPOS="3730" WIDTH="71" HEIGHT="35" WC="0.92" CONTENT="Noch"/><SP WIDTH="21" VPOS="3730" HPOS="406"/>
						<String ID="string_595" HPOS="427" VPOS="3736" WIDTH="47" HEIGHT="23" WC="0.92" CONTENT="vor"/><SP WIDTH="22" VPOS="3736" HPOS="474"/>
						<String ID="string_596" HPOS="496" VPOS="3734" WIDTH="51" HEIGHT="24" WC="0.85" CONTENT="100"/><SP WIDTH="17" VPOS="3734" HPOS="547"/>
						<String ID="string_597" HPOS="564" VPOS="3728" WIDTH="105" HEIGHT="34" WC="0.92" CONTENT="Jahren"/><SP WIDTH="19" VPOS="3728" HPOS="669"/>
						<String ID="string_598" HPOS="688" VPOS="3735" WIDTH="86" HEIGHT="21" WC="0.91" CONTENT="waren"/><SP WIDTH="18" VPOS="3735" HPOS="774"/>
						<String ID="string_599" HPOS="792" VPOS="3728" WIDTH="96" HEIGHT="33" WC="0.85" CONTENT="Schul—"/>
					</TextLine>
					<TextLine ID="line_92" HPOS="105" VPOS="3766" WIDTH="783" HEIGHT="36">
						<String ID="string_600" HPOS="105" VPOS="3770" WIDTH="119" HEIGHT="29" WC="0.68" CONTENT="mädchen"/><SP WIDTH="22" VPOS="3770" HPOS="224"/>
						<String ID="string_601" HPOS="246" VPOS="3776" WIDTH="60" HEIGHT="22" WC="0.91" CONTENT="vom"/><SP WIDTH="17" VPOS="3776" HPOS="306"/>
						<String ID="string_602" HPOS="323" VPOS="3768" WIDTH="234" HEIGHT="34" WC="0.92" CONTENT="Schreibuntericht"/><SP WIDTH="24" VPOS="3768" HPOS="557"/>
						<String ID="string_603" HPOS="581" VPOS="3768" WIDTH="94" HEIGHT="32" WC="0.92" CONTENT="befreit."/><SP WIDTH="51" VPOS="3768" HPOS="675"/>
						<String ID="string_604" HPOS="726" VPOS="3766" WIDTH="83" HEIGHT="29" WC="0.91" CONTENT="Wenn"/><SP WIDTH="42" VPOS="3766" HPOS="809"/>
						<String ID="string_605" HPOS="851" VPOS="3767" WIDTH="37" HEIGHT="27" WC="0.91" CONTENT="die"/>
					</TextLine>
					<TextLine ID="line_93" HPOS="105" VPOS="3806" WIDTH="782" HEIGHT="37">
						<String ID="string_606" HPOS="105" VPOS="3808" WIDTH="103" HEIGHT="34" WC="0.92" CONTENT="Schrift"/><SP WIDTH="22" VPOS="3808" HPOS="208"/>
						<String ID="string_607" HPOS="230" VPOS="3807" WIDTH="147" HEIGHT="35" WC="0.92" CONTENT="überhaupt"/><SP WIDTH="21" VPOS="3807" HPOS="377"/>
						<String ID="string_608" HPOS="398" VPOS="3813" WIDTH="52" HEIGHT="22" WC="0.92" CONTENT="von"/><SP WIDTH="23" VPOS="3813" HPOS="450"/>
						<String ID="string_609" HPOS="473" VPOS="3807" WIDTH="78" HEIGHT="36" WC="0.90" CONTENT="hoher"/><SP WIDTH="19" VPOS="3807" HPOS="551"/>
						<String ID="string_610" HPOS="570" VPOS="3807" WIDTH="144" HEIGHT="27" WC="0.87" CONTENT="kultureller"/><SP WIDTH="18" VPOS="3807" HPOS="714"/>
						<String ID="string_611" HPOS="732" VPOS="3806" WIDTH="155" HEIGHT="35" WC="0.92" CONTENT="Bedeutung"/>
					</TextLine>
					<TextLine ID="line_94" HPOS="104" VPOS="3843" WIDTH="784" HEIGHT="39">
						<String ID="string_612" HPOS="104" VPOS="3848" WIDTH="38" HEIGHT="34" WC="0.93" CONTENT="iſt,"/><SP WIDTH="23" VPOS="3848" HPOS="142"/>
						<String ID="string_613" HPOS="165" VPOS="3846" WIDTH="26" HEIGHT="36" WC="0.93" CONTENT="ſo"/><SP WIDTH="22" VPOS="3846" HPOS="191"/>
						<String ID="string_614" HPOS="213" VPOS="3846" WIDTH="62" HEIGHT="34" WC="0.92" CONTENT="muß"/><SP WIDTH="22" VPOS="3846" HPOS="275"/>
						<String ID="string_615" HPOS="297" VPOS="3845" WIDTH="55" HEIGHT="29" WC="0.92" CONTENT="dies"/><SP WIDTH="22" VPOS="3845" HPOS="352"/>
						<String ID="string_616" HPOS="374" VPOS="3846" WIDTH="46" HEIGHT="33" WC="0.50" CONTENT="erſt"/><SP WIDTH="41" VPOS="3846" HPOS="420"/>
						<String ID="string_617" HPOS="461" VPOS="3845" WIDTH="63" HEIGHT="33" WC="0.92" CONTENT="recht"/><SP WIDTH="41" VPOS="3845" HPOS="524"/>
						<String ID="string_618" HPOS="565" VPOS="3845" WIDTH="39" HEIGHT="27" WC="0.92" CONTENT="die"/><SP WIDTH="40" VPOS="3845" HPOS="604"/>
						<String ID="string_619" HPOS="644" VPOS="3843" WIDTH="165" HEIGHT="37" WC="0.91" CONTENT="Kurzſchrift,"/><SP WIDTH="42" VPOS="3843" HPOS="809"/>
						<String ID="string_620" HPOS="851" VPOS="3844" WIDTH="37" HEIGHT="28" WC="0.93" CONTENT="die"/>
					</TextLine>
					<TextLine ID="line_95" HPOS="104" VPOS="3882" WIDTH="784" HEIGHT="38">
						<String ID="string_621" HPOS="104" VPOS="3885" WIDTH="102" HEIGHT="35" WC="0.92" CONTENT="Schrift"/><SP WIDTH="22" VPOS="3885" HPOS="206"/>
						<String ID="string_622" HPOS="228" VPOS="3885" WIDTH="26" HEIGHT="28" WC="0.92" CONTENT="in"/><SP WIDTH="24" VPOS="3885" HPOS="254"/>
						<String ID="string_623" HPOS="278" VPOS="3884" WIDTH="68" HEIGHT="36" WC="0.92" CONTENT="ihrer"/><SP WIDTH="20" VPOS="3884" HPOS="346"/>
						<String ID="string_624" HPOS="366" VPOS="3883" WIDTH="172" HEIGHT="37" WC="0.92" CONTENT="zeitgemäßen"/><SP WIDTH="23" VPOS="3883" HPOS="538"/>
						<String ID="string_625" HPOS="561" VPOS="3882" WIDTH="168" HEIGHT="37" WC="0.91" CONTENT="Vollendung"/><SP WIDTH="24" VPOS="3882" HPOS="729"/>
						<String ID="string_626" HPOS="753" VPOS="3882" WIDTH="59" HEIGHT="36" WC="0.92" CONTENT="ſein,"/><SP WIDTH="39" VPOS="3882" HPOS="812"/>
						<String ID="string_627" HPOS="851" VPOS="3882" WIDTH="37" HEIGHT="28" WC="0.93" CONTENT="die"/>
					</TextLine>
					<TextLine ID="line_96" HPOS="104" VPOS="3920" WIDTH="784" HEIGHT="37">
						<String ID="string_628" HPOS="104" VPOS="3934" WIDTH="49" HEIGHT="20" WC="0.92" CONTENT="nur"/><SP WIDTH="24" VPOS="3934" HPOS="153"/>
						<String ID="string_629" HPOS="177" VPOS="3925" WIDTH="45" HEIGHT="28" WC="0.91" CONTENT="den"/><SP WIDTH="19" VPOS="3925" HPOS="222"/>
						<String ID="string_630" HPOS="241" VPOS="3928" WIDTH="23" HEIGHT="24" WC="0.91" CONTENT="5."/><SP WIDTH="25" VPOS="3928" HPOS="264"/>
						<String ID="string_631" HPOS="289" VPOS="3923" WIDTH="61" HEIGHT="29" WC="0.88" CONTENT="oder"/><SP WIDTH="21" VPOS="3923" HPOS="350"/>
						<String ID="string_632" HPOS="371" VPOS="3926" WIDTH="24" HEIGHT="25" WC="0.93" CONTENT="6."/><SP WIDTH="23" VPOS="3926" HPOS="395"/>
						<String ID="string_633" HPOS="418" VPOS="3921" WIDTH="60" HEIGHT="29" WC="0.93" CONTENT="Teil"/><SP WIDTH="22" VPOS="3921" HPOS="478"/>
						<String ID="string_634" HPOS="500" VPOS="3921" WIDTH="42" HEIGHT="28" WC="0.92" CONTENT="der"/><SP WIDTH="21" VPOS="3921" HPOS="542"/>
						<String ID="string_635" HPOS="563" VPOS="3921" WIDTH="59" HEIGHT="36" WC="0.93" CONTENT="Zeit"/><SP WIDTH="29" VPOS="3921" HPOS="622"/>
						<String ID="string_636" HPOS="651" VPOS="3921" WIDTH="42" HEIGHT="28" WC="0.93" CONTENT="der"/><SP WIDTH="31" VPOS="3921" HPOS="693"/>
						<String ID="string_637" HPOS="724" VPOS="3920" WIDTH="164" HEIGHT="37" WC="0.91" CONTENT="Schriftzüge"/>
					</TextLine>
					<TextLine ID="line_97" HPOS="104" VPOS="3959" WIDTH="784" HEIGHT="42">
						<String ID="string_638" HPOS="104" VPOS="3965" WIDTH="43" HEIGHT="28" WC="0.92" CONTENT="der"/><SP WIDTH="22" VPOS="3965" HPOS="147"/>
						<String ID="string_639" HPOS="169" VPOS="3962" WIDTH="191" HEIGHT="39" WC="0.93" CONTENT="gewöhnlichen"/><SP WIDTH="22" VPOS="3962" HPOS="360"/>
						<String ID="string_640" HPOS="382" VPOS="3960" WIDTH="101" HEIGHT="35" WC="0.92" CONTENT="Schrift"/><SP WIDTH="18" VPOS="3960" HPOS="483"/>
						<String ID="string_641" HPOS="501" VPOS="3960" WIDTH="25" HEIGHT="28" WC="0.93" CONTENT="in"/><SP WIDTH="19" VPOS="3960" HPOS="526"/>
						<String ID="string_642" HPOS="545" VPOS="3959" WIDTH="132" HEIGHT="35" WC="0.70" CONTENT="Anſpruch"/><SP WIDTH="19" VPOS="3959" HPOS="677"/>
						<String ID="string_643" HPOS="696" VPOS="3960" WIDTH="99" HEIGHT="28" WC="0.53" CONTENT="nimmt."/><SP WIDTH="5" VPOS="3960" HPOS="795"/>
						<String ID="string_644" HPOS="800" VPOS="3955" WIDTH="25" HEIGHT="50" WC="0.53" CONTENT="."/><SP WIDTH="12" VPOS="3955" HPOS="825"/>
						<String ID="string_645" HPOS="837" VPOS="3959" WIDTH="51" HEIGHT="28" WC="0.90" CONTENT="Die"/>
					</TextLine>
					<TextLine ID="line_98" HPOS="103" VPOS="3997" WIDTH="785" HEIGHT="42">
						<String ID="string_646" HPOS="103" VPOS="4002" WIDTH="159" HEIGHT="37" WC="0.80" CONTENT="Kurzſchrift"/><SP WIDTH="22" VPOS="4002" HPOS="262"/>
						<String ID="string_647" HPOS="284" VPOS="4002" WIDTH="28" HEIGHT="34" WC="0.22" CONTENT="iſt"/><SP WIDTH="22" VPOS="4002" HPOS="312"/>
						<String ID="string_648" HPOS="334" VPOS="4001" WIDTH="64" HEIGHT="34" WC="0.45" CONTENT="nicht"/><SP WIDTH="21" VPOS="4001" HPOS="398"/>
						<String ID="string_649" HPOS="419" VPOS="4000" WIDTH="71" HEIGHT="36" WC="0.86" CONTENT="mehr"/><SP WIDTH="22" VPOS="4000" HPOS="490"/>
						<String ID="string_650" HPOS="512" VPOS="3998" WIDTH="40" HEIGHT="29" WC="0.74" CONTENT="ein"/><SP WIDTH="22" VPOS="3998" HPOS="552"/>
						<String ID="string_651" HPOS="574" VPOS="3998" WIDTH="146" HEIGHT="37" WC="0.74" CONTENT="Hindernis"/><SP WIDTH="23" VPOS="3998" HPOS="720"/>
						<String ID="string_652" HPOS="743" VPOS="3998" WIDTH="44" HEIGHT="28" WC="0.92" CONTENT="des"/><SP WIDTH="24" VPOS="3998" HPOS="787"/>
						<String ID="string_653" HPOS="811" VPOS="3997" WIDTH="77" HEIGHT="37" WC="0.89" CONTENT="ſchaf—"/>
					</TextLine>
					<TextLine ID="line_99" HPOS="103" VPOS="4036" WIDTH="785" HEIGHT="40">
						<String ID="string_654" HPOS="103" VPOS="4041" WIDTH="91" HEIGHT="34" WC="0.65" CONTENT="fenden"/><SP WIDTH="22" VPOS="4041" HPOS="194"/>
						<String ID="string_655" HPOS="216" VPOS="4041" WIDTH="111" HEIGHT="35" WC="0.65" CONTENT="Geiſtes."/><SP WIDTH="42" VPOS="4041" HPOS="327"/>
						<String ID="string_656" HPOS="369" VPOS="4039" WIDTH="87" HEIGHT="35" WC="0.83" CONTENT="Durch"/><SP WIDTH="23" VPOS="4039" HPOS="456"/>
						<String ID="string_657" HPOS="479" VPOS="4037" WIDTH="39" HEIGHT="28" WC="0.83" CONTENT="die"/><SP WIDTH="22" VPOS="4037" HPOS="518"/>
						<String ID="string_658" HPOS="540" VPOS="4037" WIDTH="173" HEIGHT="36" WC="0.92" CONTENT="Anwendung"/><SP WIDTH="26" VPOS="4037" HPOS="713"/>
						<String ID="string_659" HPOS="739" VPOS="4037" WIDTH="43" HEIGHT="27" WC="0.91" CONTENT="der"/><SP WIDTH="41" VPOS="4037" HPOS="782"/>
						<String ID="string_660" HPOS="823" VPOS="4036" WIDTH="65" HEIGHT="29" WC="0.91" CONTENT="Ste—"/>
					</TextLine>
					<TextLine ID="line_100" HPOS="104" VPOS="4075" WIDTH="784" HEIGHT="40">
						<String ID="string_661" HPOS="104" VPOS="4080" WIDTH="155" HEIGHT="35" WC="0.91" CONTENT="nographie,"/><SP WIDTH="22" VPOS="4080" HPOS="259"/>
						<String ID="string_662" HPOS="281" VPOS="4080" WIDTH="38" HEIGHT="28" WC="0.92" CONTENT="die"/><SP WIDTH="16" VPOS="4080" HPOS="319"/>
						<String ID="string_663" HPOS="335" VPOS="4079" WIDTH="46" HEIGHT="29" WC="0.93" CONTENT="mit"/><SP WIDTH="23" VPOS="4079" HPOS="381"/>
						<String ID="string_664" HPOS="404" VPOS="4078" WIDTH="45" HEIGHT="28" WC="0.93" CONTENT="den"/><SP WIDTH="23" VPOS="4078" HPOS="449"/>
						<String ID="string_665" HPOS="472" VPOS="4076" WIDTH="150" HEIGHT="37" WC="0.87" CONTENT="einfachften"/><SP WIDTH="13" VPOS="4076" HPOS="622"/>
						<String ID="string_666" HPOS="635" VPOS="4075" WIDTH="105" HEIGHT="37" WC="0.93" CONTENT="Zeichen"/><SP WIDTH="23" VPOS="4075" HPOS="740"/>
						<String ID="string_667" HPOS="763" VPOS="4076" WIDTH="45" HEIGHT="34" WC="0.92" CONTENT="auf"/><SP WIDTH="20" VPOS="4076" HPOS="808"/>
						<String ID="string_668" HPOS="828" VPOS="4084" WIDTH="60" HEIGHT="28" WC="0.81" CONTENT="eng—"/>
					</TextLine>
					<TextLine ID="line_101" HPOS="104" VPOS="4114" WIDTH="783" HEIGHT="42">
						<String ID="string_669" HPOS="104" VPOS="4118" WIDTH="58" HEIGHT="34" WC="0.88" CONTENT="ſtem"/><SP WIDTH="21" VPOS="4118" HPOS="162"/>
						<String ID="string_670" HPOS="183" VPOS="4116" WIDTH="102" HEIGHT="30" WC="0.81" CONTENT="Raͤume"/><SP WIDTH="22" VPOS="4116" HPOS="285"/>
						<String ID="string_671" HPOS="307" VPOS="4118" WIDTH="25" HEIGHT="28" WC="0.91" CONTENT="in"/><SP WIDTH="31" VPOS="4118" HPOS="332"/>
						<String ID="string_672" HPOS="363" VPOS="4117" WIDTH="118" HEIGHT="37" WC="0.91" CONTENT="kürzeſter"/><SP WIDTH="28" VPOS="4117" HPOS="481"/>
						<String ID="string_673" HPOS="509" VPOS="4115" WIDTH="59" HEIGHT="37" WC="0.71" CONTENT="Zeit,"/><SP WIDTH="42" VPOS="4115" HPOS="568"/>
						<String ID="string_674" HPOS="610" VPOS="4115" WIDTH="46" HEIGHT="28" WC="0.92" CONTENT="den"/><SP WIDTH="23" VPOS="4115" HPOS="656"/>
						<String ID="string_675" HPOS="679" VPOS="4114" WIDTH="139" HEIGHT="42" WC="0.86" CONTENT="Gedauken"/><SP WIDTH="40" VPOS="4114" HPOS="818"/>
						<String ID="string_676" HPOS="858" VPOS="4123" WIDTH="29" HEIGHT="27" WC="0.92" CONTENT="zu"/>
					</TextLine>
					<TextLine ID="line_102" HPOS="104" VPOS="4152" WIDTH="784" HEIGHT="41">
						<String ID="string_677" HPOS="104" VPOS="4156" WIDTH="103" HEIGHT="35" WC="0.93" CONTENT="fixieren"/><SP WIDTH="17" VPOS="4156" HPOS="207"/>
						<String ID="string_678" HPOS="224" VPOS="4162" WIDTH="116" HEIGHT="31" WC="0.92" CONTENT="vermag,"/><SP WIDTH="18" VPOS="4162" HPOS="340"/>
						<String ID="string_679" HPOS="358" VPOS="4156" WIDTH="100" HEIGHT="29" WC="0.93" CONTENT="werden"/><SP WIDTH="18" VPOS="4156" HPOS="458"/>
						<String ID="string_680" HPOS="476" VPOS="4155" WIDTH="60" HEIGHT="37" WC="0.57" CONTENT="Zelt"/><SP WIDTH="16" VPOS="4155" HPOS="536"/>
						<String ID="string_681" HPOS="552" VPOS="4154" WIDTH="52" HEIGHT="29" WC="0.93" CONTENT="und"/><SP WIDTH="18" VPOS="4154" HPOS="604"/>
						<String ID="string_682" HPOS="622" VPOS="4153" WIDTH="78" HEIGHT="34" WC="0.92" CONTENT="Kraft"/><SP WIDTH="18" VPOS="4153" HPOS="700"/>
						<String ID="string_683" HPOS="718" VPOS="4156" WIDTH="100" HEIGHT="31" WC="0.71" CONTENT="erſpart"/><SP WIDTH="18" VPOS="4156" HPOS="818"/>
						<String ID="string_684" HPOS="836" VPOS="4152" WIDTH="52" HEIGHT="29" WC="0.92" CONTENT="und"/>
					</TextLine>
					<TextLine ID="line_103" HPOS="103" VPOS="4191" WIDTH="785" HEIGHT="41">
						<String ID="string_685" HPOS="103" VPOS="4194" WIDTH="75" HEIGHT="38" WC="0.90" CONTENT="ſomit"/><SP WIDTH="13" VPOS="4194" HPOS="178"/>
						<String ID="string_686" HPOS="191" VPOS="4194" WIDTH="69" HEIGHT="28" WC="0.92" CONTENT="Geld"/><SP WIDTH="13" VPOS="4194" HPOS="260"/>
						<String ID="string_687" HPOS="273" VPOS="4200" WIDTH="149" HEIGHT="31" WC="0.79" CONTENT="gewonnen."/><SP WIDTH="30" VPOS="4200" HPOS="422"/>
						<String ID="string_688" HPOS="452" VPOS="4195" WIDTH="91" HEIGHT="34" WC="0.59" CONTENT="Daher"/><SP WIDTH="14" VPOS="4195" HPOS="543"/>
						<String ID="string_689" HPOS="557" VPOS="4194" WIDTH="44" HEIGHT="36" WC="0.92" CONTENT="hat"/><SP WIDTH="13" VPOS="4194" HPOS="601"/>
						<String ID="string_690" HPOS="614" VPOS="4193" WIDTH="58" HEIGHT="34" WC="0.92" CONTENT="auch"/><SP WIDTH="13" VPOS="4193" HPOS="672"/>
						<String ID="string_691" HPOS="685" VPOS="4192" WIDTH="37" HEIGHT="28" WC="0.92" CONTENT="die"/><SP WIDTH="14" VPOS="4192" HPOS="722"/>
						<String ID="string_692" HPOS="736" VPOS="4191" WIDTH="152" HEIGHT="37" WC="0.71" CONTENT="Stenogra⸗"/>
					</TextLine>
					<TextLine ID="line_104" HPOS="101" VPOS="4231" WIDTH="787" HEIGHT="41">
						<String ID="string_693" HPOS="101" VPOS="4234" WIDTH="60" HEIGHT="38" WC="0.91" CONTENT="phie"/><SP WIDTH="23" VPOS="4234" HPOS="161"/>
						<String ID="string_694" HPOS="184" VPOS="4233" WIDTH="26" HEIGHT="29" WC="0.93" CONTENT="in"/><SP WIDTH="22" VPOS="4233" HPOS="210"/>
						<String ID="string_695" HPOS="232" VPOS="4232" WIDTH="44" HEIGHT="29" WC="0.92" CONTENT="der"/><SP WIDTH="21" VPOS="4232" HPOS="276"/>
						<String ID="string_696" HPOS="297" VPOS="4232" WIDTH="174" HEIGHT="34" WC="0.92" CONTENT="ſchreibenden"/><SP WIDTH="22" VPOS="4232" HPOS="471"/>
						<String ID="string_697" HPOS="493" VPOS="4233" WIDTH="67" HEIGHT="29" WC="0.91" CONTENT="Welt"/><SP WIDTH="22" VPOS="4233" HPOS="560"/>
						<String ID="string_698" HPOS="582" VPOS="4232" WIDTH="103" HEIGHT="35" WC="0.91" CONTENT="vielfach"/><SP WIDTH="19" VPOS="4232" HPOS="685"/>
						<String ID="string_699" HPOS="704" VPOS="4231" WIDTH="124" HEIGHT="37" WC="0.93" CONTENT="Eingang"/><SP WIDTH="19" VPOS="4231" HPOS="828"/>
						<String ID="string_700" HPOS="847" VPOS="4238" WIDTH="41" HEIGHT="28" WC="0.93" CONTENT="ge—"/>
					</TextLine>
					<TextLine ID="line_105" HPOS="102" VPOS="4268" WIDTH="785" HEIGHT="41">
						<String ID="string_701" HPOS="102" VPOS="4273" WIDTH="105" HEIGHT="36" WC="0.49" CONTENT="fuͤnden,"/><SP WIDTH="23" VPOS="4273" HPOS="207"/>
						<String ID="string_702" HPOS="230" VPOS="4275" WIDTH="29" HEIGHT="25" WC="0.93" CONTENT="es"/><SP WIDTH="22" VPOS="4275" HPOS="259"/>
						<String ID="string_703" HPOS="281" VPOS="4271" WIDTH="55" HEIGHT="38" WC="0.81" CONTENT="gibt"/><SP WIDTH="23" VPOS="4271" HPOS="336"/>
						<String ID="string_704" HPOS="359" VPOS="4271" WIDTH="51" HEIGHT="28" WC="0.83" CONTENT="kein"/><SP WIDTH="21" VPOS="4271" HPOS="410"/>
						<String ID="string_705" HPOS="431" VPOS="4271" WIDTH="94" HEIGHT="29" WC="0.92" CONTENT="Gebiet"/><SP WIDTH="26" VPOS="4271" HPOS="525"/>
						<String ID="string_706" HPOS="551" VPOS="4272" WIDTH="44" HEIGHT="28" WC="0.93" CONTENT="des"/><SP WIDTH="32" VPOS="4272" HPOS="595"/>
						<String ID="string_707" HPOS="627" VPOS="4270" WIDTH="110" HEIGHT="38" WC="0.83" CONTENT="fozialen"/><SP WIDTH="42" VPOS="4270" HPOS="737"/>
						<String ID="string_708" HPOS="779" VPOS="4268" WIDTH="108" HEIGHT="34" WC="0.84" CONTENT="Lebens,"/>
					</TextLine>
					<TextLine ID="line_106" HPOS="102" VPOS="4307" WIDTH="786" HEIGHT="42">
						<String ID="string_709" HPOS="102" VPOS="4319" WIDTH="42" HEIGHT="23" WC="0.92" CONTENT="wo"/><SP WIDTH="22" VPOS="4319" HPOS="144"/>
						<String ID="string_710" HPOS="166" VPOS="4312" WIDTH="31" HEIGHT="37" WC="0.92" CONTENT="ſie"/><SP WIDTH="23" VPOS="4312" HPOS="197"/>
						<String ID="string_711" HPOS="220" VPOS="4311" WIDTH="44" HEIGHT="37" WC="0.92" CONTENT="ſich"/><SP WIDTH="23" VPOS="4311" HPOS="264"/>
						<String ID="string_712" HPOS="287" VPOS="4310" WIDTH="65" HEIGHT="35" WC="0.90" CONTENT="nicht"/><SP WIDTH="21" VPOS="4310" HPOS="352"/>
						<String ID="string_713" HPOS="373" VPOS="4309" WIDTH="179" HEIGHT="38" WC="0.92" CONTENT="eingebürgert"/><SP WIDTH="27" VPOS="4309" HPOS="552"/>
						<String ID="string_714" HPOS="579" VPOS="4311" WIDTH="77" HEIGHT="36" WC="0.80" CONTENT="hätie!"/><SP WIDTH="63" VPOS="4311" HPOS="656"/>
						<String ID="string_715" HPOS="719" VPOS="4308" WIDTH="82" HEIGHT="30" WC="0.92" CONTENT="Unter"/><SP WIDTH="41" VPOS="4308" HPOS="801"/>
						<String ID="string_716" HPOS="842" VPOS="4307" WIDTH="46" HEIGHT="29" WC="0.91" CONTENT="den"/>
					</TextLine>
				</TextBlock>
				<TextBlock ID="block_7" HPOS="694" VPOS="1003" WIDTH="219" HEIGHT="40">
					<TextLine ID="line_107" HPOS="694" VPOS="1003" WIDTH="219" HEIGHT="40">
						<String ID="string_717" HPOS="694" VPOS="1012" WIDTH="32" HEIGHT="19" WC="0.83" CONTENT="an"/><SP WIDTH="33" VPOS="1012" HPOS="726"/>
						<String ID="string_718" HPOS="759" VPOS="1003" WIDTH="41" HEIGHT="28" WC="0.83" CONTENT="der"/><SP WIDTH="23" VPOS="1003" HPOS="800"/>
						<String ID="string_719" HPOS="823" VPOS="1003" WIDTH="90" HEIGHT="40" WC="0.79" CONTENT="Seite."/>
					</TextLine>
				</TextBlock>
				<TextBlock ID="block_8" HPOS="922" VPOS="108" WIDTH="25" HEIGHT="4221">
					<TextLine ID="line_108" HPOS="922" VPOS="108" WIDTH="25" HEIGHT="4221">
						<String ID="string_720" HPOS="922" VPOS="108" WIDTH="25" HEIGHT="4221" WC="0.95" CONTENT=" "/>
					</TextLine>
				</TextBlock>
				<TextBlock ID="block_9" HPOS="971" VPOS="109" WIDTH="776" HEIGHT="318">
					<TextLine ID="line_109" HPOS="971" VPOS="109" WIDTH="776" HEIGHT="41">
						<String ID="string_721" HPOS="971" VPOS="109" WIDTH="124" HEIGHT="39" WC="0.92" CONTENT="Jüngern"/><SP WIDTH="23" VPOS="109" HPOS="1095"/>
						<String ID="string_722" HPOS="1118" VPOS="111" WIDTH="41" HEIGHT="29" WC="0.93" CONTENT="der"/><SP WIDTH="23" VPOS="111" HPOS="1159"/>
						<String ID="string_723" HPOS="1182" VPOS="111" WIDTH="150" HEIGHT="38" WC="0.92" CONTENT="geflügelten"/><SP WIDTH="22" VPOS="111" HPOS="1332"/>
						<String ID="string_724" HPOS="1354" VPOS="111" WIDTH="81" HEIGHT="36" WC="0.92" CONTENT="Feder"/><SP WIDTH="21" VPOS="111" HPOS="1435"/>
						<String ID="string_725" HPOS="1456" VPOS="112" WIDTH="85" HEIGHT="35" WC="0.92" CONTENT="finden"/><SP WIDTH="23" VPOS="112" HPOS="1541"/>
						<String ID="string_726" HPOS="1564" VPOS="114" WIDTH="49" HEIGHT="29" WC="0.93" CONTENT="wir"/><SP WIDTH="21" VPOS="114" HPOS="1613"/>
						<String ID="string_727" HPOS="1634" VPOS="115" WIDTH="46" HEIGHT="34" WC="0.80" CONTENT="faſt"/><SP WIDTH="36" VPOS="115" HPOS="1680"/>
						<String ID="string_728" HPOS="1716" VPOS="115" WIDTH="31" HEIGHT="35" WC="0.84" CONTENT="je—"/>
					</TextLine>
					<TextLine ID="line_110" HPOS="972" VPOS="148" WIDTH="774" HEIGHT="39">
						<String ID="string_729" HPOS="972" VPOS="148" WIDTH="46" HEIGHT="30" WC="0.92" CONTENT="den"/><SP WIDTH="22" VPOS="148" HPOS="1018"/>
						<String ID="string_730" HPOS="1040" VPOS="150" WIDTH="84" HEIGHT="35" WC="0.92" CONTENT="Beruf"/><SP WIDTH="21" VPOS="150" HPOS="1124"/>
						<String ID="string_731" HPOS="1145" VPOS="151" WIDTH="51" HEIGHT="29" WC="0.92" CONTENT="und"/><SP WIDTH="22" VPOS="151" HPOS="1196"/>
						<String ID="string_732" HPOS="1218" VPOS="150" WIDTH="92" HEIGHT="30" WC="0.80" CONTENT="Stand"/><SP WIDTH="19" VPOS="150" HPOS="1310"/>
						<String ID="string_733" HPOS="1329" VPOS="154" WIDTH="130" HEIGHT="25" WC="0.92" CONTENT="vertreten."/><SP WIDTH="43" VPOS="154" HPOS="1459"/>
						<String ID="string_734" HPOS="1502" VPOS="152" WIDTH="49" HEIGHT="29" WC="0.93" CONTENT="Sie"/><SP WIDTH="23" VPOS="152" HPOS="1551"/>
						<String ID="string_735" HPOS="1574" VPOS="153" WIDTH="61" HEIGHT="34" WC="0.90" CONTENT="ſtellt"/><SP WIDTH="41" VPOS="153" HPOS="1635"/>
						<String ID="string_736" HPOS="1676" VPOS="153" WIDTH="70" HEIGHT="29" WC="0.90" CONTENT="einen"/>
					</TextLine>
					<TextLine ID="line_111" HPOS="971" VPOS="189" WIDTH="775" HEIGHT="37">
						<String ID="string_737" HPOS="971" VPOS="189" WIDTH="151" HEIGHT="29" WC="0.92" CONTENT="nationalen"/><SP WIDTH="23" VPOS="189" HPOS="1122"/>
						<String ID="string_738" HPOS="1145" VPOS="189" WIDTH="89" HEIGHT="36" WC="0.92" CONTENT="Schatz"/><SP WIDTH="22" VPOS="189" HPOS="1234"/>
						<String ID="string_739" HPOS="1256" VPOS="190" WIDTH="56" HEIGHT="32" WC="0.93" CONTENT="dar,"/><SP WIDTH="23" VPOS="190" HPOS="1312"/>
						<String ID="string_740" HPOS="1335" VPOS="189" WIDTH="45" HEIGHT="27" WC="0.92" CONTENT="den"/><SP WIDTH="22" VPOS="189" HPOS="1380"/>
						<String ID="string_741" HPOS="1402" VPOS="198" WIDTH="29" HEIGHT="26" WC="0.92" CONTENT="zu"/><SP WIDTH="27" VPOS="198" HPOS="1431"/>
						<String ID="string_742" HPOS="1458" VPOS="190" WIDTH="76" HEIGHT="36" WC="0.93" CONTENT="heben"/><SP WIDTH="32" VPOS="190" HPOS="1534"/>
						<String ID="string_743" HPOS="1566" VPOS="191" WIDTH="95" HEIGHT="35" WC="0.92" CONTENT="Pflicht"/><SP WIDTH="42" VPOS="191" HPOS="1661"/>
						<String ID="string_744" HPOS="1703" VPOS="191" WIDTH="43" HEIGHT="28" WC="0.93" CONTENT="des"/>
					</TextLine>
					<TextLine ID="line_112" HPOS="971" VPOS="227" WIDTH="774" HEIGHT="38">
						<String ID="string_745" HPOS="971" VPOS="227" WIDTH="115" HEIGHT="29" WC="0.91" CONTENT="Staates"/><SP WIDTH="22" VPOS="227" HPOS="1086"/>
						<String ID="string_746" HPOS="1108" VPOS="228" WIDTH="51" HEIGHT="28" WC="0.93" CONTENT="und"/><SP WIDTH="22" VPOS="228" HPOS="1159"/>
						<String ID="string_747" HPOS="1181" VPOS="236" WIDTH="29" HEIGHT="27" WC="0.91" CONTENT="zu"/><SP WIDTH="22" VPOS="236" HPOS="1210"/>
						<String ID="string_748" HPOS="1232" VPOS="227" WIDTH="99" HEIGHT="36" WC="0.90" CONTENT="pflegen"/><SP WIDTH="22" VPOS="227" HPOS="1331"/>
						<String ID="string_749" HPOS="1353" VPOS="227" WIDTH="119" HEIGHT="37" WC="0.92" CONTENT="Aufgabe"/><SP WIDTH="31" VPOS="227" HPOS="1472"/>
						<String ID="string_750" HPOS="1503" VPOS="230" WIDTH="42" HEIGHT="28" WC="0.92" CONTENT="der"/><SP WIDTH="27" VPOS="230" HPOS="1545"/>
						<String ID="string_751" HPOS="1572" VPOS="230" WIDTH="97" HEIGHT="34" WC="0.92" CONTENT="Schule"/><SP WIDTH="40" VPOS="230" HPOS="1669"/>
						<String ID="string_752" HPOS="1709" VPOS="231" WIDTH="36" HEIGHT="34" WC="0.90" CONTENT="iſt."/>
					</TextLine>
					<TextLine ID="line_113" HPOS="1029" VPOS="272" WIDTH="717" HEIGHT="40">
						<String ID="string_753" HPOS="1029" VPOS="274" WIDTH="44" HEIGHT="28" WC="0.93" CONTENT="Da"/><SP WIDTH="22" VPOS="274" HPOS="1073"/>
						<String ID="string_754" HPOS="1095" VPOS="273" WIDTH="61" HEIGHT="29" WC="0.93" CONTENT="aber"/><SP WIDTH="22" VPOS="273" HPOS="1156"/>
						<String ID="string_755" HPOS="1178" VPOS="273" WIDTH="38" HEIGHT="29" WC="0.93" CONTENT="die"/><SP WIDTH="22" VPOS="273" HPOS="1216"/>
						<String ID="string_756" HPOS="1238" VPOS="272" WIDTH="197" HEIGHT="38" WC="0.92" CONTENT="Stenographie"/><SP WIDTH="21" VPOS="272" HPOS="1435"/>
						<String ID="string_757" HPOS="1456" VPOS="275" WIDTH="39" HEIGHT="28" WC="0.93" CONTENT="ein"/><SP WIDTH="22" VPOS="275" HPOS="1495"/>
						<String ID="string_758" HPOS="1517" VPOS="276" WIDTH="155" HEIGHT="36" WC="0.92" CONTENT="dringendes"/><SP WIDTH="23" VPOS="276" HPOS="1672"/>
						<String ID="string_759" HPOS="1695" VPOS="274" WIDTH="51" HEIGHT="29" WC="0.80" CONTENT="Be⸗"/>
					</TextLine>
					<TextLine ID="line_114" HPOS="972" VPOS="312" WIDTH="774" HEIGHT="39">
						<String ID="string_760" HPOS="972" VPOS="313" WIDTH="103" HEIGHT="34" WC="0.62" CONTENT="dürfnis"/><SP WIDTH="15" VPOS="313" HPOS="1075"/>
						<String ID="string_761" HPOS="1090" VPOS="312" WIDTH="35" HEIGHT="33" WC="0.89" CONTENT="iſt,"/><SP WIDTH="22" VPOS="312" HPOS="1125"/>
						<String ID="string_762" HPOS="1147" VPOS="312" WIDTH="149" HEIGHT="33" WC="0.92" CONTENT="namentlich"/><SP WIDTH="24" VPOS="312" HPOS="1296"/>
						<String ID="string_763" HPOS="1320" VPOS="312" WIDTH="24" HEIGHT="28" WC="0.93" CONTENT="in"/><SP WIDTH="23" VPOS="312" HPOS="1344"/>
						<String ID="string_764" HPOS="1367" VPOS="312" WIDTH="99" HEIGHT="36" WC="0.92" CONTENT="unſerer"/><SP WIDTH="18" VPOS="312" HPOS="1466"/>
						<String ID="string_765" HPOS="1484" VPOS="314" WIDTH="192" HEIGHT="37" WC="0.91" CONTENT="arbeitseiligen"/><SP WIDTH="18" VPOS="314" HPOS="1676"/>
						<String ID="string_766" HPOS="1694" VPOS="314" WIDTH="52" HEIGHT="28" WC="0.63" CONTENT="Be—"/>
					</TextLine>
					<TextLine ID="line_115" HPOS="971" VPOS="350" WIDTH="775" HEIGHT="39">
						<String ID="string_767" HPOS="971" VPOS="350" WIDTH="166" HEIGHT="33" WC="0.84" CONTENT="triebſamkeit"/><SP WIDTH="22" VPOS="350" HPOS="1137"/>
						<String ID="string_768" HPOS="1159" VPOS="351" WIDTH="51" HEIGHT="27" WC="0.92" CONTENT="und"/><SP WIDTH="36" VPOS="351" HPOS="1210"/>
						<String ID="string_769" HPOS="1246" VPOS="351" WIDTH="54" HEIGHT="28" WC="0.92" CONTENT="dem"/><SP WIDTH="26" VPOS="351" HPOS="1300"/>
						<String ID="string_770" HPOS="1326" VPOS="350" WIDTH="66" HEIGHT="36" WC="0.93" CONTENT="raſch"/><SP WIDTH="30" VPOS="350" HPOS="1392"/>
						<String ID="string_771" HPOS="1422" VPOS="352" WIDTH="173" HEIGHT="34" WC="0.81" CONTENT="pulſierenden"/><SP WIDTH="40" VPOS="352" HPOS="1595"/>
						<String ID="string_772" HPOS="1635" VPOS="353" WIDTH="111" HEIGHT="36" WC="0.92" CONTENT="Verkehr"/>
					</TextLine>
					<TextLine ID="line_116" HPOS="971" VPOS="388" WIDTH="774" HEIGHT="39">
						<String ID="string_773" HPOS="971" VPOS="389" WIDTH="45" HEIGHT="29" WC="0.93" CONTENT="des"/><SP WIDTH="15" VPOS="389" HPOS="1016"/>
						<String ID="string_774" HPOS="1031" VPOS="389" WIDTH="151" HEIGHT="28" WC="0.92" CONTENT="Gedanken-"/><SP WIDTH="22" VPOS="389" HPOS="1182"/>
						<String ID="string_775" HPOS="1204" VPOS="389" WIDTH="52" HEIGHT="28" WC="0.92" CONTENT="und"/><SP WIDTH="19" VPOS="389" HPOS="1256"/>
						<String ID="string_776" HPOS="1275" VPOS="388" WIDTH="259" HEIGHT="39" WC="0.87" CONTENT="Güteraustauſches,"/><SP WIDTH="22" VPOS="388" HPOS="1534"/>
						<String ID="string_777" HPOS="1556" VPOS="400" WIDTH="42" HEIGHT="20" WC="0.93" CONTENT="um"/><SP WIDTH="20" VPOS="400" HPOS="1598"/>
						<String ID="string_778" HPOS="1618" VPOS="392" WIDTH="33" HEIGHT="28" WC="0.93" CONTENT="im"/><SP WIDTH="16" VPOS="392" HPOS="1651"/>
						<String ID="string_779" HPOS="1667" VPOS="391" WIDTH="78" HEIGHT="29" WC="0.76" CONTENT="Welt—"/>
					</TextLine>
				</TextBlock>
				<TextBlock ID="block_10" HPOS="970" VPOS="427" WIDTH="800" HEIGHT="40">
					<TextLine ID="line_117" HPOS="970" VPOS="427" WIDTH="800" HEIGHT="40">
						<String ID="string_780" HPOS="970" VPOS="428" WIDTH="101" HEIGHT="35" WC="0.91" CONTENT="verkehr"/><SP WIDTH="18" VPOS="428" HPOS="1071"/>
						<String ID="string_781" HPOS="1089" VPOS="427" WIDTH="77" HEIGHT="29" WC="0.93" CONTENT="neben"/><SP WIDTH="22" VPOS="427" HPOS="1166"/>
						<String ID="string_782" HPOS="1188" VPOS="428" WIDTH="111" HEIGHT="28" WC="0.87" CONTENT="anderen"/><SP WIDTH="21" VPOS="428" HPOS="1299"/>
						<String ID="string_783" HPOS="1320" VPOS="427" WIDTH="133" HEIGHT="30" WC="0.92" CONTENT="Nationen"/><SP WIDTH="24" VPOS="427" HPOS="1453"/>
						<String ID="string_784" HPOS="1477" VPOS="430" WIDTH="209" HEIGHT="37" WC="0.91" CONTENT="konkurenzfähig"/><SP WIDTH="30" VPOS="430" HPOS="1686"/>
						<String ID="string_785" HPOS="1716" VPOS="439" WIDTH="30" HEIGHT="28" WC="0.72" CONTENT="zu"/>
					</TextLine>
				</TextBlock>
				<TextBlock ID="block_11" HPOS="970" VPOS="465" WIDTH="774" HEIGHT="79">
					<TextLine ID="line_118" HPOS="971" VPOS="465" WIDTH="773" HEIGHT="40">
						<String ID="string_786" HPOS="971" VPOS="465" WIDTH="106" HEIGHT="34" WC="0.93" CONTENT="bleiben,"/><SP WIDTH="23" VPOS="465" HPOS="1077"/>
						<String ID="string_787" HPOS="1100" VPOS="465" WIDTH="81" HEIGHT="37" WC="0.92" CONTENT="haben"/><SP WIDTH="22" VPOS="465" HPOS="1181"/>
						<String ID="string_788" HPOS="1203" VPOS="467" WIDTH="44" HEIGHT="34" WC="0.93" CONTENT="ſich"/><SP WIDTH="18" VPOS="467" HPOS="1247"/>
						<String ID="string_789" HPOS="1265" VPOS="466" WIDTH="288" HEIGHT="37" WC="0.91" CONTENT="Stenographielehrer,"/><SP WIDTH="26" VPOS="466" HPOS="1553"/>
						<String ID="string_790" HPOS="1579" VPOS="469" WIDTH="165" HEIGHT="36" WC="0.80" CONTENT="Fachfchulen"/>
					</TextLine>
					<TextLine ID="line_119" HPOS="970" VPOS="504" WIDTH="774" HEIGHT="40">
						<String ID="string_791" HPOS="970" VPOS="504" WIDTH="52" HEIGHT="29" WC="0.30" CONTENT="und"/><SP WIDTH="21" VPOS="504" HPOS="1022"/>
						<String ID="string_792" HPOS="1043" VPOS="504" WIDTH="298" HEIGHT="37" WC="0.91" CONTENT="Stenographievereine"/><SP WIDTH="22" VPOS="504" HPOS="1341"/>
						<String ID="string_793" HPOS="1363" VPOS="504" WIDTH="77" HEIGHT="35" WC="0.91" CONTENT="diefer"/><SP WIDTH="21" VPOS="504" HPOS="1440"/>
						<String ID="string_794" HPOS="1461" VPOS="507" WIDTH="92" HEIGHT="35" WC="0.0" CONTENT="Pflichl"/><SP WIDTH="20" VPOS="507" HPOS="1553"/>
						<String ID="string_795" HPOS="1573" VPOS="508" WIDTH="52" HEIGHT="28" WC="0.71" CONTENT="und"/><SP WIDTH="18" VPOS="508" HPOS="1625"/>
						<String ID="string_796" HPOS="1643" VPOS="508" WIDTH="101" HEIGHT="36" WC="0.92" CONTENT="Aufga—"/>
					</TextLine>
				</TextBlock>
				<TextBlock ID="block_12" HPOS="954" VPOS="543" WIDTH="790" HEIGHT="40">
					<TextLine ID="line_120" HPOS="954" VPOS="543" WIDTH="790" HEIGHT="40">
						<String ID="string_797" HPOS="954" VPOS="543" WIDTH="44" HEIGHT="28" WC="0.0" CONTENT="ſbe"/><SP WIDTH="22" VPOS="543" HPOS="998"/>
						<String ID="string_798" HPOS="1020" VPOS="552" WIDTH="194" HEIGHT="27" WC="0.71" CONTENT="angenommen,"/><SP WIDTH="23" VPOS="552" HPOS="1214"/>
						<String ID="string_799" HPOS="1237" VPOS="544" WIDTH="83" HEIGHT="28" WC="0.92" CONTENT="indem"/><SP WIDTH="22" VPOS="544" HPOS="1320"/>
						<String ID="string_800" HPOS="1342" VPOS="543" WIDTH="31" HEIGHT="34" WC="0.93" CONTENT="ſie"/><SP WIDTH="22" VPOS="543" HPOS="1373"/>
						<String ID="string_801" HPOS="1395" VPOS="543" WIDTH="42" HEIGHT="29" WC="0.91" CONTENT="der"/><SP WIDTH="12" VPOS="543" HPOS="1437"/>
						<String ID="string_802" HPOS="1449" VPOS="545" WIDTH="155" HEIGHT="38" WC="0.92" CONTENT="Kurzſchrift"/><SP WIDTH="18" VPOS="545" HPOS="1604"/>
						<String ID="string_803" HPOS="1622" VPOS="546" WIDTH="122" HEIGHT="29" WC="0.50" CONTENT="Verbrei⸗"/>
					</TextLine>
				</TextBlock>
				<TextBlock ID="block_13" HPOS="962" VPOS="582" WIDTH="782" HEIGHT="1266">
					<TextLine ID="line_121" HPOS="970" VPOS="582" WIDTH="774" HEIGHT="36">
						<String ID="string_804" HPOS="970" VPOS="586" WIDTH="62" HEIGHT="32" WC="0.90" CONTENT="tung"/><SP WIDTH="23" VPOS="586" HPOS="1032"/>
						<String ID="string_805" HPOS="1055" VPOS="590" WIDTH="29" HEIGHT="28" WC="0.92" CONTENT="zu"/><SP WIDTH="23" VPOS="590" HPOS="1084"/>
						<String ID="string_806" HPOS="1107" VPOS="582" WIDTH="151" HEIGHT="36" WC="0.92" CONTENT="verſchaffen"/><SP WIDTH="22" VPOS="582" HPOS="1258"/>
						<String ID="string_807" HPOS="1280" VPOS="582" WIDTH="92" HEIGHT="34" WC="0.92" CONTENT="ſuchen."/><SP WIDTH="43" VPOS="582" HPOS="1372"/>
						<String ID="string_808" HPOS="1415" VPOS="582" WIDTH="49" HEIGHT="30" WC="0.91" CONTENT="Sie"/><SP WIDTH="22" VPOS="582" HPOS="1464"/>
						<String ID="string_809" HPOS="1486" VPOS="584" WIDTH="93" HEIGHT="29" WC="0.91" CONTENT="treiben"/><SP WIDTH="23" VPOS="584" HPOS="1579"/>
						<String ID="string_810" HPOS="1602" VPOS="586" WIDTH="142" HEIGHT="27" WC="0.74" CONTENT="Kulturar—"/>
					</TextLine>
					<TextLine ID="line_122" HPOS="971" VPOS="620" WIDTH="773" HEIGHT="40">
						<String ID="string_811" HPOS="971" VPOS="620" WIDTH="56" HEIGHT="28" WC="0.61" CONTENT="beit."/><SP WIDTH="42" VPOS="620" HPOS="1027"/>
						<String ID="string_812" HPOS="1069" VPOS="620" WIDTH="94" HEIGHT="29" WC="0.91" CONTENT="Damit"/><SP WIDTH="21" VPOS="620" HPOS="1163"/>
						<String ID="string_813" HPOS="1184" VPOS="621" WIDTH="28" HEIGHT="34" WC="0.92" CONTENT="iſt"/><SP WIDTH="22" VPOS="621" HPOS="1212"/>
						<String ID="string_814" HPOS="1234" VPOS="621" WIDTH="60" HEIGHT="28" WC="0.93" CONTENT="aber"/><SP WIDTH="40" VPOS="621" HPOS="1294"/>
						<String ID="string_815" HPOS="1334" VPOS="620" WIDTH="38" HEIGHT="28" WC="0.93" CONTENT="die"/><SP WIDTH="40" VPOS="620" HPOS="1372"/>
						<String ID="string_816" HPOS="1412" VPOS="620" WIDTH="249" HEIGHT="40" WC="0.88" CONTENT="Bildungsaufgabe"/><SP WIDTH="41" VPOS="620" HPOS="1661"/>
						<String ID="string_817" HPOS="1702" VPOS="623" WIDTH="42" HEIGHT="28" WC="0.90" CONTENT="der"/>
					</TextLine>
					<TextLine ID="line_123" HPOS="969" VPOS="658" WIDTH="774" HEIGHT="38">
						<String ID="string_818" HPOS="969" VPOS="658" WIDTH="299" HEIGHT="38" WC="0.92" CONTENT="Stenographievereine"/><SP WIDTH="22" VPOS="658" HPOS="1268"/>
						<String ID="string_819" HPOS="1290" VPOS="659" WIDTH="63" HEIGHT="33" WC="0.92" CONTENT="nicht"/><SP WIDTH="22" VPOS="659" HPOS="1353"/>
						<String ID="string_820" HPOS="1375" VPOS="658" WIDTH="129" HEIGHT="37" WC="0.78" CONTENT="erſchöpft.“"/><SP WIDTH="50" VPOS="658" HPOS="1504"/>
						<String ID="string_821" HPOS="1554" VPOS="662" WIDTH="55" HEIGHT="28" WC="0.71" CONTENT="Der"/><SP WIDTH="40" VPOS="662" HPOS="1609"/>
						<String ID="string_822" HPOS="1649" VPOS="661" WIDTH="94" HEIGHT="29" WC="0.91" CONTENT="Verein"/>
					</TextLine>
					<TextLine ID="line_124" HPOS="969" VPOS="697" WIDTH="774" HEIGHT="37">
						<String ID="string_823" HPOS="969" VPOS="698" WIDTH="28" HEIGHT="34" WC="0.90" CONTENT="iſt"/><SP WIDTH="21" VPOS="698" HPOS="997"/>
						<String ID="string_824" HPOS="1018" VPOS="698" WIDTH="53" HEIGHT="28" WC="0.82" CONTENT="eine"/><SP WIDTH="21" VPOS="698" HPOS="1071"/>
						<String ID="string_825" HPOS="1092" VPOS="697" WIDTH="293" HEIGHT="37" WC="0.91" CONTENT="Arbeitsgemeinſchaft,"/><SP WIDTH="23" VPOS="697" HPOS="1385"/>
						<String ID="string_826" HPOS="1408" VPOS="698" WIDTH="37" HEIGHT="28" WC="0.93" CONTENT="die"/><SP WIDTH="23" VPOS="698" HPOS="1445"/>
						<String ID="string_827" HPOS="1468" VPOS="699" WIDTH="101" HEIGHT="35" WC="0.91" CONTENT="beſtrebt"/><SP WIDTH="32" VPOS="699" HPOS="1569"/>
						<String ID="string_828" HPOS="1601" VPOS="701" WIDTH="37" HEIGHT="33" WC="0.92" CONTENT="iſt,"/><SP WIDTH="32" VPOS="701" HPOS="1638"/>
						<String ID="string_829" HPOS="1670" VPOS="700" WIDTH="73" HEIGHT="33" WC="0.92" CONTENT="durch"/>
					</TextLine>
					<TextLine ID="line_125" HPOS="970" VPOS="734" WIDTH="773" HEIGHT="38">
						<String ID="string_830" HPOS="970" VPOS="736" WIDTH="127" HEIGHT="29" WC="0.92" CONTENT="dauernde"/><SP WIDTH="23" VPOS="736" HPOS="1097"/>
						<String ID="string_831" HPOS="1120" VPOS="736" WIDTH="138" HEIGHT="36" WC="0.91" CONTENT="Uebungen"/><SP WIDTH="23" VPOS="736" HPOS="1258"/>
						<String ID="string_832" HPOS="1281" VPOS="736" WIDTH="52" HEIGHT="36" WC="0.93" CONTENT="ihre"/><SP WIDTH="19" VPOS="736" HPOS="1333"/>
						<String ID="string_833" HPOS="1352" VPOS="734" WIDTH="152" HEIGHT="38" WC="0.92" CONTENT="Mitglieder"/><SP WIDTH="17" VPOS="734" HPOS="1504"/>
						<String ID="string_834" HPOS="1521" VPOS="739" WIDTH="25" HEIGHT="28" WC="0.93" CONTENT="in"/><SP WIDTH="19" VPOS="739" HPOS="1546"/>
						<String ID="string_835" HPOS="1565" VPOS="739" WIDTH="42" HEIGHT="27" WC="0.93" CONTENT="der"/><SP WIDTH="15" VPOS="739" HPOS="1607"/>
						<String ID="string_836" HPOS="1622" VPOS="738" WIDTH="121" HEIGHT="32" WC="0.67" CONTENT="Schreib—"/>
					</TextLine>
					<TextLine ID="line_126" HPOS="969" VPOS="774" WIDTH="773" HEIGHT="37">
						<String ID="string_837" HPOS="969" VPOS="775" WIDTH="215" HEIGHT="36" WC="0.92" CONTENT="geſchwindigkeit"/><SP WIDTH="22" VPOS="775" HPOS="1184"/>
						<String ID="string_838" HPOS="1206" VPOS="774" WIDTH="25" HEIGHT="36" WC="0.91" CONTENT="ſo"/><SP WIDTH="21" VPOS="774" HPOS="1231"/>
						<String ID="string_839" HPOS="1252" VPOS="784" WIDTH="30" HEIGHT="27" WC="0.93" CONTENT="zu"/><SP WIDTH="23" VPOS="784" HPOS="1282"/>
						<String ID="string_840" HPOS="1305" VPOS="774" WIDTH="238" HEIGHT="37" WC="0.91" CONTENT="vervollkommnen,"/><SP WIDTH="31" VPOS="774" HPOS="1543"/>
						<String ID="string_841" HPOS="1574" VPOS="777" WIDTH="51" HEIGHT="34" WC="0.92" CONTENT="daß"/><SP WIDTH="22" VPOS="777" HPOS="1625"/>
						<String ID="string_842" HPOS="1647" VPOS="778" WIDTH="31" HEIGHT="33" WC="0.93" CONTENT="ſie"/><SP WIDTH="21" VPOS="778" HPOS="1678"/>
						<String ID="string_843" HPOS="1699" VPOS="777" WIDTH="43" HEIGHT="32" WC="0.91" CONTENT="ſich"/>
					</TextLine>
					<TextLine ID="line_127" HPOS="969" VPOS="812" WIDTH="775" HEIGHT="37">
						<String ID="string_844" HPOS="969" VPOS="813" WIDTH="42" HEIGHT="28" WC="0.92" CONTENT="der"/><SP WIDTH="23" VPOS="813" HPOS="1011"/>
						<String ID="string_845" HPOS="1034" VPOS="812" WIDTH="323" HEIGHT="37" WC="0.64" CONTENT="Meiſterſchaftsfertigkeit"/><SP WIDTH="22" VPOS="812" HPOS="1357"/>
						<String ID="string_846" HPOS="1379" VPOS="819" WIDTH="50" HEIGHT="23" WC="0.91" CONTENT="von"/><SP WIDTH="22" VPOS="819" HPOS="1429"/>
						<String ID="string_847" HPOS="1451" VPOS="818" WIDTH="54" HEIGHT="25" WC="0.92" CONTENT="400"/><SP WIDTH="22" VPOS="818" HPOS="1505"/>
						<String ID="string_848" HPOS="1527" VPOS="815" WIDTH="96" HEIGHT="28" WC="0.92" CONTENT="Silben"/><SP WIDTH="22" VPOS="815" HPOS="1623"/>
						<String ID="string_849" HPOS="1645" VPOS="815" WIDTH="27" HEIGHT="28" WC="0.92" CONTENT="in"/><SP WIDTH="29" VPOS="815" HPOS="1672"/>
						<String ID="string_850" HPOS="1701" VPOS="814" WIDTH="43" HEIGHT="29" WC="0.92" CONTENT="der"/>
					</TextLine>
					<TextLine ID="line_128" HPOS="969" VPOS="850" WIDTH="774" HEIGHT="40">
						<String ID="string_851" HPOS="969" VPOS="850" WIDTH="106" HEIGHT="29" WC="0.90" CONTENT="Minute"/><SP WIDTH="22" VPOS="850" HPOS="1075"/>
						<String ID="string_852" HPOS="1097" VPOS="852" WIDTH="106" HEIGHT="35" WC="0.92" CONTENT="nähern."/><SP WIDTH="43" VPOS="852" HPOS="1203"/>
						<String ID="string_853" HPOS="1246" VPOS="852" WIDTH="93" HEIGHT="28" WC="0.86" CONTENT="Damit,"/><SP WIDTH="22" VPOS="852" HPOS="1339"/>
						<String ID="string_854" HPOS="1361" VPOS="850" WIDTH="65" HEIGHT="29" WC="0.92" CONTENT="wird"/><SP WIDTH="22" VPOS="850" HPOS="1426"/>
						<String ID="string_855" HPOS="1448" VPOS="853" WIDTH="52" HEIGHT="28" WC="0.93" CONTENT="eine"/><SP WIDTH="18" VPOS="853" HPOS="1500"/>
						<String ID="string_856" HPOS="1518" VPOS="854" WIDTH="98" HEIGHT="36" WC="0.92" CONTENT="gewiſſe"/><SP WIDTH="18" VPOS="854" HPOS="1616"/>
						<String ID="string_857" HPOS="1634" VPOS="853" WIDTH="109" HEIGHT="36" WC="0.71" CONTENT="Beweg—"/>
					</TextLine>
					<TextLine ID="line_129" HPOS="969" VPOS="889" WIDTH="774" HEIGHT="39">
						<String ID="string_858" HPOS="969" VPOS="890" WIDTH="90" HEIGHT="32" WC="0.92" CONTENT="lichkeit"/><SP WIDTH="21" VPOS="890" HPOS="1059"/>
						<String ID="string_859" HPOS="1080" VPOS="890" WIDTH="44" HEIGHT="27" WC="0.92" CONTENT="des"/><SP WIDTH="23" VPOS="890" HPOS="1124"/>
						<String ID="string_860" HPOS="1147" VPOS="890" WIDTH="100" HEIGHT="34" WC="0.92" CONTENT="Geiſtes"/><SP WIDTH="22" VPOS="890" HPOS="1247"/>
						<String ID="string_861" HPOS="1269" VPOS="890" WIDTH="52" HEIGHT="28" WC="0.93" CONTENT="und"/><SP WIDTH="23" VPOS="890" HPOS="1321"/>
						<String ID="string_862" HPOS="1344" VPOS="889" WIDTH="43" HEIGHT="28" WC="0.93" CONTENT="der"/><SP WIDTH="20" VPOS="889" HPOS="1387"/>
						<String ID="string_863" HPOS="1407" VPOS="890" WIDTH="109" HEIGHT="38" WC="0.47" CONTENT="Energie"/><SP WIDTH="21" VPOS="890" HPOS="1516"/>
						<String ID="string_864" HPOS="1537" VPOS="891" WIDTH="142" HEIGHT="35" WC="0.47" CONTENT="entwickelt,"/><SP WIDTH="26" VPOS="891" HPOS="1679"/>
						<String ID="string_865" HPOS="1705" VPOS="892" WIDTH="38" HEIGHT="27" WC="0.88" CONTENT="die"/>
					</TextLine>
					<TextLine ID="line_130" HPOS="968" VPOS="928" WIDTH="773" HEIGHT="37">
						<String ID="string_866" HPOS="968" VPOS="928" WIDTH="43" HEIGHT="33" WC="0.92" CONTENT="ſich"/><SP WIDTH="24" VPOS="928" HPOS="1011"/>
						<String ID="string_867" HPOS="1035" VPOS="928" WIDTH="58" HEIGHT="34" WC="0.93" CONTENT="auch"/><SP WIDTH="23" VPOS="928" HPOS="1093"/>
						<String ID="string_868" HPOS="1116" VPOS="928" WIDTH="25" HEIGHT="28" WC="0.92" CONTENT="in"/><SP WIDTH="22" VPOS="928" HPOS="1141"/>
						<String ID="string_869" HPOS="1163" VPOS="929" WIDTH="109" HEIGHT="27" WC="0.92" CONTENT="anderen"/><SP WIDTH="19" VPOS="929" HPOS="1272"/>
						<String ID="string_870" HPOS="1291" VPOS="928" WIDTH="175" HEIGHT="37" WC="0.92" CONTENT="Lebenslagen"/><SP WIDTH="23" VPOS="928" HPOS="1466"/>
						<String ID="string_871" HPOS="1489" VPOS="929" WIDTH="144" HEIGHT="30" WC="0.92" CONTENT="bemerkbar"/><SP WIDTH="21" VPOS="929" HPOS="1633"/>
						<String ID="string_872" HPOS="1654" VPOS="931" WIDTH="87" HEIGHT="32" WC="0.92" CONTENT="macht."/>
					</TextLine>
					<TextLine ID="line_131" HPOS="968" VPOS="966" WIDTH="775" HEIGHT="37">
						<String ID="string_873" HPOS="968" VPOS="966" WIDTH="56" HEIGHT="28" WC="0.90" CONTENT="Der"/><SP WIDTH="22" VPOS="966" HPOS="1024"/>
						<String ID="string_874" HPOS="1046" VPOS="966" WIDTH="174" HEIGHT="37" WC="0.91" CONTENT="Stenograph"/><SP WIDTH="21" VPOS="966" HPOS="1220"/>
						<String ID="string_875" HPOS="1241" VPOS="966" WIDTH="46" HEIGHT="29" WC="0.74" CONTENT="übt"/><SP WIDTH="22" VPOS="966" HPOS="1287"/>
						<String ID="string_876" HPOS="1309" VPOS="976" WIDTH="25" HEIGHT="18" WC="0.74" CONTENT="in"/><SP WIDTH="21" VPOS="976" HPOS="1334"/>
						<String ID="string_877" HPOS="1355" VPOS="966" WIDTH="84" HEIGHT="36" WC="0.92" CONTENT="eigner"/><SP WIDTH="22" VPOS="966" HPOS="1439"/>
						<String ID="string_878" HPOS="1461" VPOS="967" WIDTH="83" HEIGHT="34" WC="0.92" CONTENT="Sache"/><SP WIDTH="41" VPOS="967" HPOS="1544"/>
						<String ID="string_879" HPOS="1585" VPOS="969" WIDTH="59" HEIGHT="28" WC="0.91" CONTENT="oder"/><SP WIDTH="43" VPOS="969" HPOS="1644"/>
						<String ID="string_880" HPOS="1687" VPOS="969" WIDTH="56" HEIGHT="33" WC="0.50" CONTENT="auf⸗"/>
					</TextLine>
					<TextLine ID="line_132" HPOS="969" VPOS="1003" WIDTH="774" HEIGHT="40">
						<String ID="string_881" HPOS="969" VPOS="1005" WIDTH="149" HEIGHT="36" WC="0.92" CONTENT="tragsweiſe"/><SP WIDTH="26" VPOS="1005" HPOS="1118"/>
						<String ID="string_882" HPOS="1144" VPOS="1005" WIDTH="119" HEIGHT="35" WC="0.91" CONTENT="praktiſch"/><SP WIDTH="15" VPOS="1005" HPOS="1263"/>
						<String ID="string_883" HPOS="1278" VPOS="1005" WIDTH="63" HEIGHT="35" WC="0.92" CONTENT="ſeine"/><SP WIDTH="17" VPOS="1005" HPOS="1341"/>
						<String ID="string_884" HPOS="1358" VPOS="1003" WIDTH="204" HEIGHT="40" WC="0.91" CONTENT="Kunſtfertigkeit"/><SP WIDTH="22" VPOS="1003" HPOS="1562"/>
						<String ID="string_885" HPOS="1584" VPOS="1011" WIDTH="59" HEIGHT="24" WC="0.92" CONTENT="aus."/><SP WIDTH="43" VPOS="1011" HPOS="1643"/>
						<String ID="string_886" HPOS="1686" VPOS="1006" WIDTH="57" HEIGHT="28" WC="0.40" CONTENT="So—"/>
					</TextLine>
					<TextLine ID="line_133" HPOS="967" VPOS="1043" WIDTH="776" HEIGHT="36">
						<String ID="string_887" HPOS="967" VPOS="1043" WIDTH="46" HEIGHT="29" WC="0.88" CONTENT="mit"/><SP WIDTH="24" VPOS="1043" HPOS="1013"/>
						<String ID="string_888" HPOS="1037" VPOS="1043" WIDTH="82" HEIGHT="34" WC="0.91" CONTENT="leiſten"/><SP WIDTH="23" VPOS="1043" HPOS="1119"/>
						<String ID="string_889" HPOS="1142" VPOS="1043" WIDTH="37" HEIGHT="29" WC="0.92" CONTENT="die"/><SP WIDTH="30" VPOS="1043" HPOS="1179"/>
						<String ID="string_890" HPOS="1209" VPOS="1043" WIDTH="306" HEIGHT="36" WC="0.65" CONTENT="Steuographenvereine"/><SP WIDTH="39" VPOS="1043" HPOS="1515"/>
						<String ID="string_891" HPOS="1554" VPOS="1046" WIDTH="108" HEIGHT="33" WC="0.93" CONTENT="formale"/><SP WIDTH="21" VPOS="1046" HPOS="1662"/>
						<String ID="string_892" HPOS="1683" VPOS="1044" WIDTH="60" HEIGHT="29" WC="0.91" CONTENT="Bil—"/>
					</TextLine>
					<TextLine ID="line_134" HPOS="969" VPOS="1081" WIDTH="774" HEIGHT="39">
						<String ID="string_893" HPOS="969" VPOS="1081" WIDTH="180" HEIGHT="36" WC="0.91" CONTENT="dungsarbeit."/><SP WIDTH="43" VPOS="1081" HPOS="1149"/>
						<String ID="string_894" HPOS="1192" VPOS="1082" WIDTH="49" HEIGHT="28" WC="0.93" CONTENT="Ein"/><SP WIDTH="23" VPOS="1082" HPOS="1241"/>
						<String ID="string_895" HPOS="1264" VPOS="1082" WIDTH="225" HEIGHT="36" WC="0.92" CONTENT="wohlangelegter,"/><SP WIDTH="22" VPOS="1082" HPOS="1489"/>
						<String ID="string_896" HPOS="1511" VPOS="1084" WIDTH="148" HEIGHT="36" WC="0.92" CONTENT="gediegener"/><SP WIDTH="40" VPOS="1084" HPOS="1659"/>
						<String ID="string_897" HPOS="1699" VPOS="1084" WIDTH="44" HEIGHT="34" WC="0.88" CONTENT="ſte—"/>
					</TextLine>
					<TextLine ID="line_135" HPOS="968" VPOS="1119" WIDTH="774" HEIGHT="38">
						<String ID="string_898" HPOS="968" VPOS="1119" WIDTH="198" HEIGHT="37" WC="0.88" CONTENT="nographiſcher"/><SP WIDTH="19" VPOS="1119" HPOS="1166"/>
						<String ID="string_899" HPOS="1185" VPOS="1120" WIDTH="142" HEIGHT="33" WC="0.92" CONTENT="Unterricht"/><SP WIDTH="23" VPOS="1120" HPOS="1327"/>
						<String ID="string_900" HPOS="1350" VPOS="1120" WIDTH="55" HEIGHT="34" WC="0.28" CONTENT="läßt."/><SP WIDTH="40" VPOS="1120" HPOS="1405"/>
						<String ID="string_901" HPOS="1445" VPOS="1121" WIDTH="37" HEIGHT="28" WC="0.80" CONTENT="bei"/><SP WIDTH="41" VPOS="1121" HPOS="1482"/>
						<String ID="string_902" HPOS="1523" VPOS="1122" WIDTH="46" HEIGHT="28" WC="0.28" CONTENT="den"/><SP WIDTH="42" VPOS="1122" HPOS="1569"/>
						<String ID="string_903" HPOS="1611" VPOS="1122" WIDTH="131" HEIGHT="35" WC="0.65" CONTENT="ſtändigen"/>
					</TextLine>
					<TextLine ID="line_136" HPOS="969" VPOS="1157" WIDTH="773" HEIGHT="39">
						<String ID="string_904" HPOS="969" VPOS="1157" WIDTH="288" HEIGHT="37" WC="0.86" CONTENT="Berührungspunkten"/><SP WIDTH="22" VPOS="1157" HPOS="1257"/>
						<String ID="string_905" HPOS="1279" VPOS="1159" WIDTH="45" HEIGHT="28" WC="0.92" CONTENT="mit"/><SP WIDTH="22" VPOS="1159" HPOS="1324"/>
						<String ID="string_906" HPOS="1346" VPOS="1158" WIDTH="42" HEIGHT="28" WC="0.92" CONTENT="der"/><SP WIDTH="22" VPOS="1158" HPOS="1388"/>
						<String ID="string_907" HPOS="1410" VPOS="1158" WIDTH="203" HEIGHT="38" WC="0.91" CONTENT="Mutterſprache"/><SP WIDTH="23" VPOS="1158" HPOS="1613"/>
						<String ID="string_908" HPOS="1636" VPOS="1161" WIDTH="25" HEIGHT="27" WC="0.92" CONTENT="in"/><SP WIDTH="35" VPOS="1161" HPOS="1661"/>
						<String ID="string_909" HPOS="1696" VPOS="1160" WIDTH="46" HEIGHT="28" WC="0.92" CONTENT="den"/>
					</TextLine>
					<TextLine ID="line_137" HPOS="969" VPOS="1196" WIDTH="772" HEIGHT="37">
						<String ID="string_910" HPOS="969" VPOS="1196" WIDTH="232" HEIGHT="36" WC="0.91" CONTENT="ſtenographiſchen"/><SP WIDTH="18" VPOS="1196" HPOS="1201"/>
						<String ID="string_911" HPOS="1219" VPOS="1196" WIDTH="99" HEIGHT="37" WC="0.93" CONTENT="Regeln"/><SP WIDTH="19" VPOS="1196" HPOS="1318"/>
						<String ID="string_912" HPOS="1337" VPOS="1196" WIDTH="38" HEIGHT="28" WC="0.93" CONTENT="die"/><SP WIDTH="12" VPOS="1196" HPOS="1375"/>
						<String ID="string_913" HPOS="1387" VPOS="1198" WIDTH="207" HEIGHT="34" WC="0.92" CONTENT="grammatiſchen"/><SP WIDTH="19" VPOS="1198" HPOS="1594"/>
						<String ID="string_914" HPOS="1613" VPOS="1200" WIDTH="128" HEIGHT="31" WC="0.92" CONTENT="erkennen,"/>
					</TextLine>
					<TextLine ID="line_138" HPOS="967" VPOS="1235" WIDTH="775" HEIGHT="37">
						<String ID="string_915" HPOS="967" VPOS="1243" WIDTH="26" HEIGHT="20" WC="0.92" CONTENT="er"/><SP WIDTH="22" VPOS="1243" HPOS="993"/>
						<String ID="string_916" HPOS="1015" VPOS="1235" WIDTH="66" HEIGHT="29" WC="0.93" CONTENT="wird"/><SP WIDTH="22" VPOS="1235" HPOS="1081"/>
						<String ID="string_917" HPOS="1103" VPOS="1244" WIDTH="45" HEIGHT="27" WC="0.92" CONTENT="zur"/><SP WIDTH="18" VPOS="1244" HPOS="1148"/>
						<String ID="string_918" HPOS="1166" VPOS="1235" WIDTH="200" HEIGHT="36" WC="0.91" CONTENT="Wiederholung"/><SP WIDTH="18" VPOS="1235" HPOS="1366"/>
						<String ID="string_919" HPOS="1384" VPOS="1235" WIDTH="45" HEIGHT="28" WC="0.93" CONTENT="des"/><SP WIDTH="15" VPOS="1235" HPOS="1429"/>
						<String ID="string_920" HPOS="1444" VPOS="1236" WIDTH="194" HEIGHT="36" WC="0.92" CONTENT="Sprachſtoffes"/><SP WIDTH="24" VPOS="1236" HPOS="1638"/>
						<String ID="string_921" HPOS="1662" VPOS="1238" WIDTH="25" HEIGHT="27" WC="0.93" CONTENT="in"/><SP WIDTH="22" VPOS="1238" HPOS="1687"/>
						<String ID="string_922" HPOS="1709" VPOS="1237" WIDTH="33" HEIGHT="27" WC="0.86" CONTENT="ei—"/>
					</TextLine>
					<TextLine ID="line_139" HPOS="967" VPOS="1273" WIDTH="775" HEIGHT="35">
						<String ID="string_923" HPOS="967" VPOS="1282" WIDTH="56" HEIGHT="19" WC="0.92" CONTENT="nem"/><SP WIDTH="18" VPOS="1282" HPOS="1023"/>
						<String ID="string_924" HPOS="1041" VPOS="1282" WIDTH="78" HEIGHT="19" WC="0.91" CONTENT="neuen"/><SP WIDTH="19" VPOS="1282" HPOS="1119"/>
						<String ID="string_925" HPOS="1138" VPOS="1273" WIDTH="141" HEIGHT="29" WC="0.92" CONTENT="Gewande."/><SP WIDTH="42" VPOS="1273" HPOS="1279"/>
						<String ID="string_926" HPOS="1321" VPOS="1273" WIDTH="39" HEIGHT="32" WC="0.92" CONTENT="Jn"/><SP WIDTH="17" VPOS="1273" HPOS="1360"/>
						<String ID="string_927" HPOS="1377" VPOS="1273" WIDTH="42" HEIGHT="28" WC="0.92" CONTENT="der"/><SP WIDTH="17" VPOS="1273" HPOS="1419"/>
						<String ID="string_928" HPOS="1436" VPOS="1274" WIDTH="94" HEIGHT="34" WC="0.92" CONTENT="Schule"/><SP WIDTH="19" VPOS="1274" HPOS="1530"/>
						<String ID="string_929" HPOS="1549" VPOS="1275" WIDTH="55" HEIGHT="28" WC="0.87" CONTENT="tritt"/><SP WIDTH="19" VPOS="1275" HPOS="1604"/>
						<String ID="string_930" HPOS="1623" VPOS="1275" WIDTH="38" HEIGHT="28" WC="0.89" CONTENT="die"/><SP WIDTH="18" VPOS="1275" HPOS="1661"/>
						<String ID="string_931" HPOS="1679" VPOS="1275" WIDTH="63" HEIGHT="28" WC="0.90" CONTENT="Ste—"/>
					</TextLine>
					<TextLine ID="line_140" HPOS="967" VPOS="1312" WIDTH="775" HEIGHT="38">
						<String ID="string_932" HPOS="967" VPOS="1312" WIDTH="144" HEIGHT="35" WC="0.26" CONTENT="uographie"/><SP WIDTH="21" VPOS="1312" HPOS="1111"/>
						<String ID="string_933" HPOS="1132" VPOS="1312" WIDTH="137" HEIGHT="32" WC="0.44" CONTENT="entlaſtend"/><SP WIDTH="22" VPOS="1312" HPOS="1269"/>
						<String ID="string_934" HPOS="1291" VPOS="1312" WIDTH="26" HEIGHT="28" WC="0.92" CONTENT="in"/><SP WIDTH="22" VPOS="1312" HPOS="1317"/>
						<String ID="string_935" HPOS="1339" VPOS="1312" WIDTH="45" HEIGHT="27" WC="0.92" CONTENT="den"/><SP WIDTH="37" VPOS="1312" HPOS="1384"/>
						<String ID="string_936" HPOS="1421" VPOS="1313" WIDTH="90" HEIGHT="35" WC="0.91" CONTENT="Dienſt"/><SP WIDTH="40" VPOS="1313" HPOS="1511"/>
						<String ID="string_937" HPOS="1551" VPOS="1314" WIDTH="43" HEIGHT="27" WC="0.93" CONTENT="der"/><SP WIDTH="39" VPOS="1314" HPOS="1594"/>
						<String ID="string_938" HPOS="1633" VPOS="1314" WIDTH="109" HEIGHT="36" WC="0.92" CONTENT="übrigen"/>
					</TextLine>
					<TextLine ID="line_141" HPOS="967" VPOS="1349" WIDTH="775" HEIGHT="38">
						<String ID="string_939" HPOS="967" VPOS="1349" WIDTH="102" HEIGHT="35" WC="0.92" CONTENT="Fächer."/><SP WIDTH="44" VPOS="1349" HPOS="1069"/>
						<String ID="string_940" HPOS="1113" VPOS="1350" WIDTH="48" HEIGHT="28" WC="0.91" CONTENT="Bei"/><SP WIDTH="29" VPOS="1350" HPOS="1161"/>
						<String ID="string_941" HPOS="1190" VPOS="1351" WIDTH="47" HEIGHT="28" WC="0.92" CONTENT="den"/><SP WIDTH="28" VPOS="1351" HPOS="1237"/>
						<String ID="string_942" HPOS="1265" VPOS="1350" WIDTH="156" HEIGHT="36" WC="0.91" CONTENT="öffentlichen"/><SP WIDTH="42" VPOS="1350" HPOS="1421"/>
						<String ID="string_943" HPOS="1463" VPOS="1351" WIDTH="200" HEIGHT="36" WC="0.89" CONTENT="Wettſchreiben,"/><SP WIDTH="42" VPOS="1351" HPOS="1663"/>
						<String ID="string_944" HPOS="1705" VPOS="1352" WIDTH="37" HEIGHT="28" WC="0.92" CONTENT="bei"/>
					</TextLine>
					<TextLine ID="line_142" HPOS="966" VPOS="1388" WIDTH="776" HEIGHT="37">
						<String ID="string_945" HPOS="966" VPOS="1388" WIDTH="132" HEIGHT="33" WC="0.93" CONTENT="amtlichen"/><SP WIDTH="13" VPOS="1388" HPOS="1098"/>
						<String ID="string_946" HPOS="1111" VPOS="1388" WIDTH="377" HEIGHT="37" WC="0.90" CONTENT="Handelskammerprüfungen"/><SP WIDTH="13" VPOS="1388" HPOS="1488"/>
						<String ID="string_947" HPOS="1501" VPOS="1390" WIDTH="60" HEIGHT="35" WC="0.93" CONTENT="muß"/><SP WIDTH="20" VPOS="1390" HPOS="1561"/>
						<String ID="string_948" HPOS="1581" VPOS="1391" WIDTH="63" HEIGHT="33" WC="0.91" CONTENT="nicht"/><SP WIDTH="21" VPOS="1391" HPOS="1644"/>
						<String ID="string_949" HPOS="1665" VPOS="1392" WIDTH="77" HEIGHT="27" WC="0.92" CONTENT="allein"/>
					</TextLine>
					<TextLine ID="line_143" HPOS="966" VPOS="1426" WIDTH="777" HEIGHT="38">
						<String ID="string_950" HPOS="966" VPOS="1426" WIDTH="50" HEIGHT="28" WC="0.92" CONTENT="das"/><SP WIDTH="16" VPOS="1426" HPOS="1016"/>
						<String ID="string_951" HPOS="1032" VPOS="1426" WIDTH="191" HEIGHT="37" WC="0.91" CONTENT="Stenogramm"/><SP WIDTH="18" VPOS="1426" HPOS="1223"/>
						<String ID="string_952" HPOS="1241" VPOS="1427" WIDTH="121" HEIGHT="28" WC="0.91" CONTENT="lückenlos"/><SP WIDTH="19" VPOS="1427" HPOS="1362"/>
						<String ID="string_953" HPOS="1381" VPOS="1428" WIDTH="151" HEIGHT="36" WC="0.79" CONTENT="überkragen"/><SP WIDTH="20" VPOS="1428" HPOS="1532"/>
						<String ID="string_954" HPOS="1552" VPOS="1429" WIDTH="107" HEIGHT="34" WC="0.92" CONTENT="werden,"/><SP WIDTH="20" VPOS="1429" HPOS="1659"/>
						<String ID="string_955" HPOS="1679" VPOS="1431" WIDTH="64" HEIGHT="33" WC="0.92" CONTENT="ohne"/>
					</TextLine>
					<TextLine ID="line_144" HPOS="965" VPOS="1464" WIDTH="778" HEIGHT="39">
						<String ID="string_956" HPOS="965" VPOS="1464" WIDTH="216" HEIGHT="34" WC="0.89" CONTENT="ſinnentſtellende"/><SP WIDTH="21" VPOS="1464" HPOS="1181"/>
						<String ID="string_957" HPOS="1202" VPOS="1465" WIDTH="162" HEIGHT="35" WC="0.88" CONTENT="Auslaſſung"/><SP WIDTH="24" VPOS="1465" HPOS="1364"/>
						<String ID="string_958" HPOS="1388" VPOS="1465" WIDTH="59" HEIGHT="29" WC="0.92" CONTENT="oder"/><SP WIDTH="18" VPOS="1465" HPOS="1447"/>
						<String ID="string_959" HPOS="1465" VPOS="1466" WIDTH="202" HEIGHT="37" WC="0.88" CONTENT="Umſtellungen,"/><SP WIDTH="19" VPOS="1466" HPOS="1667"/>
						<String ID="string_960" HPOS="1686" VPOS="1467" WIDTH="57" HEIGHT="33" WC="0.47" CONTENT="ſon⸗"/>
					</TextLine>
					<TextLine ID="line_145" HPOS="966" VPOS="1502" WIDTH="776" HEIGHT="37">
						<String ID="string_961" HPOS="966" VPOS="1502" WIDTH="61" HEIGHT="28" WC="0.92" CONTENT="dern"/><SP WIDTH="23" VPOS="1502" HPOS="1027"/>
						<String ID="string_962" HPOS="1050" VPOS="1506" WIDTH="27" HEIGHT="24" WC="0.93" CONTENT="es"/><SP WIDTH="21" VPOS="1506" HPOS="1077"/>
						<String ID="string_963" HPOS="1098" VPOS="1504" WIDTH="94" HEIGHT="34" WC="0.61" CONTENT="müiſen"/><SP WIDTH="23" VPOS="1504" HPOS="1192"/>
						<String ID="string_964" HPOS="1215" VPOS="1505" WIDTH="59" HEIGHT="32" WC="0.92" CONTENT="auch"/><SP WIDTH="28" VPOS="1505" HPOS="1274"/>
						<String ID="string_965" HPOS="1302" VPOS="1503" WIDTH="207" HEIGHT="36" WC="0.91" CONTENT="Orthographie,"/><SP WIDTH="17" VPOS="1503" HPOS="1509"/>
						<String ID="string_966" HPOS="1526" VPOS="1504" WIDTH="216" HEIGHT="35" WC="0.82" CONTENT="Jnterpunktion,"/>
					</TextLine>
					<TextLine ID="line_146" HPOS="965" VPOS="1539" WIDTH="776" HEIGHT="38">
						<String ID="string_967" HPOS="965" VPOS="1539" WIDTH="174" HEIGHT="35" WC="0.55" CONTENT="Grammatit,"/><SP WIDTH="23" VPOS="1539" HPOS="1139"/>
						<String ID="string_968" HPOS="1162" VPOS="1541" WIDTH="58" HEIGHT="28" WC="0.92" CONTENT="Stil"/><SP WIDTH="21" VPOS="1541" HPOS="1220"/>
						<String ID="string_969" HPOS="1241" VPOS="1541" WIDTH="62" HEIGHT="36" WC="0.87" CONTENT="ufw."/><SP WIDTH="39" VPOS="1541" HPOS="1303"/>
						<String ID="string_970" HPOS="1342" VPOS="1541" WIDTH="106" HEIGHT="34" WC="0.87" CONTENT="beachtet"/><SP WIDTH="38" VPOS="1541" HPOS="1448"/>
						<String ID="string_971" HPOS="1486" VPOS="1542" WIDTH="108" HEIGHT="28" WC="0.87" CONTENT="werden."/><SP WIDTH="62" VPOS="1542" HPOS="1594"/>
						<String ID="string_972" HPOS="1656" VPOS="1543" WIDTH="85" HEIGHT="33" WC="0.91" CONTENT="Durch"/>
					</TextLine>
					<TextLine ID="line_147" HPOS="965" VPOS="1577" WIDTH="778" HEIGHT="39">
						<String ID="string_973" HPOS="965" VPOS="1577" WIDTH="38" HEIGHT="28" WC="0.93" CONTENT="die"/><SP WIDTH="22" VPOS="1577" HPOS="1003"/>
						<String ID="string_974" HPOS="1025" VPOS="1577" WIDTH="234" HEIGHT="39" WC="0.93" CONTENT="Berückſichtigung"/><SP WIDTH="24" VPOS="1577" HPOS="1259"/>
						<String ID="string_975" HPOS="1283" VPOS="1579" WIDTH="77" HEIGHT="35" WC="0.82" CONTENT="diefer"/><SP WIDTH="22" VPOS="1579" HPOS="1360"/>
						<String ID="string_976" HPOS="1382" VPOS="1579" WIDTH="285" HEIGHT="37" WC="0.91" CONTENT="Grenzwiſſenſchaften"/><SP WIDTH="34" VPOS="1579" HPOS="1667"/>
						<String ID="string_977" HPOS="1701" VPOS="1581" WIDTH="42" HEIGHT="28" WC="0.91" CONTENT="der"/>
					</TextLine>
					<TextLine ID="line_148" HPOS="964" VPOS="1615" WIDTH="778" HEIGHT="41">
						<String ID="string_978" HPOS="964" VPOS="1615" WIDTH="200" HEIGHT="37" WC="0.92" CONTENT="Stenographie"/><SP WIDTH="21" VPOS="1615" HPOS="1164"/>
						<String ID="string_979" HPOS="1185" VPOS="1619" WIDTH="102" HEIGHT="35" WC="0.0" CONTENT="erlatgt"/><SP WIDTH="22" VPOS="1619" HPOS="1287"/>
						<String ID="string_980" HPOS="1309" VPOS="1618" WIDTH="43" HEIGHT="28" WC="0.93" CONTENT="der"/><SP WIDTH="29" VPOS="1618" HPOS="1352"/>
						<String ID="string_981" HPOS="1381" VPOS="1619" WIDTH="145" HEIGHT="35" WC="0.88" CONTENT="angehende"/><SP WIDTH="41" VPOS="1619" HPOS="1526"/>
						<String ID="string_982" HPOS="1567" VPOS="1618" WIDTH="175" HEIGHT="38" WC="0.90" CONTENT="Stenograph"/>
					</TextLine>
					<TextLine ID="line_149" HPOS="963" VPOS="1654" WIDTH="779" HEIGHT="40">
						<String ID="string_983" HPOS="963" VPOS="1654" WIDTH="39" HEIGHT="28" WC="0.93" CONTENT="ein"/><SP WIDTH="23" VPOS="1654" HPOS="1002"/>
						<String ID="string_984" HPOS="1025" VPOS="1658" WIDTH="75" HEIGHT="33" WC="0.91" CONTENT="gutes"/><SP WIDTH="23" VPOS="1658" HPOS="1100"/>
						<String ID="string_985" HPOS="1123" VPOS="1655" WIDTH="202" HEIGHT="37" WC="0.91" CONTENT="Sprachgefühl."/><SP WIDTH="42" VPOS="1655" HPOS="1325"/>
						<String ID="string_986" HPOS="1367" VPOS="1656" WIDTH="50" HEIGHT="28" WC="0.92" CONTENT="Die"/><SP WIDTH="22" VPOS="1656" HPOS="1417"/>
						<String ID="string_987" HPOS="1439" VPOS="1656" WIDTH="197" HEIGHT="38" WC="0.91" CONTENT="Uebertragung"/><SP WIDTH="28" VPOS="1656" HPOS="1636"/>
						<String ID="string_988" HPOS="1664" VPOS="1659" WIDTH="78" HEIGHT="33" WC="0.33" CONTENT="form—"/>
					</TextLine>
					<TextLine ID="line_150" HPOS="964" VPOS="1692" WIDTH="778" HEIGHT="38">
						<String ID="string_989" HPOS="964" VPOS="1692" WIDTH="129" HEIGHT="29" WC="0.83" CONTENT="vollendet"/><SP WIDTH="36" VPOS="1692" HPOS="1093"/>
						<String ID="string_990" HPOS="1129" VPOS="1694" WIDTH="124" HEIGHT="28" WC="0.92" CONTENT="diktierter"/><SP WIDTH="22" VPOS="1694" HPOS="1253"/>
						<String ID="string_991" HPOS="1275" VPOS="1694" WIDTH="202" HEIGHT="36" WC="0.91" CONTENT="Stenogramme"/><SP WIDTH="41" VPOS="1694" HPOS="1477"/>
						<String ID="string_992" HPOS="1518" VPOS="1696" WIDTH="224" HEIGHT="29" WC="0.70" CONTENT="verdollkommnet"/>
					</TextLine>
					<TextLine ID="line_151" HPOS="964" VPOS="1731" WIDTH="778" HEIGHT="39">
						<String ID="string_993" HPOS="964" VPOS="1731" WIDTH="45" HEIGHT="28" WC="0.91" CONTENT="den"/><SP WIDTH="11" VPOS="1731" HPOS="1009"/>
						<String ID="string_994" HPOS="1020" VPOS="1731" WIDTH="59" HEIGHT="28" WC="0.89" CONTENT="Stil"/><SP WIDTH="13" VPOS="1731" HPOS="1079"/>
						<String ID="string_995" HPOS="1092" VPOS="1731" WIDTH="44" HEIGHT="29" WC="0.92" CONTENT="des"/><SP WIDTH="13" VPOS="1731" HPOS="1136"/>
						<String ID="string_996" HPOS="1149" VPOS="1731" WIDTH="214" HEIGHT="37" WC="0.83" CONTENT="Stenographen."/><SP WIDTH="42" VPOS="1731" HPOS="1363"/>
						<String ID="string_997" HPOS="1405" VPOS="1732" WIDTH="56" HEIGHT="29" WC="0.84" CONTENT="Gut"/><SP WIDTH="12" VPOS="1732" HPOS="1461"/>
						<String ID="string_998" HPOS="1473" VPOS="1735" WIDTH="193" HEIGHT="35" WC="0.84" CONTENT="ausgewählter"/><SP WIDTH="13" VPOS="1735" HPOS="1666"/>
						<String ID="string_999" HPOS="1679" VPOS="1735" WIDTH="63" HEIGHT="28" WC="0.92" CONTENT="Dik—"/>
					</TextLine>
					<TextLine ID="line_152" HPOS="964" VPOS="1769" WIDTH="778" HEIGHT="40">
						<String ID="string_1000" HPOS="964" VPOS="1769" WIDTH="114" HEIGHT="36" WC="0.90" CONTENT="tierſtoff,"/><SP WIDTH="24" VPOS="1769" HPOS="1078"/>
						<String ID="string_1001" HPOS="1102" VPOS="1769" WIDTH="46" HEIGHT="30" WC="0.92" CONTENT="den"/><SP WIDTH="22" VPOS="1769" HPOS="1148"/>
						<String ID="string_1002" HPOS="1170" VPOS="1770" WIDTH="185" HEIGHT="36" WC="0.91" CONTENT="verſchiedenen"/><SP WIDTH="23" VPOS="1770" HPOS="1355"/>
						<String ID="string_1003" HPOS="1378" VPOS="1771" WIDTH="225" HEIGHT="38" WC="0.72" CONTENT="Wiſſensgebieten"/><SP WIDTH="24" VPOS="1771" HPOS="1603"/>
						<String ID="string_1004" HPOS="1627" VPOS="1777" WIDTH="115" HEIGHT="25" WC="0.72" CONTENT="entnom—"/>
					</TextLine>
					<TextLine ID="line_153" HPOS="962" VPOS="1808" WIDTH="779" HEIGHT="40">
						<String ID="string_1005" HPOS="962" VPOS="1816" WIDTH="64" HEIGHT="25" WC="0.92" CONTENT="men,"/><SP WIDTH="23" VPOS="1816" HPOS="1026"/>
						<String ID="string_1006" HPOS="1049" VPOS="1808" WIDTH="98" HEIGHT="34" WC="0.93" CONTENT="fördert"/><SP WIDTH="23" VPOS="1808" HPOS="1147"/>
						<String ID="string_1007" HPOS="1170" VPOS="1809" WIDTH="37" HEIGHT="28" WC="0.93" CONTENT="die"/><SP WIDTH="22" VPOS="1809" HPOS="1207"/>
						<String ID="string_1008" HPOS="1229" VPOS="1808" WIDTH="257" HEIGHT="39" WC="0.22" CONTENT="Allgemeinbildung"/><SP WIDTH="25" VPOS="1808" HPOS="1486"/>
						<String ID="string_1009" HPOS="1511" VPOS="1811" WIDTH="41" HEIGHT="28" WC="0.22" CONTENT="der"/><SP WIDTH="26" VPOS="1811" HPOS="1552"/>
						<String ID="string_1010" HPOS="1578" VPOS="1811" WIDTH="163" HEIGHT="37" WC="0.90" CONTENT="Mitglieder."/>
					</TextLine>
				</TextBlock>
				<TextBlock ID="block_14" HPOS="960" VPOS="1861" WIDTH="786" HEIGHT="1487">
					<TextLine ID="line_154" HPOS="1021" VPOS="1861" WIDTH="721" HEIGHT="40">
						<String ID="string_1011" HPOS="1021" VPOS="1861" WIDTH="53" HEIGHT="35" WC="0.93" CONTENT="Auf"/><SP WIDTH="21" VPOS="1861" HPOS="1074"/>
						<String ID="string_1012" HPOS="1095" VPOS="1862" WIDTH="62" HEIGHT="34" WC="0.92" CONTENT="dieſe"/><SP WIDTH="22" VPOS="1862" HPOS="1157"/>
						<String ID="string_1013" HPOS="1179" VPOS="1862" WIDTH="81" HEIGHT="36" WC="0.93" CONTENT="Weiſe"/><SP WIDTH="15" VPOS="1862" HPOS="1260"/>
						<String ID="string_1014" HPOS="1275" VPOS="1864" WIDTH="105" HEIGHT="32" WC="0.93" CONTENT="fördern"/><SP WIDTH="19" VPOS="1864" HPOS="1380"/>
						<String ID="string_1015" HPOS="1399" VPOS="1864" WIDTH="38" HEIGHT="28" WC="0.92" CONTENT="die"/><SP WIDTH="18" VPOS="1864" HPOS="1437"/>
						<String ID="string_1016" HPOS="1455" VPOS="1864" WIDTH="287" HEIGHT="37" WC="0.85" CONTENT="Stenographenverei—"/>
					</TextLine>
					<TextLine ID="line_155" HPOS="963" VPOS="1900" WIDTH="779" HEIGHT="40">
						<String ID="string_1017" HPOS="963" VPOS="1909" WIDTH="28" HEIGHT="19" WC="0.32" CONTENT="ne"/><SP WIDTH="24" VPOS="1909" HPOS="991"/>
						<String ID="string_1018" HPOS="1015" VPOS="1900" WIDTH="38" HEIGHT="28" WC="0.92" CONTENT="die"/><SP WIDTH="21" VPOS="1900" HPOS="1053"/>
						<String ID="string_1019" HPOS="1074" VPOS="1901" WIDTH="149" HEIGHT="36" WC="0.93" CONTENT="allgemeine"/><SP WIDTH="22" VPOS="1901" HPOS="1223"/>
						<String ID="string_1020" HPOS="1245" VPOS="1902" WIDTH="52" HEIGHT="28" WC="0.93" CONTENT="und"/><SP WIDTH="22" VPOS="1902" HPOS="1297"/>
						<String ID="string_1021" HPOS="1319" VPOS="1903" WIDTH="133" HEIGHT="28" WC="0.93" CONTENT="nationale"/><SP WIDTH="20" VPOS="1903" HPOS="1452"/>
						<String ID="string_1022" HPOS="1472" VPOS="1902" WIDTH="117" HEIGHT="38" WC="0.93" CONTENT="Bilduͤng"/><SP WIDTH="24" VPOS="1902" HPOS="1589"/>
						<String ID="string_1023" HPOS="1613" VPOS="1905" WIDTH="42" HEIGHT="27" WC="0.93" CONTENT="der"/><SP WIDTH="18" VPOS="1905" HPOS="1655"/>
						<String ID="string_1024" HPOS="1673" VPOS="1904" WIDTH="69" HEIGHT="29" WC="0.93" CONTENT="Mit—"/>
					</TextLine>
					<TextLine ID="line_156" HPOS="963" VPOS="1938" WIDTH="104" HEIGHT="36">
						<String ID="string_1025" HPOS="963" VPOS="1938" WIDTH="104" HEIGHT="36" WC="0.93" CONTENT="glieder."/>
					</TextLine>
					<TextLine ID="line_157" HPOS="1020" VPOS="1992" WIDTH="721" HEIGHT="41">
						<String ID="string_1026" HPOS="1020" VPOS="1992" WIDTH="62" HEIGHT="28" WC="0.91" CONTENT="Das"/><SP WIDTH="23" VPOS="1992" HPOS="1082"/>
						<String ID="string_1027" HPOS="1105" VPOS="1993" WIDTH="268" HEIGHT="35" WC="0.92" CONTENT="Kultusminiſtexium"/><SP WIDTH="22" VPOS="1993" HPOS="1373"/>
						<String ID="string_1028" HPOS="1395" VPOS="1996" WIDTH="95" HEIGHT="31" WC="0.92" CONTENT="rechnet"/><SP WIDTH="22" VPOS="1996" HPOS="1490"/>
						<String ID="string_1029" HPOS="1512" VPOS="1996" WIDTH="37" HEIGHT="28" WC="0.92" CONTENT="die"/><SP WIDTH="41" VPOS="1996" HPOS="1549"/>
						<String ID="string_1030" HPOS="1590" VPOS="1996" WIDTH="151" HEIGHT="37" WC="0.91" CONTENT="Steuogra—"/>
					</TextLine>
					<TextLine ID="line_158" HPOS="963" VPOS="2030" WIDTH="779" HEIGHT="36">
						<String ID="string_1031" HPOS="963" VPOS="2030" WIDTH="57" HEIGHT="33" WC="0.92" CONTENT="phie"/><SP WIDTH="23" VPOS="2030" HPOS="1020"/>
						<String ID="string_1032" HPOS="1043" VPOS="2039" WIDTH="29" HEIGHT="26" WC="0.92" CONTENT="zu"/><SP WIDTH="23" VPOS="2039" HPOS="1072"/>
						<String ID="string_1033" HPOS="1095" VPOS="2031" WIDTH="45" HEIGHT="28" WC="0.92" CONTENT="den"/><SP WIDTH="23" VPOS="2031" HPOS="1140"/>
						<String ID="string_1034" HPOS="1163" VPOS="2031" WIDTH="111" HEIGHT="35" WC="0.91" CONTENT="Körper,"/><SP WIDTH="25" VPOS="2031" HPOS="1274"/>
						<String ID="string_1035" HPOS="1299" VPOS="2032" WIDTH="70" HEIGHT="34" WC="0.93" CONTENT="Geiſt"/><SP WIDTH="22" VPOS="2032" HPOS="1369"/>
						<String ID="string_1036" HPOS="1391" VPOS="2034" WIDTH="51" HEIGHT="28" WC="0.92" CONTENT="und"/><SP WIDTH="29" VPOS="2034" HPOS="1442"/>
						<String ID="string_1037" HPOS="1471" VPOS="2034" WIDTH="95" HEIGHT="29" WC="0.92" CONTENT="Gemüt"/><SP WIDTH="43" VPOS="2034" HPOS="1566"/>
						<String ID="string_1038" HPOS="1609" VPOS="2035" WIDTH="133" HEIGHT="28" WC="0.8" CONTENT="bildenüden"/>
					</TextLine>
					<TextLine ID="line_159" HPOS="963" VPOS="2066" WIDTH="778" HEIGHT="41">
						<String ID="string_1039" HPOS="963" VPOS="2066" WIDTH="156" HEIGHT="36" WC="0.88" CONTENT="Elementen,"/><SP WIDTH="23" VPOS="2066" HPOS="1119"/>
						<String ID="string_1040" HPOS="1142" VPOS="2069" WIDTH="39" HEIGHT="28" WC="0.93" CONTENT="die"/><SP WIDTH="21" VPOS="2069" HPOS="1181"/>
						<String ID="string_1041" HPOS="1202" VPOS="2071" WIDTH="26" HEIGHT="27" WC="0.93" CONTENT="in"/><SP WIDTH="22" VPOS="2071" HPOS="1228"/>
						<String ID="string_1042" HPOS="1250" VPOS="2070" WIDTH="229" HEIGHT="37" WC="0.91" CONTENT="Jugendgruppen"/><SP WIDTH="23" VPOS="2070" HPOS="1479"/>
						<String ID="string_1043" HPOS="1502" VPOS="2073" WIDTH="51" HEIGHT="28" WC="0.93" CONTENT="und"/><SP WIDTH="23" VPOS="2073" HPOS="1553"/>
						<String ID="string_1044" HPOS="1576" VPOS="2073" WIDTH="46" HEIGHT="28" WC="0.92" CONTENT="den"/><SP WIDTH="32" VPOS="2073" HPOS="1622"/>
						<String ID="string_1045" HPOS="1654" VPOS="2073" WIDTH="87" HEIGHT="28" WC="0.88" CONTENT="Verei—"/>
					</TextLine>
					<TextLine ID="line_160" HPOS="963" VPOS="2106" WIDTH="778" HEIGHT="42">
						<String ID="string_1046" HPOS="963" VPOS="2114" WIDTH="47" HEIGHT="19" WC="0.92" CONTENT="nen"/><SP WIDTH="22" VPOS="2114" HPOS="1010"/>
						<String ID="string_1047" HPOS="1032" VPOS="2106" WIDTH="44" HEIGHT="42" WC="0.91" CONTENT="für"/><SP WIDTH="20" VPOS="2106" HPOS="1076"/>
						<String ID="string_1048" HPOS="1096" VPOS="2106" WIDTH="49" HEIGHT="29" WC="0.90" CONTENT="das"/><SP WIDTH="22" VPOS="2106" HPOS="1145"/>
						<String ID="string_1049" HPOS="1167" VPOS="2108" WIDTH="86" HEIGHT="34" WC="0.90" CONTENT="reifere"/><SP WIDTH="23" VPOS="2108" HPOS="1253"/>
						<String ID="string_1050" HPOS="1276" VPOS="2108" WIDTH="71" HEIGHT="29" WC="0.0" CONTENT="Rlter"/><SP WIDTH="23" VPOS="2108" HPOS="1347"/>
						<String ID="string_1051" HPOS="1370" VPOS="2110" WIDTH="25" HEIGHT="28" WC="0.11" CONTENT="u"/><SP WIDTH="24" VPOS="2110" HPOS="1395"/>
						<String ID="string_1052" HPOS="1419" VPOS="2111" WIDTH="41" HEIGHT="26" WC="0.88" CONTENT="der"/><SP WIDTH="29" VPOS="2111" HPOS="1460"/>
						<String ID="string_1053" HPOS="1489" VPOS="2111" WIDTH="117" HEIGHT="36" WC="0.88" CONTENT="geſetzlich"/><SP WIDTH="33" VPOS="2111" HPOS="1606"/>
						<String ID="string_1054" HPOS="1639" VPOS="2111" WIDTH="102" HEIGHT="36" WC="0.92" CONTENT="gegebe—"/>
					</TextLine>
					<TextLine ID="line_161" HPOS="963" VPOS="2144" WIDTH="779" HEIGHT="41">
						<String ID="string_1055" HPOS="963" VPOS="2152" WIDTH="47" HEIGHT="19" WC="0.90" CONTENT="nen"/><SP WIDTH="23" VPOS="2152" HPOS="1010"/>
						<String ID="string_1056" HPOS="1033" VPOS="2144" WIDTH="76" HEIGHT="34" WC="0.90" CONTENT="freien"/><SP WIDTH="22" VPOS="2144" HPOS="1109"/>
						<String ID="string_1057" HPOS="1131" VPOS="2145" WIDTH="58" HEIGHT="35" WC="0.91" CONTENT="Zeit"/><SP WIDTH="25" VPOS="2145" HPOS="1189"/>
						<String ID="string_1058" HPOS="1214" VPOS="2147" WIDTH="110" HEIGHT="35" WC="0.91" CONTENT="gepflegt,"/><SP WIDTH="41" VPOS="2147" HPOS="1324"/>
						<String ID="string_1059" HPOS="1365" VPOS="2148" WIDTH="108" HEIGHT="28" WC="0.35" CONTENT="werden.“"/><SP WIDTH="62" VPOS="2148" HPOS="1473"/>
						<String ID="string_1060" HPOS="1535" VPOS="2149" WIDTH="40" HEIGHT="31" WC="0.47" CONTENT="Jn"/><SP WIDTH="41" VPOS="2149" HPOS="1575"/>
						<String ID="string_1061" HPOS="1616" VPOS="2150" WIDTH="126" HEIGHT="35" WC="0.39" CONTENT="größeren"/>
					</TextLine>
					<TextLine ID="line_162" HPOS="964" VPOS="2182" WIDTH="778" HEIGHT="40">
						<String ID="string_1062" HPOS="964" VPOS="2182" WIDTH="117" HEIGHT="28" WC="0.91" CONTENT="Städten"/><SP WIDTH="33" VPOS="2182" HPOS="1081"/>
						<String ID="string_1063" HPOS="1114" VPOS="2183" WIDTH="109" HEIGHT="35" WC="0.39" CONTENT="beſtehen"/><SP WIDTH="33" VPOS="2183" HPOS="1223"/>
						<String ID="string_1064" HPOS="1256" VPOS="2185" WIDTH="406" HEIGHT="37" WC="0.75" CONTENT="Schülerſtenographenvereine,"/><SP WIDTH="43" VPOS="2185" HPOS="1662"/>
						<String ID="string_1065" HPOS="1705" VPOS="2187" WIDTH="37" HEIGHT="28" WC="0.84" CONTENT="die"/>
					</TextLine>
					<TextLine ID="line_163" HPOS="965" VPOS="2220" WIDTH="777" HEIGHT="40">
						<String ID="string_1066" HPOS="965" VPOS="2226" WIDTH="73" HEIGHT="22" WC="0.89" CONTENT="unter"/><SP WIDTH="22" VPOS="2226" HPOS="1038"/>
						<String ID="string_1067" HPOS="1060" VPOS="2220" WIDTH="111" HEIGHT="35" WC="0.81" CONTENT="Aufſicht"/><SP WIDTH="18" VPOS="2220" HPOS="1171"/>
						<String ID="string_1068" HPOS="1189" VPOS="2222" WIDTH="42" HEIGHT="27" WC="0.49" CONTENT="der"/><SP WIDTH="18" VPOS="2222" HPOS="1231"/>
						<String ID="string_1069" HPOS="1249" VPOS="2223" WIDTH="224" HEIGHT="37" WC="0.5" CONTENT="Schulleitungn"/><SP WIDTH="19" VPOS="2223" HPOS="1473"/>
						<String ID="string_1070" HPOS="1492" VPOS="2225" WIDTH="108" HEIGHT="35" WC="0.92" CONTENT="ſtrenger"/><SP WIDTH="18" VPOS="2225" HPOS="1600"/>
						<String ID="string_1071" HPOS="1618" VPOS="2225" WIDTH="124" HEIGHT="28" WC="0.87" CONTENT="Vereins—"/>
					</TextLine>
					<TextLine ID="line_164" HPOS="965" VPOS="2258" WIDTH="777" HEIGHT="41">
						<String ID="string_1072" HPOS="965" VPOS="2259" WIDTH="67" HEIGHT="34" WC="0.92" CONTENT="zucht"/><SP WIDTH="23" VPOS="2259" HPOS="1032"/>
						<String ID="string_1073" HPOS="1055" VPOS="2258" WIDTH="121" HEIGHT="28" WC="0.92" CONTENT="arbeiten."/><SP WIDTH="42" VPOS="2258" HPOS="1176"/>
						<String ID="string_1074" HPOS="1218" VPOS="2260" WIDTH="55" HEIGHT="27" WC="0.92" CONTENT="Der"/><SP WIDTH="29" VPOS="2260" HPOS="1273"/>
						<String ID="string_1075" HPOS="1302" VPOS="2262" WIDTH="133" HEIGHT="34" WC="0.82" CONTENT="gewandie"/><SP WIDTH="41" VPOS="2262" HPOS="1435"/>
						<String ID="string_1076" HPOS="1476" VPOS="2262" WIDTH="183" HEIGHT="37" WC="0.29" CONTENT="Stenograph,"/><SP WIDTH="42" VPOS="2262" HPOS="1659"/>
						<String ID="string_1077" HPOS="1701" VPOS="2264" WIDTH="41" HEIGHT="27" WC="0.92" CONTENT="der"/>
					</TextLine>
					<TextLine ID="line_165" HPOS="966" VPOS="2296" WIDTH="776" HEIGHT="41">
						<String ID="string_1078" HPOS="966" VPOS="2297" WIDTH="70" HEIGHT="33" WC="0.92" CONTENT="flotte"/><SP WIDTH="22" VPOS="2297" HPOS="1036"/>
						<String ID="string_1079" HPOS="1058" VPOS="2296" WIDTH="273" HEIGHT="35" WC="0.92" CONTENT="Maſchinenſchreiber"/><SP WIDTH="25" VPOS="2296" HPOS="1331"/>
						<String ID="string_1080" HPOS="1356" VPOS="2299" WIDTH="66" HEIGHT="28" WC="0.92" CONTENT="wird"/><SP WIDTH="39" VPOS="2299" HPOS="1422"/>
						<String ID="string_1081" HPOS="1461" VPOS="2300" WIDTH="100" HEIGHT="28" WC="0.1" CONTENT="überall!"/><SP WIDTH="43" VPOS="2300" HPOS="1561"/>
						<String ID="string_1082" HPOS="1604" VPOS="2300" WIDTH="138" HEIGHT="37" WC="0.60" CONTENT="bevorzugt"/>
					</TextLine>
					<TextLine ID="line_166" HPOS="967" VPOS="2335" WIDTH="779" HEIGHT="39">
						<String ID="string_1083" HPOS="967" VPOS="2335" WIDTH="143" HEIGHT="36" WC="0.92" CONTENT="gegenüber"/><SP WIDTH="22" VPOS="2335" HPOS="1110"/>
						<String ID="string_1084" HPOS="1132" VPOS="2336" WIDTH="53" HEIGHT="28" WC="0.92" CONTENT="dem"/><SP WIDTH="24" VPOS="2336" HPOS="1185"/>
						<String ID="string_1085" HPOS="1209" VPOS="2336" WIDTH="232" HEIGHT="37" WC="0.63" CONTENT="ſtenographiſchen"/><SP WIDTH="32" VPOS="2336" HPOS="1441"/>
						<String ID="string_1086" HPOS="1473" VPOS="2337" WIDTH="207" HEIGHT="37" WC="0.47" CONTENT="Analphabeten,"/><SP WIDTH="41" VPOS="2337" HPOS="1680"/>
						<String ID="string_1087" HPOS="1721" VPOS="2349" WIDTH="25" HEIGHT="18" WC="0.3" CONTENT="er"/>
					</TextLine>
					<TextLine ID="line_167" HPOS="968" VPOS="2373" WIDTH="776" HEIGHT="41">
						<String ID="string_1088" HPOS="968" VPOS="2375" WIDTH="44" HEIGHT="33" WC="0.91" CONTENT="hat"/><SP WIDTH="21" VPOS="2375" HPOS="1012"/>
						<String ID="string_1089" HPOS="1033" VPOS="2373" WIDTH="53" HEIGHT="27" WC="0.87" CONTENT="eine,"/><SP WIDTH="22" VPOS="2373" HPOS="1086"/>
						<String ID="string_1090" HPOS="1108" VPOS="2373" WIDTH="97" HEIGHT="36" WC="0.92" CONTENT="gewiſſe"/><SP WIDTH="26" VPOS="2373" HPOS="1205"/>
						<String ID="string_1091" HPOS="1231" VPOS="2375" WIDTH="100" HEIGHT="36" WC="0.92" CONTENT="geiflige"/><SP WIDTH="22" VPOS="2375" HPOS="1331"/>
						<String ID="string_1092" HPOS="1353" VPOS="2375" WIDTH="52" HEIGHT="28" WC="0.13" CONTENT="und"/><SP WIDTH="37" VPOS="2375" HPOS="1405"/>
						<String ID="string_1093" HPOS="1442" VPOS="2377" WIDTH="125" HEIGHT="28" WC="0.74" CONTENT="mannelle!"/><SP WIDTH="41" VPOS="2377" HPOS="1567"/>
						<String ID="string_1094" HPOS="1608" VPOS="2377" WIDTH="136" HEIGHT="37" WC="0.26" CONTENT="Schülung"/>
					</TextLine>
					<TextLine ID="line_168" HPOS="968" VPOS="2411" WIDTH="776" HEIGHT="40">
						<String ID="string_1095" HPOS="968" VPOS="2411" WIDTH="172" HEIGHT="34" WC="0.91" CONTENT="durchlaufen,"/><SP WIDTH="24" VPOS="2411" HPOS="1140"/>
						<String ID="string_1096" HPOS="1164" VPOS="2412" WIDTH="37" HEIGHT="27" WC="0.86" CONTENT="die"/><SP WIDTH="33" VPOS="2412" HPOS="1201"/>
						<String ID="string_1097" HPOS="1234" VPOS="2413" WIDTH="42" HEIGHT="27" WC="0.89" CONTENT="der"/><SP WIDTH="40" VPOS="2413" HPOS="1276"/>
						<String ID="string_1098" HPOS="1316" VPOS="2413" WIDTH="158" HEIGHT="34" WC="0.87" CONTENT="Dienſtſtelle"/><SP WIDTH="40" VPOS="2413" HPOS="1474"/>
						<String ID="string_1099" HPOS="1514" VPOS="2422" WIDTH="91" HEIGHT="29" WC="0.90" CONTENT="zugute"/><SP WIDTH="41" VPOS="2422" HPOS="1605"/>
						<String ID="string_1100" HPOS="1646" VPOS="2417" WIDTH="98" HEIGHT="28" WC="0.12" CONTENT="kommf—"/>
					</TextLine>
					<TextLine ID="line_169" HPOS="967" VPOS="2449" WIDTH="779" HEIGHT="42">
						<String ID="string_1101" HPOS="967" VPOS="2449" WIDTH="114" HEIGHT="34" WC="0.91" CONTENT="Vielfach"/><SP WIDTH="23" VPOS="2449" HPOS="1081"/>
						<String ID="string_1102" HPOS="1104" VPOS="2450" WIDTH="65" HEIGHT="27" WC="0.90" CONTENT="wird"/><SP WIDTH="22" VPOS="2450" HPOS="1169"/>
						<String ID="string_1103" HPOS="1191" VPOS="2450" WIDTH="52" HEIGHT="28" WC="0.68" CONTENT="eine"/><SP WIDTH="22" VPOS="2450" HPOS="1243"/>
						<String ID="string_1104" HPOS="1265" VPOS="2451" WIDTH="231" HEIGHT="38" WC="0.68" CONTENT="Stelleubeſetzung"/><SP WIDTH="31" VPOS="2451" HPOS="1496"/>
						<String ID="string_1105" HPOS="1527" VPOS="2454" WIDTH="133" HEIGHT="36" WC="0.60" CONTENT="abhängig"/><SP WIDTH="45" VPOS="2454" HPOS="1660"/>
						<String ID="string_1106" HPOS="1705" VPOS="2463" WIDTH="41" HEIGHT="28" WC="0.67" CONTENT="ge—"/>
					</TextLine>
					<TextLine ID="line_170" HPOS="967" VPOS="2488" WIDTH="777" HEIGHT="41">
						<String ID="string_1107" HPOS="967" VPOS="2488" WIDTH="81" HEIGHT="33" WC="0.91" CONTENT="macht"/><SP WIDTH="22" VPOS="2488" HPOS="1048"/>
						<String ID="string_1108" HPOS="1070" VPOS="2494" WIDTH="50" HEIGHT="22" WC="0.93" CONTENT="von"/><SP WIDTH="38" VPOS="2494" HPOS="1120"/>
						<String ID="string_1109" HPOS="1158" VPOS="2488" WIDTH="42" HEIGHT="27" WC="0.92" CONTENT="der,"/><SP WIDTH="40" VPOS="2488" HPOS="1200"/>
						<String ID="string_1110" HPOS="1240" VPOS="2488" WIDTH="136" HEIGHT="37" WC="0.81" CONTENT="Fertigteit"/><SP WIDTH="42" VPOS="2488" HPOS="1376"/>
						<String ID="string_1111" HPOS="1418" VPOS="2491" WIDTH="33" HEIGHT="28" WC="0.40" CONTENT="im"/><SP WIDTH="41" VPOS="2491" HPOS="1451"/>
						<String ID="string_1112" HPOS="1492" VPOS="2491" WIDTH="252" HEIGHT="38" WC="0.71" CONTENT="Stenögräphieren."/>
					</TextLine>
					<TextLine ID="line_171" HPOS="968" VPOS="2526" WIDTH="778" HEIGHT="41">
						<String ID="string_1113" HPOS="968" VPOS="2526" WIDTH="56" HEIGHT="35" WC="0.90" CONTENT="Für"/><SP WIDTH="18" VPOS="2526" HPOS="1024"/>
						<String ID="string_1114" HPOS="1042" VPOS="2526" WIDTH="100" HEIGHT="32" WC="0.92" CONTENT="manche"/><SP WIDTH="19" VPOS="2526" HPOS="1142"/>
						<String ID="string_1115" HPOS="1161" VPOS="2526" WIDTH="27" HEIGHT="35" WC="0.60" CONTENT="iſt"/><SP WIDTH="19" VPOS="2526" HPOS="1188"/>
						<String ID="string_1116" HPOS="1207" VPOS="2526" WIDTH="37" HEIGHT="28" WC="0.93" CONTENT="die"/><SP WIDTH="15" VPOS="2526" HPOS="1244"/>
						<String ID="string_1117" HPOS="1259" VPOS="2527" WIDTH="198" HEIGHT="37" WC="0.84" CONTENT="Stenographie"/><SP WIDTH="17" VPOS="2527" HPOS="1457"/>
						<String ID="string_1118" HPOS="1474" VPOS="2538" WIDTH="29" HEIGHT="26" WC="0.93" CONTENT="zu"/><SP WIDTH="22" VPOS="2538" HPOS="1503"/>
						<String ID="string_1119" HPOS="1525" VPOS="2530" WIDTH="79" HEIGHT="28" WC="0.91" CONTENT="einem"/><SP WIDTH="14" VPOS="2530" HPOS="1604"/>
						<String ID="string_1120" HPOS="1618" VPOS="2530" WIDTH="128" HEIGHT="37" WC="0.57" CONTENT="Sprung—"/>
					</TextLine>
					<TextLine ID="line_172" HPOS="969" VPOS="2565" WIDTH="777" HEIGHT="38">
						<String ID="string_1121" HPOS="969" VPOS="2566" WIDTH="65" HEIGHT="27" WC="0.92" CONTENT="brett"/><SP WIDTH="11" VPOS="2566" HPOS="1034"/>
						<String ID="string_1122" HPOS="1045" VPOS="2565" WIDTH="42" HEIGHT="33" WC="0.92" CONTENT="für"/><SP WIDTH="17" VPOS="2565" HPOS="1087"/>
						<String ID="string_1123" HPOS="1104" VPOS="2565" WIDTH="52" HEIGHT="27" WC="0.93" CONTENT="eine"/><SP WIDTH="22" VPOS="2565" HPOS="1156"/>
						<String ID="string_1124" HPOS="1178" VPOS="2565" WIDTH="91" HEIGHT="35" WC="0.92" CONTENT="höhere"/><SP WIDTH="21" VPOS="2565" HPOS="1269"/>
						<String ID="string_1125" HPOS="1290" VPOS="2565" WIDTH="126" HEIGHT="38" WC="0.89" CONTENT="Stelkung"/><SP WIDTH="24" VPOS="2565" HPOS="1416"/>
						<String ID="string_1126" HPOS="1440" VPOS="2568" WIDTH="142" HEIGHT="35" WC="0.92" CONTENT="geworden."/><SP WIDTH="43" VPOS="2568" HPOS="1582"/>
						<String ID="string_1127" HPOS="1625" VPOS="2568" WIDTH="60" HEIGHT="29" WC="0.93" CONTENT="Wer"/><SP WIDTH="29" VPOS="2568" HPOS="1685"/>
						<String ID="string_1128" HPOS="1714" VPOS="2569" WIDTH="32" HEIGHT="27" WC="0.52" CONTENT="ä—"/>
					</TextLine>
					<TextLine ID="line_173" HPOS="968" VPOS="2603" WIDTH="778" HEIGHT="38">
						<String ID="string_1129" HPOS="968" VPOS="2612" WIDTH="29" HEIGHT="20" WC="0.91" CONTENT="ne"/><SP WIDTH="42" VPOS="2612" HPOS="997"/>
						<String ID="string_1130" HPOS="1039" VPOS="2603" WIDTH="384" HEIGHT="38" WC="0.61" CONTENT="150-Silbengeſchwindigkeit"/><SP WIDTH="36" VPOS="2603" HPOS="1423"/>
						<String ID="string_1131" HPOS="1459" VPOS="2606" WIDTH="97" HEIGHT="32" WC="0.80" CONTENT="amtlich"/><SP WIDTH="52" VPOS="2606" HPOS="1556"/>
						<String ID="string_1132" HPOS="1608" VPOS="2607" WIDTH="138" HEIGHT="34" WC="0.80" CONTENT="nachweiſt,"/>
					</TextLine>
					<TextLine ID="line_174" HPOS="970" VPOS="2641" WIDTH="776" HEIGHT="39">
						<String ID="string_1133" HPOS="970" VPOS="2644" WIDTH="43" HEIGHT="30" WC="0.92" CONTENT="hat"/><SP WIDTH="22" VPOS="2644" HPOS="1013"/>
						<String ID="string_1134" HPOS="1035" VPOS="2641" WIDTH="131" HEIGHT="34" WC="0.91" CONTENT="Anſpruch"/><SP WIDTH="22" VPOS="2641" HPOS="1166"/>
						<String ID="string_1135" HPOS="1188" VPOS="2642" WIDTH="45" HEIGHT="33" WC="0.71" CONTENT="auͤf"/><SP WIDTH="21" VPOS="2642" HPOS="1233"/>
						<String ID="string_1136" HPOS="1254" VPOS="2643" WIDTH="52" HEIGHT="27" WC="0.71" CONTENT="eine"/><SP WIDTH="36" VPOS="2643" HPOS="1306"/>
						<String ID="string_1137" HPOS="1342" VPOS="2644" WIDTH="92" HEIGHT="34" WC="0.83" CONTENT="hoͤhere"/><SP WIDTH="40" VPOS="2644" HPOS="1434"/>
						<String ID="string_1138" HPOS="1474" VPOS="2644" WIDTH="160" HEIGHT="36" WC="0.86" CONTENT="Tarifklaſſe."/><SP WIDTH="62" VPOS="2644" HPOS="1634"/>
						<String ID="string_1139" HPOS="1696" VPOS="2645" WIDTH="50" HEIGHT="28" WC="0.86" CONTENT="Die"/>
					</TextLine>
					<TextLine ID="line_175" HPOS="969" VPOS="2679" WIDTH="777" HEIGHT="39">
						<String ID="string_1140" HPOS="969" VPOS="2679" WIDTH="169" HEIGHT="35" WC="0.69" CONTENT="Zeit-Kraft"/><SP WIDTH="22" VPOS="2679" HPOS="1138"/>
						<String ID="string_1141" HPOS="1160" VPOS="2679" WIDTH="52" HEIGHT="27" WC="0.92" CONTENT="und"/><SP WIDTH="22" VPOS="2679" HPOS="1212"/>
						<String ID="string_1142" HPOS="1234" VPOS="2679" WIDTH="68" HEIGHT="28" WC="0.92" CONTENT="Geld"/><SP WIDTH="34" VPOS="2679" HPOS="1302"/>
						<String ID="string_1143" HPOS="1336" VPOS="2681" WIDTH="149" HEIGHT="33" WC="0.90" CONTENT="erſparende"/><SP WIDTH="22" VPOS="2681" HPOS="1485"/>
						<String ID="string_1144" HPOS="1507" VPOS="2681" WIDTH="155" HEIGHT="36" WC="0.87" CONTENT="Kurzſchrift"/><SP WIDTH="29" VPOS="2681" HPOS="1662"/>
						<String ID="string_1145" HPOS="1691" VPOS="2683" WIDTH="55" HEIGHT="35" WC="0.93" CONTENT="gibt"/>
					</TextLine>
					<TextLine ID="line_176" HPOS="970" VPOS="2716" WIDTH="776" HEIGHT="39">
						<String ID="string_1146" HPOS="970" VPOS="2718" WIDTH="41" HEIGHT="26" WC="0.91" CONTENT="der"/><SP WIDTH="22" VPOS="2718" HPOS="1011"/>
						<String ID="string_1147" HPOS="1033" VPOS="2717" WIDTH="108" HEIGHT="36" WC="0.93" CONTENT="Jugend"/><SP WIDTH="21" VPOS="2717" HPOS="1141"/>
						<String ID="string_1148" HPOS="1162" VPOS="2716" WIDTH="58" HEIGHT="34" WC="0.0" CONTENT="Zein"/><SP WIDTH="21" VPOS="2716" HPOS="1220"/>
						<String ID="string_1149" HPOS="1241" VPOS="2725" WIDTH="57" HEIGHT="27" WC="0.31" CONTENT="zum"/><SP WIDTH="21" VPOS="2725" HPOS="1298"/>
						<String ID="string_1150" HPOS="1319" VPOS="2717" WIDTH="80" HEIGHT="34" WC="0.92" CONTENT="Spiel"/><SP WIDTH="21" VPOS="2717" HPOS="1399"/>
						<String ID="string_1151" HPOS="1420" VPOS="2718" WIDTH="52" HEIGHT="28" WC="0.93" CONTENT="und"/><SP WIDTH="30" VPOS="2718" HPOS="1472"/>
						<String ID="string_1152" HPOS="1502" VPOS="2720" WIDTH="44" HEIGHT="27" WC="0.78" CONTENT="den"/><SP WIDTH="42" VPOS="2720" HPOS="1546"/>
						<String ID="string_1153" HPOS="1588" VPOS="2720" WIDTH="34" HEIGHT="28" WC="0.58" CONTENT="im"/><SP WIDTH="42" VPOS="2720" HPOS="1622"/>
						<String ID="string_1154" HPOS="1664" VPOS="2720" WIDTH="82" HEIGHT="35" WC="0.92" CONTENT="Beruf"/>
					</TextLine>
					<TextLine ID="line_177" HPOS="969" VPOS="2754" WIDTH="775" HEIGHT="40">
						<String ID="string_1155" HPOS="969" VPOS="2755" WIDTH="150" HEIGHT="36" WC="0.91" CONTENT="Stehenden"/><SP WIDTH="21" VPOS="2755" HPOS="1119"/>
						<String ID="string_1156" HPOS="1140" VPOS="2763" WIDTH="44" HEIGHT="26" WC="0.92" CONTENT="zur"/><SP WIDTH="22" VPOS="2763" HPOS="1184"/>
						<String ID="string_1157" HPOS="1206" VPOS="2754" WIDTH="145" HEIGHT="37" WC="0.77" CONTENT="Erholung,"/><SP WIDTH="2" VPOS="2754" HPOS="1351"/>
						<String ID="string_1158" HPOS="1353" VPOS="2750" WIDTH="92" HEIGHT="48" WC="0.92" CONTENT="trägt"/><SP WIDTH="12" VPOS="2750" HPOS="1445"/>
						<String ID="string_1159" HPOS="1457" VPOS="2750" WIDTH="108" HEIGHT="48" WC="0.92" CONTENT="dadurch"/><SP WIDTH="14" VPOS="2750" HPOS="1565"/>
						<String ID="string_1160" HPOS="1579" VPOS="2767" WIDTH="45" HEIGHT="26" WC="0.93" CONTENT="zur"/><SP WIDTH="26" VPOS="2767" HPOS="1624"/>
						<String ID="string_1161" HPOS="1650" VPOS="2758" WIDTH="94" HEIGHT="36" WC="0.92" CONTENT="Erhal—"/>
					</TextLine>
					<TextLine ID="line_178" HPOS="969" VPOS="2792" WIDTH="775" HEIGHT="37">
						<String ID="string_1162" HPOS="969" VPOS="2798" WIDTH="62" HEIGHT="31" WC="0.90" CONTENT="tung"/><SP WIDTH="24" VPOS="2798" HPOS="1031"/>
						<String ID="string_1163" HPOS="1055" VPOS="2794" WIDTH="51" HEIGHT="27" WC="0.93" CONTENT="und"/><SP WIDTH="23" VPOS="2794" HPOS="1106"/>
						<String ID="string_1164" HPOS="1129" VPOS="2792" WIDTH="177" HEIGHT="37" WC="0.92" CONTENT="Vermehrung"/><SP WIDTH="25" VPOS="2792" HPOS="1306"/>
						<String ID="string_1165" HPOS="1331" VPOS="2795" WIDTH="42" HEIGHT="27" WC="0.93" CONTENT="der"/><SP WIDTH="22" VPOS="2795" HPOS="1373"/>
						<String ID="string_1166" HPOS="1395" VPOS="2794" WIDTH="147" HEIGHT="35" WC="0.91" CONTENT="Volkskraft"/><SP WIDTH="24" VPOS="2794" HPOS="1542"/>
						<String ID="string_1167" HPOS="1566" VPOS="2796" WIDTH="37" HEIGHT="28" WC="0.93" CONTENT="bei"/><SP WIDTH="22" VPOS="2796" HPOS="1603"/>
						<String ID="string_1168" HPOS="1625" VPOS="2796" WIDTH="52" HEIGHT="28" WC="0.91" CONTENT="und"/><SP WIDTH="25" VPOS="2796" HPOS="1677"/>
						<String ID="string_1169" HPOS="1702" VPOS="2797" WIDTH="42" HEIGHT="28" WC="0.80" CONTENT="lei—"/>
					</TextLine>
					<TextLine ID="line_179" HPOS="969" VPOS="2830" WIDTH="775" HEIGHT="40">
						<String ID="string_1170" HPOS="969" VPOS="2833" WIDTH="42" HEIGHT="31" WC="0.91" CONTENT="ſtet"/><SP WIDTH="21" VPOS="2833" HPOS="1011"/>
						<String ID="string_1171" HPOS="1032" VPOS="2832" WIDTH="26" HEIGHT="34" WC="0.85" CONTENT="jo"/><SP WIDTH="22" VPOS="2832" HPOS="1058"/>
						<String ID="string_1172" HPOS="1080" VPOS="2830" WIDTH="283" HEIGHT="38" WC="0.72" CONTENT="volksgefundheitliche"/><SP WIDTH="26" VPOS="2830" HPOS="1363"/>
						<String ID="string_1173" HPOS="1389" VPOS="2832" WIDTH="98" HEIGHT="29" WC="0.92" CONTENT="Arbeit."/><SP WIDTH="42" VPOS="2832" HPOS="1487"/>
						<String ID="string_1174" HPOS="1529" VPOS="2833" WIDTH="89" HEIGHT="29" WC="0.92" CONTENT="Leider"/><SP WIDTH="41" VPOS="2833" HPOS="1618"/>
						<String ID="string_1175" HPOS="1659" VPOS="2836" WIDTH="85" HEIGHT="34" WC="0.91" CONTENT="kehren"/>
					</TextLine>
					<TextLine ID="line_180" HPOS="968" VPOS="2869" WIDTH="775" HEIGHT="38">
						<String ID="string_1176" HPOS="968" VPOS="2870" WIDTH="100" HEIGHT="33" WC="0.92" CONTENT="manche"/><SP WIDTH="21" VPOS="2870" HPOS="1068"/>
						<String ID="string_1177" HPOS="1089" VPOS="2869" WIDTH="132" HEIGHT="35" WC="0.62" CONTENT="Perſonen"/><SP WIDTH="18" VPOS="2869" HPOS="1221"/>
						<String ID="string_1178" HPOS="1239" VPOS="2870" WIDTH="25" HEIGHT="27" WC="0.92" CONTENT="in"/><SP WIDTH="23" VPOS="2870" HPOS="1264"/>
						<String ID="string_1179" HPOS="1287" VPOS="2870" WIDTH="177" HEIGHT="29" WC="0.91" CONTENT="undankbarer"/><SP WIDTH="23" VPOS="2870" HPOS="1464"/>
						<String ID="string_1180" HPOS="1487" VPOS="2871" WIDTH="78" HEIGHT="35" WC="0.92" CONTENT="Weiſe"/><SP WIDTH="25" VPOS="2871" HPOS="1565"/>
						<String ID="string_1181" HPOS="1590" VPOS="2874" WIDTH="43" HEIGHT="26" WC="0.92" CONTENT="der"/><SP WIDTH="33" VPOS="2874" HPOS="1633"/>
						<String ID="string_1182" HPOS="1666" VPOS="2874" WIDTH="77" HEIGHT="33" WC="0.37" CONTENT="ſtéeno—"/>
					</TextLine>
					<TextLine ID="line_181" HPOS="968" VPOS="2908" WIDTH="775" HEIGHT="38">
						<String ID="string_1183" HPOS="968" VPOS="2908" WIDTH="163" HEIGHT="36" WC="0.84" CONTENT="graphiſchen"/><SP WIDTH="24" VPOS="2908" HPOS="1131"/>
						<String ID="string_1184" HPOS="1155" VPOS="2908" WIDTH="149" HEIGHT="36" WC="0.91" CONTENT="Bewegung"/><SP WIDTH="24" VPOS="2908" HPOS="1304"/>
						<String ID="string_1185" HPOS="1328" VPOS="2909" WIDTH="45" HEIGHT="29" WC="0.92" CONTENT="den"/><SP WIDTH="23" VPOS="2909" HPOS="1373"/>
						<String ID="string_1186" HPOS="1396" VPOS="2909" WIDTH="102" HEIGHT="29" WC="0.92" CONTENT="Rücken."/><SP WIDTH="42" VPOS="2909" HPOS="1498"/>
						<String ID="string_1187" HPOS="1540" VPOS="2910" WIDTH="39" HEIGHT="28" WC="0.92" CONTENT="Es"/><SP WIDTH="24" VPOS="2910" HPOS="1579"/>
						<String ID="string_1188" HPOS="1603" VPOS="2911" WIDTH="26" HEIGHT="34" WC="0.93" CONTENT="iſt"/><SP WIDTH="21" VPOS="2911" HPOS="1629"/>
						<String ID="string_1189" HPOS="1650" VPOS="2911" WIDTH="93" HEIGHT="35" WC="0.92" CONTENT="Pflicht"/>
					</TextLine>
					<TextLine ID="line_182" HPOS="968" VPOS="2946" WIDTH="775" HEIGHT="38">
						<String ID="string_1190" HPOS="968" VPOS="2948" WIDTH="42" HEIGHT="27" WC="0.92" CONTENT="der"/><SP WIDTH="22" VPOS="2948" HPOS="1010"/>
						<String ID="string_1191" HPOS="1032" VPOS="2946" WIDTH="148" HEIGHT="36" WC="0.92" CONTENT="Behörden,"/><SP WIDTH="23" VPOS="2946" HPOS="1180"/>
						<String ID="string_1192" HPOS="1203" VPOS="2947" WIDTH="42" HEIGHT="29" WC="0.93" CONTENT="der"/><SP WIDTH="13" VPOS="2947" HPOS="1245"/>
						<String ID="string_1193" HPOS="1258" VPOS="2947" WIDTH="165" HEIGHT="34" WC="0.92" CONTENT="Gemeinden,"/><SP WIDTH="15" VPOS="2947" HPOS="1423"/>
						<String ID="string_1194" HPOS="1438" VPOS="2948" WIDTH="41" HEIGHT="29" WC="0.92" CONTENT="der"/><SP WIDTH="21" VPOS="2948" HPOS="1479"/>
						<String ID="string_1195" HPOS="1500" VPOS="2949" WIDTH="174" HEIGHT="35" WC="0.85" CONTENT="Dienſtftellen"/><SP WIDTH="18" VPOS="2949" HPOS="1674"/>
						<String ID="string_1196" HPOS="1692" VPOS="2951" WIDTH="51" HEIGHT="27" WC="0.90" CONTENT="und"/>
					</TextLine>
					<TextLine ID="line_183" HPOS="968" VPOS="2985" WIDTH="775" HEIGHT="40">
						<String ID="string_1197" HPOS="968" VPOS="2985" WIDTH="41" HEIGHT="28" WC="0.93" CONTENT="der"/><SP WIDTH="23" VPOS="2985" HPOS="1009"/>
						<String ID="string_1198" HPOS="1032" VPOS="2985" WIDTH="223" HEIGHT="36" WC="0.73" CONTENT="Einzelperlonen,"/><SP WIDTH="24" VPOS="2985" HPOS="1255"/>
						<String ID="string_1199" HPOS="1279" VPOS="2986" WIDTH="37" HEIGHT="27" WC="0.93" CONTENT="die"/><SP WIDTH="22" VPOS="2986" HPOS="1316"/>
						<String ID="string_1200" HPOS="1338" VPOS="2986" WIDTH="90" HEIGHT="29" WC="0.92" CONTENT="Arbeit"/><SP WIDTH="23" VPOS="2986" HPOS="1428"/>
						<String ID="string_1201" HPOS="1451" VPOS="2988" WIDTH="42" HEIGHT="27" WC="0.93" CONTENT="der"/><SP WIDTH="32" VPOS="2988" HPOS="1493"/>
						<String ID="string_1202" HPOS="1525" VPOS="2987" WIDTH="218" HEIGHT="38" WC="0.92" CONTENT="Stenographen—"/>
					</TextLine>
					<TextLine ID="line_184" HPOS="966" VPOS="3024" WIDTH="777" HEIGHT="39">
						<String ID="string_1203" HPOS="966" VPOS="3024" WIDTH="106" HEIGHT="33" WC="0.92" CONTENT="vereine,"/><SP WIDTH="24" VPOS="3024" HPOS="1072"/>
						<String ID="string_1204" HPOS="1096" VPOS="3024" WIDTH="41" HEIGHT="27" WC="0.93" CONTENT="der"/><SP WIDTH="22" VPOS="3024" HPOS="1137"/>
						<String ID="string_1205" HPOS="1159" VPOS="3024" WIDTH="165" HEIGHT="35" WC="0.93" CONTENT="Fachſchulen"/><SP WIDTH="22" VPOS="3024" HPOS="1324"/>
						<String ID="string_1206" HPOS="1346" VPOS="3026" WIDTH="51" HEIGHT="27" WC="0.92" CONTENT="und"/><SP WIDTH="33" VPOS="3026" HPOS="1397"/>
						<String ID="string_1207" HPOS="1430" VPOS="3025" WIDTH="313" HEIGHT="38" WC="0.48" CONTENT="Stenographen-Lehrer"/>
					</TextLine>
					<TextLine ID="line_185" HPOS="963" VPOS="3062" WIDTH="165" HEIGHT="36">
						<String ID="string_1208" HPOS="963" VPOS="3071" WIDTH="28" HEIGHT="27" WC="0.93" CONTENT="zu"/><SP WIDTH="23" VPOS="3071" HPOS="991"/>
						<String ID="string_1209" HPOS="1014" VPOS="3062" WIDTH="114" HEIGHT="34" WC="0.43" CONTENT="fördern,"/>
					</TextLine>
					<TextLine ID="line_186" HPOS="1020" VPOS="3116" WIDTH="721" HEIGHT="39">
						<String ID="string_1210" HPOS="1020" VPOS="3116" WIDTH="55" HEIGHT="28" WC="0.92" CONTENT="Wie"/><SP WIDTH="22" VPOS="3116" HPOS="1075"/>
						<String ID="string_1211" HPOS="1097" VPOS="3117" WIDTH="40" HEIGHT="28" WC="0.93" CONTENT="ein"/><SP WIDTH="29" VPOS="3117" HPOS="1137"/>
						<String ID="string_1212" HPOS="1166" VPOS="3116" WIDTH="169" HEIGHT="34" WC="0.92" CONTENT="ſchreibendes"/><SP WIDTH="30" VPOS="3116" HPOS="1335"/>
						<String ID="string_1213" HPOS="1365" VPOS="3116" WIDTH="67" HEIGHT="30" WC="0.91" CONTENT="Volk"/><SP WIDTH="40" VPOS="3116" HPOS="1432"/>
						<String ID="string_1214" HPOS="1472" VPOS="3118" WIDTH="70" HEIGHT="29" WC="0.92" CONTENT="einen"/><SP WIDTH="42" VPOS="3118" HPOS="1542"/>
						<String ID="string_1215" HPOS="1584" VPOS="3118" WIDTH="157" HEIGHT="37" WC="0.91" CONTENT="Vorſprung"/>
					</TextLine>
					<TextLine ID="line_187" HPOS="963" VPOS="3154" WIDTH="779" HEIGHT="37">
						<String ID="string_1216" HPOS="963" VPOS="3155" WIDTH="43" HEIGHT="34" WC="0.92" CONTENT="hat"/><SP WIDTH="22" VPOS="3155" HPOS="1006"/>
						<String ID="string_1217" HPOS="1028" VPOS="3161" WIDTH="47" HEIGHT="22" WC="0.92" CONTENT="vor"/><SP WIDTH="22" VPOS="3161" HPOS="1075"/>
						<String ID="string_1218" HPOS="1097" VPOS="3155" WIDTH="79" HEIGHT="28" WC="0.92" CONTENT="einem"/><SP WIDTH="22" VPOS="3155" HPOS="1176"/>
						<String ID="string_1219" HPOS="1198" VPOS="3164" WIDTH="49" HEIGHT="18" WC="0.93" CONTENT="nur"/><SP WIDTH="23" VPOS="3164" HPOS="1247"/>
						<String ID="string_1220" HPOS="1270" VPOS="3154" WIDTH="171" HEIGHT="36" WC="0.92" CONTENT="ſprechenden,"/><SP WIDTH="24" VPOS="3154" HPOS="1441"/>
						<String ID="string_1221" HPOS="1465" VPOS="3156" WIDTH="25" HEIGHT="34" WC="0.92" CONTENT="ſo"/><SP WIDTH="24" VPOS="3156" HPOS="1490"/>
						<String ID="string_1222" HPOS="1514" VPOS="3157" WIDTH="64" HEIGHT="28" WC="0.92" CONTENT="wird"/><SP WIDTH="23" VPOS="3157" HPOS="1578"/>
						<String ID="string_1223" HPOS="1601" VPOS="3158" WIDTH="59" HEIGHT="33" WC="0.92" CONTENT="auch"/><SP WIDTH="30" VPOS="3158" HPOS="1660"/>
						<String ID="string_1224" HPOS="1690" VPOS="3157" WIDTH="52" HEIGHT="28" WC="0.90" CONTENT="eine"/>
					</TextLine>
					<TextLine ID="line_188" HPOS="961" VPOS="3192" WIDTH="778" HEIGHT="37">
						<String ID="string_1225" HPOS="961" VPOS="3193" WIDTH="255" HEIGHT="36" WC="0.91" CONTENT="ſtenographierende"/><SP WIDTH="23" VPOS="3193" HPOS="1216"/>
						<String ID="string_1226" HPOS="1239" VPOS="3192" WIDTH="161" HEIGHT="31" WC="0.81" CONTENT="Generation"/><SP WIDTH="21" VPOS="3192" HPOS="1400"/>
						<String ID="string_1227" HPOS="1421" VPOS="3202" WIDTH="46" HEIGHT="21" WC="0.92" CONTENT="vor"/><SP WIDTH="23" VPOS="3202" HPOS="1467"/>
						<String ID="string_1228" HPOS="1490" VPOS="3196" WIDTH="41" HEIGHT="27" WC="0.92" CONTENT="der"/><SP WIDTH="18" VPOS="3196" HPOS="1531"/>
						<String ID="string_1229" HPOS="1549" VPOS="3204" WIDTH="49" HEIGHT="19" WC="0.84" CONTENT="nur"/><SP WIDTH="15" VPOS="3204" HPOS="1598"/>
						<String ID="string_1230" HPOS="1613" VPOS="3197" WIDTH="38" HEIGHT="27" WC="0.92" CONTENT="ein"/><SP WIDTH="19" VPOS="3197" HPOS="1651"/>
						<String ID="string_1231" HPOS="1670" VPOS="3197" WIDTH="69" HEIGHT="27" WC="0.90" CONTENT="Kur—"/>
					</TextLine>
					<TextLine ID="line_189" HPOS="960" VPOS="3232" WIDTH="776" HEIGHT="39">
						<String ID="string_1232" HPOS="960" VPOS="3232" WIDTH="140" HEIGHT="34" WC="0.92" CONTENT="rentſchrift"/><SP WIDTH="37" VPOS="3232" HPOS="1100"/>
						<String ID="string_1233" HPOS="1137" VPOS="3232" WIDTH="170" HEIGHT="34" WC="0.78" CONTENT="ſchreibenden"/><SP WIDTH="41" VPOS="3232" HPOS="1307"/>
						<String ID="string_1234" HPOS="1348" VPOS="3233" WIDTH="45" HEIGHT="29" WC="0.92" CONTENT="den"/><SP WIDTH="46" VPOS="3233" HPOS="1393"/>
						<String ID="string_1235" HPOS="1439" VPOS="3233" WIDTH="124" HEIGHT="37" WC="0.91" CONTENT="Vorrang"/><SP WIDTH="42" VPOS="3233" HPOS="1563"/>
						<String ID="string_1236" HPOS="1605" VPOS="3236" WIDTH="131" HEIGHT="35" WC="0.89" CONTENT="gewinnen"/>
					</TextLine>
					<TextLine ID="line_190" HPOS="962" VPOS="3271" WIDTH="775" HEIGHT="38">
						<String ID="string_1237" HPOS="962" VPOS="3271" WIDTH="53" HEIGHT="27" WC="0.92" CONTENT="und"/><SP WIDTH="22" VPOS="3271" HPOS="1015"/>
						<String ID="string_1238" HPOS="1037" VPOS="3271" WIDTH="71" HEIGHT="34" WC="0.92" CONTENT="ihren"/><SP WIDTH="23" VPOS="3271" HPOS="1108"/>
						<String ID="string_1239" HPOS="1131" VPOS="3271" WIDTH="107" HEIGHT="34" WC="0.88" CONTENT="Einfluß"/><SP WIDTH="23" VPOS="3271" HPOS="1238"/>
						<String ID="string_1240" HPOS="1261" VPOS="3272" WIDTH="98" HEIGHT="35" WC="0.92" CONTENT="geltend"/><SP WIDTH="22" VPOS="3272" HPOS="1359"/>
						<String ID="string_1241" HPOS="1381" VPOS="3273" WIDTH="99" HEIGHT="32" WC="0.92" CONTENT="machen"/><SP WIDTH="23" VPOS="3273" HPOS="1480"/>
						<String ID="string_1242" HPOS="1503" VPOS="3273" WIDTH="44" HEIGHT="33" WC="0.86" CONTENT="auf"/><SP WIDTH="21" VPOS="3273" HPOS="1547"/>
						<String ID="string_1243" HPOS="1568" VPOS="3273" WIDTH="38" HEIGHT="28" WC="0.58" CONTENT="die"/><SP WIDTH="32" VPOS="3273" HPOS="1606"/>
						<String ID="string_1244" HPOS="1638" VPOS="3274" WIDTH="99" HEIGHT="35" WC="0.58" CONTENT="geiſtige"/>
					</TextLine>
					<TextLine ID="line_191" HPOS="961" VPOS="3309" WIDTH="773" HEIGHT="39">
						<String ID="string_1245" HPOS="961" VPOS="3309" WIDTH="51" HEIGHT="27" WC="0.93" CONTENT="und"/><SP WIDTH="23" VPOS="3309" HPOS="1012"/>
						<String ID="string_1246" HPOS="1035" VPOS="3309" WIDTH="197" HEIGHT="35" WC="0.91" CONTENT="wirtſchaftliche"/><SP WIDTH="17" VPOS="3309" HPOS="1232"/>
						<String ID="string_1247" HPOS="1249" VPOS="3309" WIDTH="260" HEIGHT="39" WC="0.91" CONTENT="Kulturentwicklung"/><SP WIDTH="11" VPOS="3309" HPOS="1509"/>
						<String ID="string_1248" HPOS="1520" VPOS="3312" WIDTH="66" HEIGHT="28" WC="0.92" CONTENT="einer"/><SP WIDTH="18" VPOS="3312" HPOS="1586"/>
						<String ID="string_1249" HPOS="1604" VPOS="3312" WIDTH="130" HEIGHT="29" WC="0.61" CONTENT="Nation“"/>
					</TextLine>
				</TextBlock>
				<TextBlock ID="block_15" HPOS="960" VPOS="3369" WIDTH="776" HEIGHT="79">
					<TextLine ID="line_192" HPOS="1018" VPOS="3369" WIDTH="718" HEIGHT="44">
						<String ID="string_1250" HPOS="1018" VPOS="3369" WIDTH="325" HEIGHT="44" WC="0.41" CONTENT="Dejour⸗Apotheke."/><SP WIDTH="41" VPOS="3369" HPOS="1343"/>
						<String ID="string_1251" HPOS="1384" VPOS="3371" WIDTH="60" HEIGHT="29" WC="0.53" CONTENT="Von"/><SP WIDTH="36" VPOS="3371" HPOS="1444"/>
						<String ID="string_1252" HPOS="1480" VPOS="3373" WIDTH="177" HEIGHT="35" WC="0.88" CONTENT="Sounabend,"/><SP WIDTH="33" VPOS="3373" HPOS="1657"/>
						<String ID="string_1253" HPOS="1690" VPOS="3374" WIDTH="46" HEIGHT="28" WC="0.92" CONTENT="den"/>
					</TextLine>
					<TextLine ID="line_193" HPOS="960" VPOS="3409" WIDTH="775" HEIGHT="39">
						<String ID="string_1254" HPOS="960" VPOS="3413" WIDTH="24" HEIGHT="24" WC="0.91" CONTENT="6."/><SP WIDTH="25" VPOS="3413" HPOS="984"/>
						<String ID="string_1255" HPOS="1009" VPOS="3409" WIDTH="41" HEIGHT="28" WC="0.91" CONTENT="bis"/><SP WIDTH="24" VPOS="3409" HPOS="1050"/>
						<String ID="string_1256" HPOS="1074" VPOS="3409" WIDTH="174" HEIGHT="35" WC="0.92" CONTENT="Sonnabend,"/><SP WIDTH="29" VPOS="3409" HPOS="1248"/>
						<String ID="string_1257" HPOS="1277" VPOS="3411" WIDTH="46" HEIGHT="28" WC="0.92" CONTENT="den"/><SP WIDTH="24" VPOS="3411" HPOS="1323"/>
						<String ID="string_1258" HPOS="1347" VPOS="3414" WIDTH="41" HEIGHT="24" WC="0.40" CONTENT="13."/><SP WIDTH="22" VPOS="3414" HPOS="1388"/>
						<String ID="string_1259" HPOS="1410" VPOS="3411" WIDTH="78" HEIGHT="32" WC="0.91" CONTENT="Juli:"/><SP WIDTH="42" VPOS="3411" HPOS="1488"/>
						<String ID="string_1260" HPOS="1530" VPOS="3412" WIDTH="205" HEIGHT="36" WC="0.79" CONTENT="Langewitz."/>
					</TextLine>
				</TextBlock>
				<TextBlock ID="block_16" HPOS="960" VPOS="3470" WIDTH="776" HEIGHT="17">
					<TextLine ID="line_194" HPOS="960" VPOS="3470" WIDTH="776" HEIGHT="17">
						<String ID="string_1261" HPOS="960" VPOS="3470" WIDTH="776" HEIGHT="17" WC="0.95" CONTENT=" "/>
					</TextLine>
				</TextBlock>
				<TextBlock ID="block_17" HPOS="1135" VPOS="3526" WIDTH="424" HEIGHT="49">
					<TextLine ID="line_195" HPOS="1135" VPOS="3526" WIDTH="424" HEIGHT="49">
						<String ID="string_1262" HPOS="1135" VPOS="3526" WIDTH="230" HEIGHT="47" WC="0.40" CONTENT="Prakiiicke"/><SP WIDTH="35" VPOS="3526" HPOS="1365"/>
						<String ID="string_1263" HPOS="1400" VPOS="3528" WIDTH="159" HEIGHT="47" WC="0.0" CONTENT="Linke."/>
					</TextLine>
				</TextBlock>
				<TextBlock ID="block_18" HPOS="1136" VPOS="3610" WIDTH="421" HEIGHT="38">
					<TextLine ID="line_196" HPOS="1136" VPOS="3610" WIDTH="421" HEIGHT="38">
						<String ID="string_1264" HPOS="1136" VPOS="3610" WIDTH="91" HEIGHT="30" WC="0.38" CONTENT="Norür"/><SP WIDTH="18" VPOS="3610" HPOS="1227"/>
						<String ID="string_1265" HPOS="1245" VPOS="3610" WIDTH="62" HEIGHT="30" WC="0.87" CONTENT="Salz"/><SP WIDTH="22" VPOS="3610" HPOS="1307"/>
						<String ID="string_1266" HPOS="1329" VPOS="3611" WIDTH="103" HEIGHT="30" WC="0.79" CONTENT="überall"/><SP WIDTH="22" VPOS="3611" HPOS="1432"/>
						<String ID="string_1267" HPOS="1454" VPOS="3615" WIDTH="46" HEIGHT="33" WC="0.90" CONTENT="gut"/><SP WIDTH="20" VPOS="3615" HPOS="1500"/>
						<String ID="string_1268" HPOS="1520" VPOS="3613" WIDTH="37" HEIGHT="29" WC="0.42" CONTENT="ilt."/>
					</TextLine>
				</TextBlock>
				<TextBlock ID="block_19" HPOS="959" VPOS="3663" WIDTH="774" HEIGHT="680">
					<TextLine ID="line_197" HPOS="1018" VPOS="3663" WIDTH="430" HEIGHT="38">
						<String ID="string_1269" HPOS="1018" VPOS="3664" WIDTH="49" HEIGHT="28" WC="0.93" CONTENT="Um"/><SP WIDTH="18" VPOS="3664" HPOS="1067"/>
						<String ID="string_1270" HPOS="1085" VPOS="3663" WIDTH="111" HEIGHT="36" WC="0.65" CONTENT="Gpeiſen"/><SP WIDTH="22" VPOS="3663" HPOS="1196"/>
						<String ID="string_1271" HPOS="1218" VPOS="3673" WIDTH="29" HEIGHT="28" WC="0.93" CONTENT="zu"/><SP WIDTH="23" VPOS="3673" HPOS="1247"/>
						<String ID="string_1272" HPOS="1270" VPOS="3664" WIDTH="178" HEIGHT="36" WC="0.91" CONTENT="konſervieren."/>
					</TextLine>
					<TextLine ID="line_198" HPOS="1016" VPOS="3710" WIDTH="572" HEIGHT="37">
						<String ID="string_1273" HPOS="1016" VPOS="3710" WIDTH="50" HEIGHT="28" WC="0.93" CONTENT="Um"/><SP WIDTH="22" VPOS="3710" HPOS="1066"/>
						<String ID="string_1274" HPOS="1088" VPOS="3711" WIDTH="72" HEIGHT="33" WC="0.92" CONTENT="feſten"/><SP WIDTH="23" VPOS="3711" HPOS="1160"/>
						<String ID="string_1275" HPOS="1183" VPOS="3710" WIDTH="183" HEIGHT="36" WC="0.91" CONTENT="Eiweißſchnee"/><SP WIDTH="21" VPOS="3710" HPOS="1366"/>
						<String ID="string_1276" HPOS="1387" VPOS="3720" WIDTH="29" HEIGHT="27" WC="0.92" CONTENT="zu"/><SP WIDTH="24" VPOS="3720" HPOS="1416"/>
						<String ID="string_1277" HPOS="1440" VPOS="3712" WIDTH="148" HEIGHT="29" WC="0.91" CONTENT="bekommen."/>
					</TextLine>
					<TextLine ID="line_199" HPOS="1016" VPOS="3756" WIDTH="717" HEIGHT="38">
						<String ID="string_1278" HPOS="1016" VPOS="3756" WIDTH="161" HEIGHT="34" WC="0.92" CONTENT="Winterliche"/><SP WIDTH="23" VPOS="3756" HPOS="1177"/>
						<String ID="string_1279" HPOS="1200" VPOS="3756" WIDTH="102" HEIGHT="36" WC="0.92" CONTENT="Wäſche"/><SP WIDTH="22" VPOS="3756" HPOS="1302"/>
						<String ID="string_1280" HPOS="1324" VPOS="3758" WIDTH="63" HEIGHT="26" WC="0.88" CONTENT="kann"/><SP WIDTH="20" VPOS="3758" HPOS="1387"/>
						<String ID="string_1281" HPOS="1407" VPOS="3758" WIDTH="36" HEIGHT="28" WC="0.93" CONTENT="bei"/><SP WIDTH="28" VPOS="3758" HPOS="1443"/>
						<String ID="string_1282" HPOS="1471" VPOS="3759" WIDTH="77" HEIGHT="28" WC="0.93" CONTENT="einem"/><SP WIDTH="11" VPOS="3759" HPOS="1548"/>
						<String ID="string_1283" HPOS="1559" VPOS="3758" WIDTH="174" HEIGHT="36" WC="0.91" CONTENT="Salzzuſchuß"/>
					</TextLine>
					<TextLine ID="line_200" HPOS="960" VPOS="3795" WIDTH="218" HEIGHT="37">
						<String ID="string_1284" HPOS="960" VPOS="3795" WIDTH="64" HEIGHT="35" WC="0.93" CONTENT="nicht"/><SP WIDTH="21" VPOS="3795" HPOS="1024"/>
						<String ID="string_1285" HPOS="1045" VPOS="3796" WIDTH="133" HEIGHT="36" WC="0.92" CONTENT="gefrieren."/>
					</TextLine>
					<TextLine ID="line_201" HPOS="1018" VPOS="3841" WIDTH="715" HEIGHT="38">
						<String ID="string_1286" HPOS="1018" VPOS="3842" WIDTH="150" HEIGHT="37" WC="0.91" CONTENT="Herdfener,"/><SP WIDTH="24" VPOS="3842" HPOS="1168"/>
						<String ID="string_1287" HPOS="1192" VPOS="3842" WIDTH="48" HEIGHT="28" WC="0.93" CONTENT="das"/><SP WIDTH="34" VPOS="3842" HPOS="1240"/>
						<String ID="string_1288" HPOS="1274" VPOS="3850" WIDTH="41" HEIGHT="20" WC="0.93" CONTENT="am"/><SP WIDTH="21" VPOS="3850" HPOS="1315"/>
						<String ID="string_1289" HPOS="1336" VPOS="3841" WIDTH="135" HEIGHT="36" WC="0.91" CONTENT="Erlöſchen"/><SP WIDTH="23" VPOS="3841" HPOS="1471"/>
						<String ID="string_1290" HPOS="1494" VPOS="3843" WIDTH="36" HEIGHT="34" WC="0.92" CONTENT="iſt,"/><SP WIDTH="23" VPOS="3843" HPOS="1530"/>
						<String ID="string_1291" HPOS="1553" VPOS="3843" WIDTH="65" HEIGHT="28" WC="0.93" CONTENT="wird"/><SP WIDTH="43" VPOS="3843" HPOS="1618"/>
						<String ID="string_1292" HPOS="1661" VPOS="3843" WIDTH="72" HEIGHT="34" WC="0.93" CONTENT="durch"/>
					</TextLine>
					<TextLine ID="line_202" HPOS="959" VPOS="3880" WIDTH="416" HEIGHT="37">
						<String ID="string_1293" HPOS="959" VPOS="3880" WIDTH="68" HEIGHT="37" WC="0.92" CONTENT="Salz"/><SP WIDTH="23" VPOS="3880" HPOS="1027"/>
						<String ID="string_1294" HPOS="1050" VPOS="3880" WIDTH="93" HEIGHT="28" WC="0.93" CONTENT="wieder"/><SP WIDTH="22" VPOS="3880" HPOS="1143"/>
						<String ID="string_1295" HPOS="1165" VPOS="3889" WIDTH="45" HEIGHT="20" WC="0.93" CONTENT="neu"/><SP WIDTH="26" VPOS="3889" HPOS="1210"/>
						<String ID="string_1296" HPOS="1236" VPOS="3880" WIDTH="139" HEIGHT="37" WC="0.92" CONTENT="angefacht."/>
					</TextLine>
					<TextLine ID="line_203" HPOS="1015" VPOS="3926" WIDTH="362" HEIGHT="35">
						<String ID="string_1297" HPOS="1015" VPOS="3926" WIDTH="126" HEIGHT="35" WC="0.92" CONTENT="Teppiche"/><SP WIDTH="22" VPOS="3926" HPOS="1141"/>
						<String ID="string_1298" HPOS="1163" VPOS="3927" WIDTH="100" HEIGHT="28" WC="0.92" CONTENT="werden"/><SP WIDTH="23" VPOS="3927" HPOS="1263"/>
						<String ID="string_1299" HPOS="1286" VPOS="3926" WIDTH="91" HEIGHT="29" WC="0.92" CONTENT="wieder"/>
					</TextLine>
					<TextLine ID="line_204" HPOS="960" VPOS="3964" WIDTH="250" HEIGHT="37">
						<String ID="string_1300" HPOS="960" VPOS="3965" WIDTH="29" HEIGHT="35" WC="0.93" CONTENT="ſie"/><SP WIDTH="22" VPOS="3965" HPOS="989"/>
						<String ID="string_1301" HPOS="1011" VPOS="3965" WIDTH="45" HEIGHT="28" WC="0.92" CONTENT="mit"/><SP WIDTH="23" VPOS="3965" HPOS="1056"/>
						<String ID="string_1302" HPOS="1079" VPOS="3964" WIDTH="68" HEIGHT="37" WC="0.92" CONTENT="Salz"/><SP WIDTH="23" VPOS="3964" HPOS="1147"/>
						<String ID="string_1303" HPOS="1170" VPOS="3965" WIDTH="40" HEIGHT="28" WC="0.93" CONTENT="ab."/>
					</TextLine>
					<TextLine ID="line_205" HPOS="1017" VPOS="4010" WIDTH="658" HEIGHT="38">
						<String ID="string_1304" HPOS="1017" VPOS="4010" WIDTH="98" HEIGHT="37" WC="0.92" CONTENT="Friſche"/><SP WIDTH="21" VPOS="4010" HPOS="1115"/>
						<String ID="string_1305" HPOS="1136" VPOS="4010" WIDTH="163" HEIGHT="35" WC="0.89" CONTENT="Tintenflecke"/><SP WIDTH="21" VPOS="4010" HPOS="1299"/>
						<String ID="string_1306" HPOS="1320" VPOS="4012" WIDTH="107" HEIGHT="34" WC="0.90" CONTENT="entferut"/><SP WIDTH="22" VPOS="4012" HPOS="1427"/>
						<String ID="string_1307" HPOS="1449" VPOS="4022" WIDTH="61" HEIGHT="20" WC="0.92" CONTENT="man"/><SP WIDTH="21" VPOS="4022" HPOS="1510"/>
						<String ID="string_1308" HPOS="1531" VPOS="4012" WIDTH="45" HEIGHT="29" WC="0.92" CONTENT="mit"/><SP WIDTH="23" VPOS="4012" HPOS="1576"/>
						<String ID="string_1309" HPOS="1599" VPOS="4012" WIDTH="76" HEIGHT="36" WC="0.88" CONTENT="Salz."/>
					</TextLine>
					<TextLine ID="line_206" HPOS="1016" VPOS="4057" WIDTH="418" HEIGHT="37">
						<String ID="string_1310" HPOS="1016" VPOS="4058" WIDTH="90" HEIGHT="29" WC="0.92" CONTENT="Nimm"/><SP WIDTH="23" VPOS="4058" HPOS="1106"/>
						<String ID="string_1311" HPOS="1129" VPOS="4058" WIDTH="68" HEIGHT="36" WC="0.91" CONTENT="Salz"/><SP WIDTH="22" VPOS="4058" HPOS="1197"/>
						<String ID="string_1312" HPOS="1219" VPOS="4067" WIDTH="57" HEIGHT="27" WC="0.93" CONTENT="zum"/><SP WIDTH="22" VPOS="4067" HPOS="1276"/>
						<String ID="string_1313" HPOS="1298" VPOS="4057" WIDTH="136" HEIGHT="37" WC="0.90" CONTENT="Gurgeln!"/>
					</TextLine>
					<TextLine ID="line_207" HPOS="1018" VPOS="4104" WIDTH="714" HEIGHT="38">
						<String ID="string_1314" HPOS="1018" VPOS="4104" WIDTH="204" HEIGHT="38" WC="0.30" CONTENT="Meſſingjachen"/><SP WIDTH="24" VPOS="4104" HPOS="1222"/>
						<String ID="string_1315" HPOS="1246" VPOS="4104" WIDTH="98" HEIGHT="28" WC="0.93" CONTENT="bleiben"/><SP WIDTH="23" VPOS="4104" HPOS="1344"/>
						<String ID="string_1316" HPOS="1367" VPOS="4104" WIDTH="83" HEIGHT="37" WC="0.91" CONTENT="blank,"/><SP WIDTH="23" VPOS="4104" HPOS="1450"/>
						<String ID="string_1317" HPOS="1473" VPOS="4105" WIDTH="73" HEIGHT="34" WC="0.91" CONTENT="reibſt"/><SP WIDTH="18" VPOS="4105" HPOS="1546"/>
						<String ID="string_1318" HPOS="1564" VPOS="4105" WIDTH="32" HEIGHT="28" WC="0.91" CONTENT="du"/><SP WIDTH="22" VPOS="4105" HPOS="1596"/>
						<String ID="string_1319" HPOS="1618" VPOS="4105" WIDTH="31" HEIGHT="33" WC="0.92" CONTENT="ſie"/><SP WIDTH="40" VPOS="4105" HPOS="1649"/>
						<String ID="string_1320" HPOS="1689" VPOS="4105" WIDTH="43" HEIGHT="27" WC="0.92" CONTENT="mit"/>
					</TextLine>
					<TextLine ID="line_208" HPOS="959" VPOS="4142" WIDTH="591" HEIGHT="39">
						<String ID="string_1321" HPOS="959" VPOS="4144" WIDTH="67" HEIGHT="28" WC="0.93" CONTENT="einer"/><SP WIDTH="22" VPOS="4144" HPOS="1026"/>
						<String ID="string_1322" HPOS="1048" VPOS="4143" WIDTH="104" HEIGHT="38" WC="0.89" CONTENT="Löſung"/><SP WIDTH="23" VPOS="4143" HPOS="1152"/>
						<String ID="string_1323" HPOS="1175" VPOS="4150" WIDTH="51" HEIGHT="22" WC="0.92" CONTENT="von"/><SP WIDTH="22" VPOS="4150" HPOS="1226"/>
						<String ID="string_1324" HPOS="1248" VPOS="4142" WIDTH="69" HEIGHT="37" WC="0.93" CONTENT="Salz"/><SP WIDTH="22" VPOS="4142" HPOS="1317"/>
						<String ID="string_1325" HPOS="1339" VPOS="4143" WIDTH="51" HEIGHT="27" WC="0.92" CONTENT="und"/><SP WIDTH="22" VPOS="4143" HPOS="1390"/>
						<String ID="string_1326" HPOS="1412" VPOS="4143" WIDTH="71" HEIGHT="38" WC="0.48" CONTENT="Efſig"/><SP WIDTH="26" VPOS="4143" HPOS="1483"/>
						<String ID="string_1327" HPOS="1509" VPOS="4143" WIDTH="41" HEIGHT="29" WC="0.92" CONTENT="ab."/>
					</TextLine>
					<TextLine ID="line_209" HPOS="1017" VPOS="4189" WIDTH="716" HEIGHT="38">
						<String ID="string_1328" HPOS="1017" VPOS="4189" WIDTH="234" HEIGHT="38" WC="0.92" CONTENT="Oelfarbengeruch"/><SP WIDTH="42" VPOS="4189" HPOS="1251"/>
						<String ID="string_1329" HPOS="1293" VPOS="4191" WIDTH="64" HEIGHT="27" WC="0.88" CONTENT="kann"/><SP WIDTH="40" VPOS="4191" HPOS="1357"/>
						<String ID="string_1330" HPOS="1397" VPOS="4198" WIDTH="60" HEIGHT="20" WC="0.92" CONTENT="man"/><SP WIDTH="41" VPOS="4198" HPOS="1457"/>
						<String ID="string_1331" HPOS="1498" VPOS="4190" WIDTH="45" HEIGHT="28" WC="0.91" CONTENT="mit"/><SP WIDTH="29" VPOS="4190" HPOS="1543"/>
						<String ID="string_1332" HPOS="1572" VPOS="4189" WIDTH="69" HEIGHT="37" WC="0.89" CONTENT="Salz"/><SP WIDTH="40" VPOS="4189" HPOS="1641"/>
						<String ID="string_1333" HPOS="1681" VPOS="4193" WIDTH="52" HEIGHT="24" WC="0.66" CONTENT="ent—"/>
					</TextLine>
					<TextLine ID="line_210" HPOS="959" VPOS="4229" WIDTH="94" HEIGHT="33">
						<String ID="string_1334" HPOS="959" VPOS="4229" WIDTH="94" HEIGHT="33" WC="0.92" CONTENT="fernen."/>
					</TextLine>
					<TextLine ID="line_211" HPOS="1017" VPOS="4266" WIDTH="609" HEIGHT="37">
						<String ID="string_1335" HPOS="1017" VPOS="4267" WIDTH="51" HEIGHT="28" WC="0.93" CONTENT="Ein"/><SP WIDTH="22" VPOS="4267" HPOS="1068"/>
						<String ID="string_1336" HPOS="1090" VPOS="4267" WIDTH="126" HEIGHT="36" WC="0.92" CONTENT="Salzbrei"/><SP WIDTH="37" VPOS="4267" HPOS="1216"/>
						<String ID="string_1337" HPOS="1253" VPOS="4266" WIDTH="147" HEIGHT="36" WC="0.92" CONTENT="verhindert"/><SP WIDTH="23" VPOS="4266" HPOS="1400"/>
						<String ID="string_1338" HPOS="1423" VPOS="4267" WIDTH="48" HEIGHT="28" WC="0.92" CONTENT="das"/><SP WIDTH="22" VPOS="4267" HPOS="1471"/>
						<String ID="string_1339" HPOS="1493" VPOS="4266" WIDTH="133" HEIGHT="34" WC="0.92" CONTENT="Auftreten"/>
					</TextLine>
					<TextLine ID="line_212" HPOS="959" VPOS="4304" WIDTH="664" HEIGHT="39">
						<String ID="string_1340" HPOS="959" VPOS="4306" WIDTH="155" HEIGHT="37" WC="0.91" CONTENT="Geſchwulſt"/><SP WIDTH="23" VPOS="4306" HPOS="1114"/>
						<String ID="string_1341" HPOS="1137" VPOS="4306" WIDTH="37" HEIGHT="29" WC="0.93" CONTENT="bei"/><SP WIDTH="22" VPOS="4306" HPOS="1174"/>
						<String ID="string_1342" HPOS="1196" VPOS="4305" WIDTH="113" HEIGHT="29" WC="0.92" CONTENT="Bienen-"/><SP WIDTH="22" VPOS="4305" HPOS="1309"/>
						<String ID="string_1343" HPOS="1331" VPOS="4305" WIDTH="52" HEIGHT="28" WC="0.77" CONTENT="und"/><SP WIDTH="21" VPOS="4305" HPOS="1383"/>
						<String ID="string_1344" HPOS="1404" VPOS="4304" WIDTH="219" HEIGHT="38" WC="0.91" CONTENT="Jnſektenſtichen."/>
					</TextLine>
				</TextBlock>
				<TextBlock ID="block_20" HPOS="1413" VPOS="3926" WIDTH="321" HEIGHT="36">
					<TextLine ID="line_213" HPOS="1413" VPOS="3926" WIDTH="321" HEIGHT="36">
						<String ID="string_1345" HPOS="1413" VPOS="3928" WIDTH="46" HEIGHT="28" WC="0.91" CONTENT="wie"/><SP WIDTH="31" VPOS="3928" HPOS="1459"/>
						<String ID="string_1346" HPOS="1490" VPOS="3937" WIDTH="55" HEIGHT="25" WC="0.91" CONTENT="neu,"/><SP WIDTH="42" VPOS="3937" HPOS="1545"/>
						<String ID="string_1347" HPOS="1587" VPOS="3927" WIDTH="73" HEIGHT="31" WC="0.91" CONTENT="reibſt"/><SP WIDTH="41" VPOS="3927" HPOS="1660"/>
						<String ID="string_1348" HPOS="1701" VPOS="3926" WIDTH="33" HEIGHT="29" WC="0.92" CONTENT="du"/>
					</TextLine>
				</TextBlock>
				<TextBlock ID="block_21" HPOS="1668" VPOS="4266" WIDTH="66" HEIGHT="28">
					<TextLine ID="line_214" HPOS="1668" VPOS="4266" WIDTH="66" HEIGHT="28">
						<String ID="string_1349" HPOS="1668" VPOS="4266" WIDTH="66" HEIGHT="28" WC="0.91" CONTENT="einer"/>
					</TextLine>
				</TextBlock>
				<TextBlock ID="block_22" HPOS="1767" VPOS="141" WIDTH="23" HEIGHT="4192">
					<TextLine ID="line_215" HPOS="1767" VPOS="141" WIDTH="23" HEIGHT="4192">
						<String ID="string_1350" HPOS="1767" VPOS="141" WIDTH="23" HEIGHT="4192" WC="0.95" CONTENT=" "/>
					</TextLine>
				</TextBlock>
				<TextBlock ID="block_23" HPOS="1817" VPOS="111" WIDTH="777" HEIGHT="193">
					<TextLine ID="line_216" HPOS="1877" VPOS="111" WIDTH="717" HEIGHT="40">
						<String ID="string_1351" HPOS="1877" VPOS="114" WIDTH="138" HEIGHT="37" WC="0.85" CONTENT="Kupferne"/><SP WIDTH="21" VPOS="114" HPOS="2015"/>
						<String ID="string_1352" HPOS="2036" VPOS="114" WIDTH="87" HEIGHT="30" WC="0.79" CONTENT="Kelſel"/><SP WIDTH="22" VPOS="114" HPOS="2123"/>
						<String ID="string_1353" HPOS="2145" VPOS="113" WIDTH="65" HEIGHT="30" WC="0.93" CONTENT="reibe"/><SP WIDTH="21" VPOS="113" HPOS="2210"/>
						<String ID="string_1354" HPOS="2231" VPOS="122" WIDTH="60" HEIGHT="21" WC="0.93" CONTENT="man"/><SP WIDTH="24" VPOS="122" HPOS="2291"/>
						<String ID="string_1355" HPOS="2315" VPOS="113" WIDTH="58" HEIGHT="35" WC="0.92" CONTENT="nach"/><SP WIDTH="32" VPOS="113" HPOS="2373"/>
						<String ID="string_1356" HPOS="2405" VPOS="113" WIDTH="44" HEIGHT="29" WC="0.93" CONTENT="der"/><SP WIDTH="33" VPOS="113" HPOS="2449"/>
						<String ID="string_1357" HPOS="2482" VPOS="111" WIDTH="112" HEIGHT="36" WC="0.92" CONTENT="Wäſche,"/>
					</TextLine>
					<TextLine ID="line_217" HPOS="1819" VPOS="150" WIDTH="775" HEIGHT="39">
						<String ID="string_1358" HPOS="1819" VPOS="152" WIDTH="103" HEIGHT="36" WC="0.92" CONTENT="ſolange"/><SP WIDTH="21" VPOS="152" HPOS="1922"/>
						<String ID="string_1359" HPOS="1943" VPOS="153" WIDTH="31" HEIGHT="33" WC="0.93" CONTENT="ſie"/><SP WIDTH="21" VPOS="153" HPOS="1974"/>
						<String ID="string_1360" HPOS="1995" VPOS="153" WIDTH="59" HEIGHT="34" WC="0.92" CONTENT="noch"/><SP WIDTH="23" VPOS="153" HPOS="2054"/>
						<String ID="string_1361" HPOS="2077" VPOS="160" WIDTH="82" HEIGHT="22" WC="0.92" CONTENT="warm"/><SP WIDTH="31" VPOS="160" HPOS="2159"/>
						<String ID="string_1362" HPOS="2190" VPOS="153" WIDTH="64" HEIGHT="34" WC="0.93" CONTENT="ſind,"/><SP WIDTH="26" VPOS="153" HPOS="2254"/>
						<String ID="string_1363" HPOS="2280" VPOS="152" WIDTH="131" HEIGHT="37" WC="0.92" CONTENT="gründlich"/><SP WIDTH="42" VPOS="152" HPOS="2411"/>
						<String ID="string_1364" HPOS="2453" VPOS="151" WIDTH="45" HEIGHT="30" WC="0.91" CONTENT="mit"/><SP WIDTH="22" VPOS="151" HPOS="2498"/>
						<String ID="string_1365" HPOS="2520" VPOS="150" WIDTH="74" HEIGHT="36" WC="0.92" CONTENT="Seife"/>
					</TextLine>
					<TextLine ID="line_218" HPOS="1817" VPOS="189" WIDTH="777" HEIGHT="38">
						<String ID="string_1366" HPOS="1817" VPOS="191" WIDTH="56" HEIGHT="36" WC="0.93" CONTENT="ein;"/><SP WIDTH="23" VPOS="191" HPOS="1873"/>
						<String ID="string_1367" HPOS="1896" VPOS="191" WIDTH="49" HEIGHT="28" WC="0.92" CONTENT="das"/><SP WIDTH="21" VPOS="191" HPOS="1945"/>
						<String ID="string_1368" HPOS="1966" VPOS="191" WIDTH="146" HEIGHT="35" WC="0.89" CONTENT="verhindert"/><SP WIDTH="41" VPOS="191" HPOS="2112"/>
						<String ID="string_1369" HPOS="2153" VPOS="192" WIDTH="49" HEIGHT="27" WC="0.89" CONTENT="das"/><SP WIDTH="22" VPOS="192" HPOS="2202"/>
						<String ID="string_1370" HPOS="2224" VPOS="191" WIDTH="160" HEIGHT="34" WC="0.0" CONTENT="Patſnieren."/><SP WIDTH="42" VPOS="191" HPOS="2384"/>
						<String ID="string_1371" HPOS="2426" VPOS="190" WIDTH="51" HEIGHT="29" WC="0.92" CONTENT="Die"/><SP WIDTH="40" VPOS="190" HPOS="2477"/>
						<String ID="string_1372" HPOS="2517" VPOS="189" WIDTH="77" HEIGHT="37" WC="0.70" CONTENT="abge—"/>
					</TextLine>
					<TextLine ID="line_219" HPOS="1818" VPOS="228" WIDTH="775" HEIGHT="36">
						<String ID="string_1373" HPOS="1818" VPOS="230" WIDTH="98" HEIGHT="34" WC="0.92" CONTENT="weichte"/><SP WIDTH="21" VPOS="230" HPOS="1916"/>
						<String ID="string_1374" HPOS="1937" VPOS="228" WIDTH="74" HEIGHT="33" WC="0.92" CONTENT="Seife"/><SP WIDTH="22" VPOS="228" HPOS="2011"/>
						<String ID="string_1375" HPOS="2033" VPOS="229" WIDTH="64" HEIGHT="28" WC="0.93" CONTENT="kann"/><SP WIDTH="22" VPOS="229" HPOS="2097"/>
						<String ID="string_1376" HPOS="2119" VPOS="229" WIDTH="71" HEIGHT="29" WC="0.93" CONTENT="dann"/><SP WIDTH="22" VPOS="229" HPOS="2190"/>
						<String ID="string_1377" HPOS="2212" VPOS="229" WIDTH="37" HEIGHT="29" WC="0.91" CONTENT="bei"/><SP WIDTH="24" VPOS="229" HPOS="2249"/>
						<String ID="string_1378" HPOS="2273" VPOS="230" WIDTH="43" HEIGHT="28" WC="0.91" CONTENT="der"/><SP WIDTH="40" VPOS="230" HPOS="2316"/>
						<String ID="string_1379" HPOS="2356" VPOS="230" WIDTH="112" HEIGHT="34" WC="0.92" CONTENT="nächſten"/><SP WIDTH="23" VPOS="230" HPOS="2468"/>
						<String ID="string_1380" HPOS="2491" VPOS="228" WIDTH="102" HEIGHT="36" WC="0.92" CONTENT="Wäſche"/>
					</TextLine>
					<TextLine ID="line_220" HPOS="1817" VPOS="267" WIDTH="484" HEIGHT="37">
						<String ID="string_1381" HPOS="1817" VPOS="276" WIDTH="56" HEIGHT="28" WC="0.92" CONTENT="zum"/><SP WIDTH="21" VPOS="276" HPOS="1873"/>
						<String ID="string_1382" HPOS="1894" VPOS="267" WIDTH="159" HEIGHT="35" WC="0.92" CONTENT="Einweichen"/><SP WIDTH="23" VPOS="267" HPOS="2053"/>
						<String ID="string_1383" HPOS="2076" VPOS="267" WIDTH="94" HEIGHT="36" WC="0.92" CONTENT="benutzt"/><SP WIDTH="23" VPOS="267" HPOS="2170"/>
						<String ID="string_1384" HPOS="2193" VPOS="268" WIDTH="108" HEIGHT="28" WC="0.88" CONTENT="werden."/>
					</TextLine>
				</TextBlock>
				<TextBlock ID="block_24" HPOS="2043" VPOS="335" WIDTH="550" HEIGHT="16">
					<TextLine ID="line_221" HPOS="2043" VPOS="335" WIDTH="550" HEIGHT="16">
						<String ID="string_1385" HPOS="2043" VPOS="335" WIDTH="550" HEIGHT="16" WC="0.95" CONTENT=" "/>
					</TextLine>
				</TextBlock>
				<TextBlock ID="block_25" HPOS="1816" VPOS="334" WIDTH="228" HEIGHT="19">
					<TextLine ID="line_222" HPOS="1816" VPOS="334" WIDTH="228" HEIGHT="19">
						<String ID="string_1386" HPOS="1816" VPOS="334" WIDTH="228" HEIGHT="19" WC="0.95" CONTENT=" "/>
					</TextLine>
				</TextBlock>
				<TextBlock ID="block_26" HPOS="1954" VPOS="373" WIDTH="499" HEIGHT="71">
					<TextLine ID="line_223" HPOS="1954" VPOS="373" WIDTH="499" HEIGHT="71">
						<String ID="string_1387" HPOS="1954" VPOS="392" WIDTH="269" HEIGHT="52" WC="0.0" CONTENT="Heretliches"/><SP WIDTH="37" VPOS="392" HPOS="2223"/>
						<String ID="string_1388" HPOS="2260" VPOS="373" WIDTH="193" HEIGHT="70" WC="0.19" CONTENT="Allenei."/>
					</TextLine>
				</TextBlock>
				<TextBlock ID="block_27" HPOS="1815" VPOS="473" WIDTH="777" HEIGHT="342">
					<TextLine ID="line_224" HPOS="1874" VPOS="473" WIDTH="718" HEIGHT="38">
						<String ID="string_1389" HPOS="1874" VPOS="474" WIDTH="41" HEIGHT="29" WC="0.92" CONTENT="An"/><SP WIDTH="22" VPOS="474" HPOS="1915"/>
						<String ID="string_1390" HPOS="1937" VPOS="475" WIDTH="78" HEIGHT="29" WC="0.92" CONTENT="einem"/><SP WIDTH="22" VPOS="475" HPOS="2015"/>
						<String ID="string_1391" HPOS="2037" VPOS="474" WIDTH="199" HEIGHT="37" WC="0.92" CONTENT="gewöhnlichten"/><SP WIDTH="22" VPOS="474" HPOS="2236"/>
						<String ID="string_1392" HPOS="2258" VPOS="473" WIDTH="146" HEIGHT="37" WC="0.91" CONTENT="Wintertag"/><SP WIDTH="22" VPOS="473" HPOS="2404"/>
						<String ID="string_1393" HPOS="2426" VPOS="474" WIDTH="97" HEIGHT="37" WC="0.92" CONTENT="enthält"/><SP WIDTH="32" VPOS="474" HPOS="2523"/>
						<String ID="string_1394" HPOS="2555" VPOS="474" WIDTH="37" HEIGHT="29" WC="0.93" CONTENT="die"/>
					</TextLine>
					<TextLine ID="line_225" HPOS="1816" VPOS="511" WIDTH="775" HEIGHT="38">
						<String ID="string_1395" HPOS="1816" VPOS="512" WIDTH="173" HEIGHT="37" WC="0.88" CONTENT="Atmoſphäre"/><SP WIDTH="42" VPOS="512" HPOS="1989"/>
						<String ID="string_1396" HPOS="2031" VPOS="517" WIDTH="72" HEIGHT="24" WC="0.61" CONTENT="2000"/><SP WIDTH="42" VPOS="517" HPOS="2103"/>
						<String ID="string_1397" HPOS="2145" VPOS="512" WIDTH="41" HEIGHT="29" WC="0.90" CONTENT="bis"/><SP WIDTH="42" VPOS="512" HPOS="2186"/>
						<String ID="string_1398" HPOS="2228" VPOS="517" WIDTH="73" HEIGHT="24" WC="0.42" CONTENT="3000"/><SP WIDTH="38" VPOS="517" HPOS="2301"/>
						<String ID="string_1399" HPOS="2339" VPOS="511" WIDTH="165" HEIGHT="36" WC="0.90" CONTENT="Rußteilchen"/><SP WIDTH="40" VPOS="511" HPOS="2504"/>
						<String ID="string_1400" HPOS="2544" VPOS="519" WIDTH="47" HEIGHT="29" WC="0.91" CONTENT="pro"/>
					</TextLine>
					<TextLine ID="line_226" HPOS="1816" VPOS="550" WIDTH="776" HEIGHT="37">
						<String ID="string_1401" HPOS="1816" VPOS="551" WIDTH="169" HEIGHT="29" WC="0.90" CONTENT="Kubikmeter."/><SP WIDTH="23" VPOS="551" HPOS="1985"/>
						<String ID="string_1402" HPOS="2008" VPOS="551" WIDTH="61" HEIGHT="33" WC="0.93" CONTENT="An"/><SP WIDTH="23" VPOS="551" HPOS="2069"/>
						<String ID="string_1403" HPOS="2092" VPOS="551" WIDTH="159" HEIGHT="36" WC="0.92" CONTENT="Nebeltagen"/><SP WIDTH="23" VPOS="551" HPOS="2251"/>
						<String ID="string_1404" HPOS="2274" VPOS="551" WIDTH="28" HEIGHT="34" WC="0.93" CONTENT="iſt"/><SP WIDTH="35" VPOS="551" HPOS="2302"/>
						<String ID="string_1405" HPOS="2337" VPOS="550" WIDTH="64" HEIGHT="36" WC="0.91" CONTENT="dieſe"/><SP WIDTH="21" VPOS="550" HPOS="2401"/>
						<String ID="string_1406" HPOS="2422" VPOS="550" WIDTH="84" HEIGHT="36" WC="0.92" CONTENT="Ziffer"/><SP WIDTH="41" VPOS="550" HPOS="2506"/>
						<String ID="string_1407" HPOS="2547" VPOS="551" WIDTH="45" HEIGHT="33" WC="0.91" CONTENT="auf"/>
					</TextLine>
					<TextLine ID="line_227" HPOS="1817" VPOS="588" WIDTH="775" HEIGHT="38">
						<String ID="string_1408" HPOS="1817" VPOS="594" WIDTH="34" HEIGHT="24" WC="0.87" CONTENT="80"/><SP WIDTH="11" VPOS="594" HPOS="1851"/>
						<String ID="string_1409" HPOS="1862" VPOS="594" WIDTH="54" HEIGHT="24" WC="0.81" CONTENT="900"/><SP WIDTH="23" VPOS="594" HPOS="1916"/>
						<String ID="string_1410" HPOS="1939" VPOS="589" WIDTH="41" HEIGHT="29" WC="0.92" CONTENT="bis"/><SP WIDTH="22" VPOS="589" HPOS="1980"/>
						<String ID="string_1411" HPOS="2002" VPOS="589" WIDTH="77" HEIGHT="36" WC="0.92" CONTENT="ſogar"/><SP WIDTH="24" VPOS="589" HPOS="2079"/>
						<String ID="string_1412" HPOS="2103" VPOS="594" WIDTH="116" HEIGHT="24" WC="0.66" CONTENT="100005"/><SP WIDTH="42" VPOS="594" HPOS="2219"/>
						<String ID="string_1413" HPOS="2261" VPOS="589" WIDTH="138" HEIGHT="37" WC="0.91" CONTENT="geſteigert."/><SP WIDTH="43" VPOS="589" HPOS="2399"/>
						<String ID="string_1414" HPOS="2442" VPOS="589" WIDTH="46" HEIGHT="28" WC="0.90" CONTENT="Da"/><SP WIDTH="42" VPOS="589" HPOS="2488"/>
						<String ID="string_1415" HPOS="2530" VPOS="588" WIDTH="62" HEIGHT="36" WC="0.91" CONTENT="dieſe"/>
					</TextLine>
					<TextLine ID="line_228" HPOS="1815" VPOS="627" WIDTH="776" HEIGHT="37">
						<String ID="string_1416" HPOS="1815" VPOS="627" WIDTH="165" HEIGHT="36" WC="0.91" CONTENT="Rußteilchen"/><SP WIDTH="21" VPOS="627" HPOS="1980"/>
						<String ID="string_1417" HPOS="2001" VPOS="627" WIDTH="27" HEIGHT="29" WC="0.90" CONTENT="in"/><SP WIDTH="23" VPOS="627" HPOS="2028"/>
						<String ID="string_1418" HPOS="2051" VPOS="628" WIDTH="37" HEIGHT="27" WC="0.90" CONTENT="die"/><SP WIDTH="22" VPOS="628" HPOS="2088"/>
						<String ID="string_1419" HPOS="2110" VPOS="628" WIDTH="205" HEIGHT="36" WC="0.92" CONTENT="Atmungswege"/><SP WIDTH="40" VPOS="628" HPOS="2315"/>
						<String ID="string_1420" HPOS="2355" VPOS="628" WIDTH="136" HEIGHT="36" WC="0.91" CONTENT="gelangen,"/><SP WIDTH="42" VPOS="628" HPOS="2491"/>
						<String ID="string_1421" HPOS="2533" VPOS="630" WIDTH="58" HEIGHT="25" WC="0.92" CONTENT="was"/>
					</TextLine>
					<TextLine ID="line_229" HPOS="1816" VPOS="665" WIDTH="775" HEIGHT="37">
						<String ID="string_1422" HPOS="1816" VPOS="666" WIDTH="76" HEIGHT="36" WC="0.93" CONTENT="ſogar"/><SP WIDTH="22" VPOS="666" HPOS="1892"/>
						<String ID="string_1423" HPOS="1914" VPOS="665" WIDTH="38" HEIGHT="29" WC="0.93" CONTENT="bei"/><SP WIDTH="22" VPOS="665" HPOS="1952"/>
						<String ID="string_1424" HPOS="1974" VPOS="666" WIDTH="126" HEIGHT="28" WC="0.90" CONTENT="korrekten"/><SP WIDTH="19" VPOS="666" HPOS="2100"/>
						<String ID="string_1425" HPOS="2119" VPOS="666" WIDTH="189" HEIGHT="35" WC="0.72" CONTENT="Naſenaͤtmern"/><SP WIDTH="21" VPOS="666" HPOS="2308"/>
						<String ID="string_1426" HPOS="2329" VPOS="667" WIDTH="66" HEIGHT="32" WC="0.92" CONTENT="nicht"/><SP WIDTH="21" VPOS="667" HPOS="2395"/>
						<String ID="string_1427" HPOS="2416" VPOS="675" WIDTH="29" HEIGHT="27" WC="0.72" CONTENT="zu"/><SP WIDTH="42" VPOS="675" HPOS="2445"/>
						<String ID="string_1428" HPOS="2487" VPOS="665" WIDTH="104" HEIGHT="29" WC="0.85" CONTENT="vermei⸗"/>
					</TextLine>
					<TextLine ID="line_230" HPOS="1816" VPOS="704" WIDTH="775" HEIGHT="38">
						<String ID="string_1429" HPOS="1816" VPOS="704" WIDTH="46" HEIGHT="28" WC="0.92" CONTENT="den"/><SP WIDTH="21" VPOS="704" HPOS="1862"/>
						<String ID="string_1430" HPOS="1883" VPOS="705" WIDTH="38" HEIGHT="33" WC="0.92" CONTENT="iſt,"/><SP WIDTH="23" VPOS="705" HPOS="1921"/>
						<String ID="string_1431" HPOS="1944" VPOS="705" WIDTH="64" HEIGHT="28" WC="0.92" CONTENT="kann"/><SP WIDTH="29" VPOS="705" HPOS="2008"/>
						<String ID="string_1432" HPOS="2037" VPOS="713" WIDTH="59" HEIGHT="19" WC="0.89" CONTENT="man"/><SP WIDTH="42" VPOS="713" HPOS="2096"/>
						<String ID="string_1433" HPOS="2138" VPOS="704" WIDTH="46" HEIGHT="28" WC="0.92" CONTENT="den"/><SP WIDTH="-4" VPOS="704" HPOS="2184"/>
						<String ID="string_1434" HPOS="2180" VPOS="700" WIDTH="195" HEIGHT="46" WC="0.0" CONTENT="ſchädlichen"/><SP WIDTH="12" VPOS="700" HPOS="2375"/>
						<String ID="string_1435" HPOS="2387" VPOS="704" WIDTH="119" HEIGHT="38" WC="0.0" CONTENT="Einfluß"/><SP WIDTH="43" VPOS="704" HPOS="2506"/>
						<String ID="string_1436" HPOS="2549" VPOS="705" WIDTH="42" HEIGHT="27" WC="0.90" CONTENT="der"/>
					</TextLine>
					<TextLine ID="line_231" HPOS="1815" VPOS="742" WIDTH="777" HEIGHT="37">
						<String ID="string_1437" HPOS="1815" VPOS="742" WIDTH="141" HEIGHT="37" WC="0.91" CONTENT="Nebeltage"/><SP WIDTH="22" VPOS="742" HPOS="1956"/>
						<String ID="string_1438" HPOS="1978" VPOS="743" WIDTH="44" HEIGHT="33" WC="0.91" CONTENT="auf"/><SP WIDTH="41" VPOS="743" HPOS="2022"/>
						<String ID="string_1439" HPOS="2063" VPOS="742" WIDTH="38" HEIGHT="28" WC="0.92" CONTENT="die"/><SP WIDTH="21" VPOS="742" HPOS="2101"/>
						<String ID="string_1440" HPOS="2122" VPOS="742" WIDTH="158" HEIGHT="36" WC="0.92" CONTENT="Geſundheit"/><SP WIDTH="41" VPOS="742" HPOS="2280"/>
						<String ID="string_1441" HPOS="2321" VPOS="743" WIDTH="44" HEIGHT="28" WC="0.92" CONTENT="der"/><SP WIDTH="21" VPOS="743" HPOS="2365"/>
						<String ID="string_1442" HPOS="2386" VPOS="742" WIDTH="206" HEIGHT="37" WC="0.89" CONTENT="Städtebewoh—"/>
					</TextLine>
					<TextLine ID="line_232" HPOS="1815" VPOS="780" WIDTH="315" HEIGHT="35">
						<String ID="string_1443" HPOS="1815" VPOS="790" WIDTH="44" HEIGHT="19" WC="0.92" CONTENT="ner"/><SP WIDTH="22" VPOS="790" HPOS="1859"/>
						<String ID="string_1444" HPOS="1881" VPOS="781" WIDTH="67" HEIGHT="34" WC="0.93" CONTENT="leicht"/><SP WIDTH="21" VPOS="781" HPOS="1948"/>
						<String ID="string_1445" HPOS="1969" VPOS="780" WIDTH="161" HEIGHT="34" WC="0.72" CONTENT="nachweifen."/>
					</TextLine>
				</TextBlock>
				<TextBlock ID="block_28" HPOS="1814" VPOS="856" WIDTH="779" HEIGHT="709">
					<TextLine ID="line_233" HPOS="1871" VPOS="856" WIDTH="720" HEIGHT="37">
						<String ID="string_1446" HPOS="1871" VPOS="857" WIDTH="49" HEIGHT="31" WC="0.92" CONTENT="Jm"/><SP WIDTH="23" VPOS="857" HPOS="1920"/>
						<String ID="string_1447" HPOS="1943" VPOS="856" WIDTH="79" HEIGHT="35" WC="0.90" CONTENT="Laufe"/><SP WIDTH="21" VPOS="856" HPOS="2022"/>
						<String ID="string_1448" HPOS="2043" VPOS="857" WIDTH="68" HEIGHT="28" WC="0.85" CONTENT="eines"/><SP WIDTH="22" VPOS="857" HPOS="2111"/>
						<String ID="string_1449" HPOS="2133" VPOS="856" WIDTH="240" HEIGHT="37" WC="0.91" CONTENT="24ſtündigen"/><SP WIDTH="37" VPOS="856" HPOS="2373"/>
						<String ID="string_1450" HPOS="2410" VPOS="856" WIDTH="122" HEIGHT="37" WC="0.91" CONTENT="Tages"/><SP WIDTH="21" VPOS="856" HPOS="2532"/>
						<String ID="string_1451" HPOS="2553" VPOS="865" WIDTH="38" HEIGHT="19" WC="0.81" CONTENT="er—"/>
					</TextLine>
					<TextLine ID="line_234" HPOS="1815" VPOS="894" WIDTH="776" HEIGHT="37">
						<String ID="string_1452" HPOS="1799" VPOS="890" WIDTH="102" HEIGHT="45" WC="0.93" CONTENT="gießen"/><SP WIDTH="15" VPOS="890" HPOS="1901"/>
						<String ID="string_1453" HPOS="1916" VPOS="896" WIDTH="43" HEIGHT="33" WC="0.92" CONTENT="ſich"/><SP WIDTH="13" VPOS="896" HPOS="1959"/>
						<String ID="string_1454" HPOS="1972" VPOS="898" WIDTH="65" HEIGHT="26" WC="0.92" CONTENT="etwa"/><SP WIDTH="22" VPOS="898" HPOS="2037"/>
						<String ID="string_1455" HPOS="2059" VPOS="895" WIDTH="119" HEIGHT="35" WC="0.85" CONTENT="ſieben"/><SP WIDTH="24" VPOS="895" HPOS="2178"/>
						<String ID="string_1456" HPOS="2202" VPOS="894" WIDTH="98" HEIGHT="30" WC="0.90" CONTENT="Liter"/><SP WIDTH="22" VPOS="894" HPOS="2300"/>
						<String ID="string_1457" HPOS="2322" VPOS="894" WIDTH="269" HEIGHT="37" WC="0.53" CONTENT="Verdauungs—"/>
					</TextLine>
					<TextLine ID="line_235" HPOS="1815" VPOS="932" WIDTH="776" HEIGHT="38">
						<String ID="string_1458" HPOS="1815" VPOS="933" WIDTH="71" HEIGHT="35" WC="0.84" CONTENT="faft"/><SP WIDTH="23" VPOS="933" HPOS="1886"/>
						<String ID="string_1459" HPOS="1909" VPOS="934" WIDTH="25" HEIGHT="28" WC="0.91" CONTENT="in"/><SP WIDTH="23" VPOS="934" HPOS="1934"/>
						<String ID="string_1460" HPOS="1957" VPOS="934" WIDTH="46" HEIGHT="27" WC="0.92" CONTENT="den"/><SP WIDTH="38" VPOS="934" HPOS="2003"/>
						<String ID="string_1461" HPOS="2041" VPOS="933" WIDTH="109" HEIGHT="37" WC="0.92" CONTENT="Magen."/><SP WIDTH="43" VPOS="933" HPOS="2150"/>
						<String ID="string_1462" HPOS="2193" VPOS="933" WIDTH="130" HEIGHT="34" WC="0.91" CONTENT="Demnach"/><SP WIDTH="41" VPOS="933" HPOS="2323"/>
						<String ID="string_1463" HPOS="2364" VPOS="933" WIDTH="29" HEIGHT="34" WC="0.93" CONTENT="iſt"/><SP WIDTH="41" VPOS="933" HPOS="2393"/>
						<String ID="string_1464" HPOS="2434" VPOS="933" WIDTH="38" HEIGHT="28" WC="0.93" CONTENT="die"/><SP WIDTH="22" VPOS="933" HPOS="2472"/>
						<String ID="string_1465" HPOS="2494" VPOS="932" WIDTH="97" HEIGHT="37" WC="0.93" CONTENT="Menge"/>
					</TextLine>
					<TextLine ID="line_236" HPOS="1815" VPOS="970" WIDTH="777" HEIGHT="38">
						<String ID="string_1466" HPOS="1815" VPOS="972" WIDTH="102" HEIGHT="33" WC="0.91" CONTENT="unſeres"/><SP WIDTH="22" VPOS="972" HPOS="1917"/>
						<String ID="string_1467" HPOS="1939" VPOS="971" WIDTH="260" HEIGHT="37" WC="0.91" CONTENT="Verdauungsſaftes"/><SP WIDTH="22" VPOS="971" HPOS="2199"/>
						<String ID="string_1468" HPOS="2221" VPOS="971" WIDTH="87" HEIGHT="35" WC="0.92" CONTENT="ebenſo"/><SP WIDTH="23" VPOS="971" HPOS="2308"/>
						<String ID="string_1469" HPOS="2331" VPOS="972" WIDTH="75" HEIGHT="36" WC="0.92" CONTENT="groß,"/><SP WIDTH="23" VPOS="972" HPOS="2406"/>
						<String ID="string_1470" HPOS="2429" VPOS="971" WIDTH="46" HEIGHT="28" WC="0.92" CONTENT="wie"/><SP WIDTH="31" VPOS="971" HPOS="2475"/>
						<String ID="string_1471" HPOS="2506" VPOS="970" WIDTH="86" HEIGHT="36" WC="0.64" CONTENT="unſete"/>
					</TextLine>
					<TextLine ID="line_237" HPOS="1815" VPOS="1008" WIDTH="775" HEIGHT="38">
						<String ID="string_1472" HPOS="1815" VPOS="1010" WIDTH="164" HEIGHT="36" WC="0.90" CONTENT="Blutmenge."/><SP WIDTH="42" VPOS="1010" HPOS="1979"/>
						<String ID="string_1473" HPOS="2021" VPOS="1009" WIDTH="164" HEIGHT="34" WC="0.87" CONTENT="Bekanntlich"/><SP WIDTH="23" VPOS="1009" HPOS="2185"/>
						<String ID="string_1474" HPOS="2208" VPOS="1010" WIDTH="44" HEIGHT="36" WC="0.91" CONTENT="hat"/><SP WIDTH="13" VPOS="1010" HPOS="2252"/>
						<String ID="string_1475" HPOS="2265" VPOS="1010" WIDTH="43" HEIGHT="27" WC="0.93" CONTENT="der"/><SP WIDTH="14" VPOS="1010" HPOS="2308"/>
						<String ID="string_1476" HPOS="2322" VPOS="1009" WIDTH="151" HEIGHT="35" WC="0.90" CONTENT="erwachſene"/><SP WIDTH="13" VPOS="1009" HPOS="2473"/>
						<String ID="string_1477" HPOS="2486" VPOS="1008" WIDTH="104" HEIGHT="36" WC="0.92" CONTENT="Menſch"/>
					</TextLine>
					<TextLine ID="line_238" HPOS="1814" VPOS="1047" WIDTH="777" HEIGHT="35">
						<String ID="string_1478" HPOS="1814" VPOS="1048" WIDTH="120" HEIGHT="34" WC="0.53" CONTENT="ſieben"/><SP WIDTH="23" VPOS="1048" HPOS="1934"/>
						<String ID="string_1479" HPOS="1957" VPOS="1047" WIDTH="101" HEIGHT="29" WC="0.53" CONTENT="Liter"/><SP WIDTH="22" VPOS="1047" HPOS="2058"/>
						<String ID="string_1480" HPOS="2080" VPOS="1047" WIDTH="97" HEIGHT="29" WC="0.82" CONTENT="Bhut."/><SP WIDTH="23" VPOS="1047" HPOS="2177"/>
						<String ID="string_1481" HPOS="2200" VPOS="1065" WIDTH="36" HEIGHT="3" WC="0.93" CONTENT="—"/><SP WIDTH="21" VPOS="1065" HPOS="2236"/>
						<String ID="string_1482" HPOS="2257" VPOS="1047" WIDTH="51" HEIGHT="28" WC="0.92" CONTENT="Die"/><SP WIDTH="22" VPOS="1047" HPOS="2308"/>
						<String ID="string_1483" HPOS="2330" VPOS="1047" WIDTH="111" HEIGHT="28" WC="0.89" CONTENT="Leber"/><SP WIDTH="22" VPOS="1047" HPOS="2441"/>
						<String ID="string_1484" HPOS="2463" VPOS="1048" WIDTH="81" HEIGHT="33" WC="0.91" CONTENT="liefert"/><SP WIDTH="21" VPOS="1048" HPOS="2544"/>
						<String ID="string_1485" HPOS="2565" VPOS="1047" WIDTH="26" HEIGHT="27" WC="0.93" CONTENT="in"/>
					</TextLine>
					<TextLine ID="line_239" HPOS="1815" VPOS="1085" WIDTH="776" HEIGHT="38">
						<String ID="string_1486" HPOS="1815" VPOS="1087" WIDTH="43" HEIGHT="27" WC="0.92" CONTENT="der"/><SP WIDTH="21" VPOS="1087" HPOS="1858"/>
						<String ID="string_1487" HPOS="1879" VPOS="1086" WIDTH="107" HEIGHT="37" WC="0.93" CONTENT="gleichen"/><SP WIDTH="21" VPOS="1086" HPOS="1986"/>
						<String ID="string_1488" HPOS="2007" VPOS="1086" WIDTH="59" HEIGHT="36" WC="0.93" CONTENT="Zeit"/><SP WIDTH="22" VPOS="1086" HPOS="2066"/>
						<String ID="string_1489" HPOS="2088" VPOS="1095" WIDTH="33" HEIGHT="19" WC="0.92" CONTENT="an"/><SP WIDTH="23" VPOS="1095" HPOS="2121"/>
						<String ID="string_1490" HPOS="2144" VPOS="1086" WIDTH="37" HEIGHT="28" WC="0.92" CONTENT="die"/><SP WIDTH="22" VPOS="1086" HPOS="2181"/>
						<String ID="string_1491" HPOS="2203" VPOS="1085" WIDTH="78" HEIGHT="29" WC="0.92" CONTENT="Galle"/><SP WIDTH="21" VPOS="1085" HPOS="2281"/>
						<String ID="string_1492" HPOS="2302" VPOS="1085" WIDTH="71" HEIGHT="29" WC="0.93" CONTENT="einen"/><SP WIDTH="42" VPOS="1085" HPOS="2373"/>
						<String ID="string_1493" HPOS="2415" VPOS="1085" WIDTH="93" HEIGHT="36" WC="0.91" CONTENT="halben"/><SP WIDTH="41" VPOS="1085" HPOS="2508"/>
						<String ID="string_1494" HPOS="2549" VPOS="1085" WIDTH="42" HEIGHT="27" WC="0.91" CONTENT="bis"/>
					</TextLine>
					<TextLine ID="line_240" HPOS="1815" VPOS="1123" WIDTH="778" HEIGHT="36">
						<String ID="string_1495" HPOS="1815" VPOS="1125" WIDTH="70" HEIGHT="27" WC="0.72" CONTENT="einen"/><SP WIDTH="22" VPOS="1125" HPOS="1885"/>
						<String ID="string_1496" HPOS="1907" VPOS="1124" WIDTH="69" HEIGHT="29" WC="0.92" CONTENT="Liter"/><SP WIDTH="22" VPOS="1124" HPOS="1976"/>
						<String ID="string_1497" HPOS="1998" VPOS="1124" WIDTH="146" HEIGHT="28" WC="0.92" CONTENT="Sekretion."/><SP WIDTH="43" VPOS="1124" HPOS="2144"/>
						<String ID="string_1498" HPOS="2187" VPOS="1124" WIDTH="48" HEIGHT="28" WC="0.92" CONTENT="Am"/><SP WIDTH="22" VPOS="1124" HPOS="2235"/>
						<String ID="string_1499" HPOS="2257" VPOS="1124" WIDTH="115" HEIGHT="35" WC="0.88" CONTENT="ſtärkſten"/><SP WIDTH="22" VPOS="1124" HPOS="2372"/>
						<String ID="string_1500" HPOS="2394" VPOS="1124" WIDTH="28" HEIGHT="32" WC="0.92" CONTENT="iſt"/><SP WIDTH="42" VPOS="1124" HPOS="2422"/>
						<String ID="string_1501" HPOS="2464" VPOS="1124" WIDTH="37" HEIGHT="28" WC="0.92" CONTENT="die"/><SP WIDTH="22" VPOS="1124" HPOS="2501"/>
						<String ID="string_1502" HPOS="2523" VPOS="1123" WIDTH="70" HEIGHT="28" WC="0.92" CONTENT="Gal—"/>
					</TextLine>
					<TextLine ID="line_241" HPOS="1815" VPOS="1161" WIDTH="777" HEIGHT="37">
						<String ID="string_1503" HPOS="1815" VPOS="1163" WIDTH="161" HEIGHT="35" WC="0.92" CONTENT="lenſekretion"/><SP WIDTH="23" VPOS="1163" HPOS="1976"/>
						<String ID="string_1504" HPOS="1999" VPOS="1163" WIDTH="42" HEIGHT="28" WC="0.92" CONTENT="der"/><SP WIDTH="23" VPOS="1163" HPOS="2041"/>
						<String ID="string_1505" HPOS="2064" VPOS="1162" WIDTH="77" HEIGHT="28" WC="0.92" CONTENT="Leber"/><SP WIDTH="32" VPOS="1162" HPOS="2141"/>
						<String ID="string_1506" HPOS="2173" VPOS="1163" WIDTH="26" HEIGHT="28" WC="0.91" CONTENT="in"/><SP WIDTH="42" VPOS="1163" HPOS="2199"/>
						<String ID="string_1507" HPOS="2241" VPOS="1162" WIDTH="37" HEIGHT="29" WC="0.91" CONTENT="die"/><SP WIDTH="22" VPOS="1162" HPOS="2278"/>
						<String ID="string_1508" HPOS="2300" VPOS="1161" WIDTH="178" HEIGHT="36" WC="0.92" CONTENT="Gallenblaſe,"/><SP WIDTH="41" VPOS="1161" HPOS="2478"/>
						<String ID="string_1509" HPOS="2519" VPOS="1168" WIDTH="73" HEIGHT="22" WC="0.92" CONTENT="wenn"/>
					</TextLine>
					<TextLine ID="line_242" HPOS="1816" VPOS="1200" WIDTH="423" HEIGHT="36">
						<String ID="string_1510" HPOS="1816" VPOS="1201" WIDTH="41" HEIGHT="28" WC="0.92" CONTENT="der"/><SP WIDTH="24" VPOS="1201" HPOS="1857"/>
						<String ID="string_1511" HPOS="1881" VPOS="1200" WIDTH="103" HEIGHT="35" WC="0.93" CONTENT="Menſch"/><SP WIDTH="24" VPOS="1200" HPOS="1984"/>
						<String ID="string_1512" HPOS="2008" VPOS="1201" WIDTH="48" HEIGHT="28" WC="0.93" CONTENT="viel"/><SP WIDTH="21" VPOS="1201" HPOS="2056"/>
						<String ID="string_1513" HPOS="2077" VPOS="1200" WIDTH="93" HEIGHT="36" WC="0.92" CONTENT="Fleiſch"/><SP WIDTH="23" VPOS="1200" HPOS="2170"/>
						<String ID="string_1514" HPOS="2193" VPOS="1201" WIDTH="46" HEIGHT="34" WC="0.92" CONTENT="ißt."/>
					</TextLine>
					<TextLine ID="line_243" HPOS="2194" VPOS="1262" WIDTH="14" HEIGHT="15">
						<String ID="string_1515" HPOS="2194" VPOS="1262" WIDTH="14" HEIGHT="15" WC="0.0" CONTENT="D"/>
					</TextLine>
					<TextLine ID="line_244" HPOS="1871" VPOS="1298" WIDTH="721" HEIGHT="38">
						<String ID="string_1516" HPOS="1871" VPOS="1300" WIDTH="49" HEIGHT="32" WC="0.93" CONTENT="Jm"/><SP WIDTH="21" VPOS="1300" HPOS="1920"/>
						<String ID="string_1517" HPOS="1941" VPOS="1300" WIDTH="172" HEIGHT="36" WC="0.92" CONTENT="menſchlichen"/><SP WIDTH="22" VPOS="1300" HPOS="2113"/>
						<String ID="string_1518" HPOS="2135" VPOS="1300" WIDTH="102" HEIGHT="34" WC="0.92" CONTENT="Körper"/><SP WIDTH="21" VPOS="1300" HPOS="2237"/>
						<String ID="string_1519" HPOS="2258" VPOS="1300" WIDTH="55" HEIGHT="34" WC="0.85" CONTENT="find"/><SP WIDTH="14" VPOS="1300" HPOS="2313"/>
						<String ID="string_1520" HPOS="2327" VPOS="1299" WIDTH="38" HEIGHT="29" WC="0.93" CONTENT="bei"/><SP WIDTH="10" VPOS="1299" HPOS="2365"/>
						<String ID="string_1521" HPOS="2375" VPOS="1299" WIDTH="79" HEIGHT="29" WC="0.93" CONTENT="einem"/><SP WIDTH="21" VPOS="1299" HPOS="2454"/>
						<String ID="string_1522" HPOS="2475" VPOS="1298" WIDTH="117" HEIGHT="36" WC="0.51" CONTENT="Körper—"/>
					</TextLine>
					<TextLine ID="line_245" HPOS="1816" VPOS="1336" WIDTH="776" HEIGHT="38">
						<String ID="string_1523" HPOS="1816" VPOS="1339" WIDTH="117" HEIGHT="35" WC="0.44" CONTENT="gewicht,"/><SP WIDTH="8" VPOS="1339" HPOS="1933"/>
						<String ID="string_1524" HPOS="1941" VPOS="1345" WIDTH="51" HEIGHT="21" WC="0.53" CONTENT="vou"/><SP WIDTH="24" VPOS="1345" HPOS="1992"/>
						<String ID="string_1525" HPOS="2016" VPOS="1343" WIDTH="34" HEIGHT="23" WC="0.86" CONTENT="70"/><SP WIDTH="22" VPOS="1343" HPOS="2050"/>
						<String ID="string_1526" HPOS="2072" VPOS="1338" WIDTH="165" HEIGHT="36" WC="0.91" CONTENT="Kilogramm"/><SP WIDTH="21" VPOS="1338" HPOS="2237"/>
						<String ID="string_1527" HPOS="2258" VPOS="1346" WIDTH="65" HEIGHT="20" WC="0.91" CONTENT="nur"/><SP WIDTH="29" VPOS="1346" HPOS="2323"/>
						<String ID="string_1528" HPOS="2352" VPOS="1338" WIDTH="76" HEIGHT="28" WC="0.75" CONTENT="vier"/><SP WIDTH="22" VPOS="1338" HPOS="2428"/>
						<String ID="string_1529" HPOS="2450" VPOS="1336" WIDTH="142" HEIGHT="29" WC="0.75" CONTENT="Gramm"/>
					</TextLine>
					<TextLine ID="line_246" HPOS="1814" VPOS="1374" WIDTH="778" HEIGHT="38">
						<String ID="string_1530" HPOS="1814" VPOS="1376" WIDTH="110" HEIGHT="34" WC="0.22" CONTENT="Eiſein"/><SP WIDTH="22" VPOS="1376" HPOS="1924"/>
						<String ID="string_1531" HPOS="1946" VPOS="1376" WIDTH="160" HEIGHT="36" WC="0.91" CONTENT="vorhanden."/><SP WIDTH="42" VPOS="1376" HPOS="2106"/>
						<String ID="string_1532" HPOS="2148" VPOS="1376" WIDTH="130" HEIGHT="32" WC="0.89" CONTENT="Demnach"/><SP WIDTH="23" VPOS="1376" HPOS="2278"/>
						<String ID="string_1533" HPOS="2301" VPOS="1376" WIDTH="29" HEIGHT="33" WC="0.92" CONTENT="iſt"/><SP WIDTH="21" VPOS="1376" HPOS="2330"/>
						<String ID="string_1534" HPOS="2351" VPOS="1375" WIDTH="43" HEIGHT="28" WC="0.92" CONTENT="der"/><SP WIDTH="31" VPOS="1375" HPOS="2394"/>
						<String ID="string_1535" HPOS="2425" VPOS="1374" WIDTH="167" HEIGHT="37" WC="0.92" CONTENT="Eiſengehalt"/>
					</TextLine>
					<TextLine ID="line_247" HPOS="1816" VPOS="1412" WIDTH="776" HEIGHT="37">
						<String ID="string_1536" HPOS="1816" VPOS="1414" WIDTH="43" HEIGHT="28" WC="0.92" CONTENT="des"/><SP WIDTH="46" VPOS="1414" HPOS="1859"/>
						<String ID="string_1537" HPOS="1905" VPOS="1414" WIDTH="119" HEIGHT="33" WC="0.92" CONTENT="Körpers"/><SP WIDTH="42" VPOS="1414" HPOS="2024"/>
						<String ID="string_1538" HPOS="2066" VPOS="1423" WIDTH="33" HEIGHT="19" WC="0.93" CONTENT="an"/><SP WIDTH="38" VPOS="1423" HPOS="2099"/>
						<String ID="string_1539" HPOS="2137" VPOS="1413" WIDTH="98" HEIGHT="36" WC="0.92" CONTENT="Menge"/><SP WIDTH="41" VPOS="1413" HPOS="2235"/>
						<String ID="string_1540" HPOS="2276" VPOS="1414" WIDTH="52" HEIGHT="27" WC="0.93" CONTENT="und"/><SP WIDTH="41" VPOS="1414" HPOS="2328"/>
						<String ID="string_1541" HPOS="2369" VPOS="1412" WIDTH="114" HEIGHT="37" WC="0.91" CONTENT="Umfang"/><SP WIDTH="42" VPOS="1412" HPOS="2483"/>
						<String ID="string_1542" HPOS="2525" VPOS="1413" WIDTH="67" HEIGHT="27" WC="0.68" CONTENT="Leiner"/>
					</TextLine>
					<TextLine ID="line_248" HPOS="1814" VPOS="1450" WIDTH="778" HEIGHT="37">
						<String ID="string_1543" HPOS="1814" VPOS="1451" WIDTH="162" HEIGHT="29" WC="0.92" CONTENT="Stricknadel"/><SP WIDTH="21" VPOS="1451" HPOS="1976"/>
						<String ID="string_1544" HPOS="1997" VPOS="1451" WIDTH="84" HEIGHT="36" WC="0.93" CONTENT="gleich."/><SP WIDTH="43" VPOS="1451" HPOS="2081"/>
						<String ID="string_1545" HPOS="2124" VPOS="1451" WIDTH="255" HEIGHT="35" WC="0.26" CONTENT="Selbfwerſtändlich"/><SP WIDTH="24" VPOS="1451" HPOS="2379"/>
						<String ID="string_1546" HPOS="2403" VPOS="1451" WIDTH="55" HEIGHT="35" WC="0.92" CONTENT="hält"/><SP WIDTH="22" VPOS="1451" HPOS="2458"/>
						<String ID="string_1547" HPOS="2480" VPOS="1451" WIDTH="44" HEIGHT="33" WC="0.93" CONTENT="ſich"/><SP WIDTH="19" VPOS="1451" HPOS="2524"/>
						<String ID="string_1548" HPOS="2543" VPOS="1450" WIDTH="49" HEIGHT="28" WC="0.93" CONTENT="das"/>
					</TextLine>
					<TextLine ID="line_249" HPOS="1815" VPOS="1488" WIDTH="778" HEIGHT="38">
						<String ID="string_1549" HPOS="1815" VPOS="1489" WIDTH="75" HEIGHT="34" WC="0.93" CONTENT="Eiſen"/><SP WIDTH="22" VPOS="1489" HPOS="1890"/>
						<String ID="string_1550" HPOS="1912" VPOS="1490" WIDTH="64" HEIGHT="32" WC="0.93" CONTENT="nicht"/><SP WIDTH="22" VPOS="1490" HPOS="1976"/>
						<String ID="string_1551" HPOS="1998" VPOS="1489" WIDTH="42" HEIGHT="28" WC="0.92" CONTENT="als"/><SP WIDTH="22" VPOS="1489" HPOS="2040"/>
						<String ID="string_1552" HPOS="2062" VPOS="1489" WIDTH="83" HEIGHT="29" WC="0.92" CONTENT="reines"/><SP WIDTH="22" VPOS="1489" HPOS="2145"/>
						<String ID="string_1553" HPOS="2167" VPOS="1489" WIDTH="50" HEIGHT="37" WC="0.92" CONTENT="Erz"/><SP WIDTH="23" VPOS="1489" HPOS="2217"/>
						<String ID="string_1554" HPOS="2240" VPOS="1489" WIDTH="34" HEIGHT="29" WC="0.92" CONTENT="im"/><SP WIDTH="34" VPOS="1489" HPOS="2274"/>
						<String ID="string_1555" HPOS="2308" VPOS="1490" WIDTH="105" HEIGHT="34" WC="0.90" CONTENT="Körper"/><SP WIDTH="30" VPOS="1490" HPOS="2413"/>
						<String ID="string_1556" HPOS="2443" VPOS="1489" WIDTH="53" HEIGHT="34" WC="0.91" CONTENT="auf,"/><SP WIDTH="38" VPOS="1489" HPOS="2496"/>
						<String ID="string_1557" HPOS="2534" VPOS="1488" WIDTH="59" HEIGHT="34" WC="0.89" CONTENT="ſon⸗"/>
					</TextLine>
					<TextLine ID="line_250" HPOS="1815" VPOS="1527" WIDTH="776" HEIGHT="38">
						<String ID="string_1558" HPOS="1815" VPOS="1528" WIDTH="60" HEIGHT="28" WC="0.93" CONTENT="dern"/><SP WIDTH="22" VPOS="1528" HPOS="1875"/>
						<String ID="string_1559" HPOS="1897" VPOS="1528" WIDTH="29" HEIGHT="35" WC="0.91" CONTENT="iſt"/><SP WIDTH="21" VPOS="1528" HPOS="1926"/>
						<String ID="string_1560" HPOS="1947" VPOS="1527" WIDTH="110" HEIGHT="36" WC="0.91" CONTENT="chemiſch"/><SP WIDTH="23" VPOS="1527" HPOS="2057"/>
						<String ID="string_1561" HPOS="2080" VPOS="1528" WIDTH="45" HEIGHT="28" WC="0.92" CONTENT="mit"/><SP WIDTH="23" VPOS="1528" HPOS="2125"/>
						<String ID="string_1562" HPOS="2148" VPOS="1529" WIDTH="54" HEIGHT="28" WC="0.90" CONTENT="dem"/><SP WIDTH="21" VPOS="1529" HPOS="2202"/>
						<String ID="string_1563" HPOS="2223" VPOS="1527" WIDTH="192" HEIGHT="38" WC="0.89" CONTENT="Haemoglobin"/><SP WIDTH="33" VPOS="1527" HPOS="2415"/>
						<String ID="string_1564" HPOS="2448" VPOS="1527" WIDTH="143" HEIGHT="37" WC="0.91" CONTENT="gebunden."/>
					</TextLine>
				</TextBlock>
				<TextBlock ID="block_29" HPOS="1973" VPOS="1647" WIDTH="457" HEIGHT="66">
					<TextLine ID="line_251" HPOS="1973" VPOS="1647" WIDTH="457" HEIGHT="66">
						<String ID="string_1565" HPOS="1973" VPOS="1647" WIDTH="122" HEIGHT="66" WC="0.93" CONTENT="Aus"/><SP WIDTH="33" VPOS="1647" HPOS="2095"/>
						<String ID="string_1566" HPOS="2128" VPOS="1651" WIDTH="120" HEIGHT="62" WC="0.92" CONTENT="aller"/><SP WIDTH="24" VPOS="1651" HPOS="2248"/>
						<String ID="string_1567" HPOS="2272" VPOS="1649" WIDTH="158" HEIGHT="64" WC="0.92" CONTENT="Welt."/>
					</TextLine>
				</TextBlock>
				<TextBlock ID="block_30" HPOS="1813" VPOS="1749" WIDTH="779" HEIGHT="345">
					<TextLine ID="line_252" HPOS="1872" VPOS="1749" WIDTH="720" HEIGHT="38">
						<String ID="string_1568" HPOS="1872" VPOS="1749" WIDTH="71" HEIGHT="32" WC="0.89" CONTENT="Der"/><SP WIDTH="12" VPOS="1749" HPOS="1943"/>
						<String ID="string_1569" HPOS="1955" VPOS="1750" WIDTH="208" HEIGHT="37" WC="0.91" CONTENT="unſterbliche"/><SP WIDTH="11" VPOS="1750" HPOS="2163"/>
						<String ID="string_1570" HPOS="2174" VPOS="1750" WIDTH="290" HEIGHT="36" WC="0.23" CONTENT="Strnumwelpeter."/><SP WIDTH="42" VPOS="1750" HPOS="2464"/>
						<String ID="string_1571" HPOS="2506" VPOS="1751" WIDTH="86" HEIGHT="26" WC="0.90" CONTENT="Kennt"/>
					</TextLine>
					<TextLine ID="line_253" HPOS="1814" VPOS="1787" WIDTH="778" HEIGHT="37">
						<String ID="string_1572" HPOS="1814" VPOS="1789" WIDTH="41" HEIGHT="35" WC="0.93" CONTENT="ihr"/><SP WIDTH="12" VPOS="1789" HPOS="1855"/>
						<String ID="string_1573" HPOS="1867" VPOS="1789" WIDTH="59" HEIGHT="32" WC="0.93" CONTENT="noch"/><SP WIDTH="14" VPOS="1789" HPOS="1926"/>
						<String ID="string_1574" HPOS="1940" VPOS="1790" WIDTH="44" HEIGHT="27" WC="0.93" CONTENT="den"/><SP WIDTH="22" VPOS="1790" HPOS="1984"/>
						<String ID="string_1575" HPOS="2006" VPOS="1789" WIDTH="238" HEIGHT="35" WC="0.78" CONTENT="Struwwelpeter?"/><SP WIDTH="35" VPOS="1789" HPOS="2244"/>
						<String ID="string_1576" HPOS="2279" VPOS="1789" WIDTH="58" HEIGHT="28" WC="0.93" CONTENT="Den"/><SP WIDTH="23" VPOS="1789" HPOS="2337"/>
						<String ID="string_1577" HPOS="2360" VPOS="1789" WIDTH="62" HEIGHT="33" WC="0.91" CONTENT="habt"/><SP WIDTH="21" VPOS="1789" HPOS="2422"/>
						<String ID="string_1578" HPOS="2443" VPOS="1788" WIDTH="41" HEIGHT="34" WC="0.93" CONTENT="ihr"/><SP WIDTH="17" VPOS="1788" HPOS="2484"/>
						<String ID="string_1579" HPOS="2501" VPOS="1787" WIDTH="91" HEIGHT="29" WC="0.91" CONTENT="natür—"/>
					</TextLine>
					<TextLine ID="line_254" HPOS="1813" VPOS="1827" WIDTH="779" HEIGHT="36">
						<String ID="string_1580" HPOS="1813" VPOS="1828" WIDTH="44" HEIGHT="31" WC="0.93" CONTENT="lich"/><SP WIDTH="22" VPOS="1828" HPOS="1857"/>
						<String ID="string_1581" HPOS="1879" VPOS="1828" WIDTH="65" HEIGHT="34" WC="0.92" CONTENT="nicht"/><SP WIDTH="20" VPOS="1828" HPOS="1944"/>
						<String ID="string_1582" HPOS="1964" VPOS="1827" WIDTH="135" HEIGHT="36" WC="0.92" CONTENT="vergeſſen,"/><SP WIDTH="23" VPOS="1827" HPOS="2099"/>
						<String ID="string_1583" HPOS="2122" VPOS="1829" WIDTH="60" HEIGHT="33" WC="0.92" CONTENT="auch"/><SP WIDTH="21" VPOS="1829" HPOS="2182"/>
						<String ID="string_1584" HPOS="2203" VPOS="1832" WIDTH="73" HEIGHT="24" WC="0.93" CONTENT="wenn"/><SP WIDTH="32" VPOS="1832" HPOS="2276"/>
						<String ID="string_1585" HPOS="2308" VPOS="1827" WIDTH="40" HEIGHT="34" WC="0.93" CONTENT="ihr"/><SP WIDTH="38" VPOS="1827" HPOS="2348"/>
						<String ID="string_1586" HPOS="2386" VPOS="1827" WIDTH="86" HEIGHT="36" WC="0.91" CONTENT="große,"/><SP WIDTH="44" VPOS="1827" HPOS="2472"/>
						<String ID="string_1587" HPOS="2516" VPOS="1828" WIDTH="76" HEIGHT="31" WC="0.92" CONTENT="ernſte"/>
					</TextLine>
					<TextLine ID="line_255" HPOS="1813" VPOS="1864" WIDTH="776" HEIGHT="38">
						<String ID="string_1588" HPOS="1813" VPOS="1866" WIDTH="116" HEIGHT="29" WC="0.90" CONTENT="Männer"/><SP WIDTH="23" VPOS="1866" HPOS="1929"/>
						<String ID="string_1589" HPOS="1952" VPOS="1867" WIDTH="135" HEIGHT="35" WC="0.82" CONTENT="geworden"/><SP WIDTH="22" VPOS="1867" HPOS="2087"/>
						<String ID="string_1590" HPOS="2109" VPOS="1866" WIDTH="57" HEIGHT="35" WC="0.92" CONTENT="ſeid."/><SP WIDTH="43" VPOS="1866" HPOS="2166"/>
						<String ID="string_1591" HPOS="2209" VPOS="1866" WIDTH="108" HEIGHT="28" WC="0.90" CONTENT="Einmal"/><SP WIDTH="30" VPOS="1866" HPOS="2317"/>
						<String ID="string_1592" HPOS="2347" VPOS="1865" WIDTH="63" HEIGHT="33" WC="0.90" CONTENT="habt"/><SP WIDTH="41" VPOS="1865" HPOS="2410"/>
						<String ID="string_1593" HPOS="2451" VPOS="1865" WIDTH="39" HEIGHT="32" WC="0.76" CONTENT="ihr"/><SP WIDTH="41" VPOS="1865" HPOS="2490"/>
						<String ID="string_1594" HPOS="2531" VPOS="1864" WIDTH="58" HEIGHT="33" WC="0.76" CONTENT="doch"/>
					</TextLine>
					<TextLine ID="line_256" HPOS="1814" VPOS="1901" WIDTH="777" HEIGHT="40">
						<String ID="string_1595" HPOS="1814" VPOS="1906" WIDTH="42" HEIGHT="27" WC="0.93" CONTENT="als"/><SP WIDTH="22" VPOS="1906" HPOS="1856"/>
						<String ID="string_1596" HPOS="1878" VPOS="1904" WIDTH="75" HEIGHT="29" WC="0.90" CONTENT="kleine"/><SP WIDTH="21" VPOS="1904" HPOS="1953"/>
						<String ID="string_1597" HPOS="1974" VPOS="1904" WIDTH="180" HEIGHT="36" WC="0.91" CONTENT="Erdenbuͤrger"/><SP WIDTH="13" VPOS="1904" HPOS="2154"/>
						<String ID="string_1598" HPOS="2167" VPOS="1904" WIDTH="137" HEIGHT="37" WC="0.92" CONTENT="dageſeſſen"/><SP WIDTH="22" VPOS="1904" HPOS="2304"/>
						<String ID="string_1599" HPOS="2326" VPOS="1904" WIDTH="53" HEIGHT="28" WC="0.92" CONTENT="und"/><SP WIDTH="22" VPOS="1904" HPOS="2379"/>
						<String ID="string_1600" HPOS="2401" VPOS="1904" WIDTH="46" HEIGHT="28" WC="0.93" CONTENT="den"/><SP WIDTH="22" VPOS="1904" HPOS="2447"/>
						<String ID="string_1601" HPOS="2469" VPOS="1901" WIDTH="122" HEIGHT="35" WC="0.92" CONTENT="Märchen"/>
					</TextLine>
					<TextLine ID="line_257" HPOS="1813" VPOS="1941" WIDTH="778" HEIGHT="36">
						<String ID="string_1602" HPOS="1813" VPOS="1949" WIDTH="60" HEIGHT="22" WC="0.91" CONTENT="vom"/><SP WIDTH="21" VPOS="1949" HPOS="1873"/>
						<String ID="string_1603" HPOS="1894" VPOS="1943" WIDTH="226" HEIGHT="33" WC="0.88" CONTENT="Daumenlutſcher"/><SP WIDTH="22" VPOS="1943" HPOS="2120"/>
						<String ID="string_1604" HPOS="2142" VPOS="1945" WIDTH="53" HEIGHT="26" WC="0.0" CONTENT="und"/><SP WIDTH="41" VPOS="1945" HPOS="2195"/>
						<String ID="string_1605" HPOS="2236" VPOS="1950" WIDTH="59" HEIGHT="20" WC="0.78" CONTENT="vom"/><SP WIDTH="21" VPOS="1950" HPOS="2295"/>
						<String ID="string_1606" HPOS="2316" VPOS="1941" WIDTH="207" HEIGHT="36" WC="0.57" CONTENT="Zappelphilipp"/><SP WIDTH="27" VPOS="1941" HPOS="2523"/>
						<String ID="string_1607" HPOS="2550" VPOS="1949" WIDTH="41" HEIGHT="28" WC="0.51" CONTENT="ge—"/>
					</TextLine>
					<TextLine ID="line_258" HPOS="1813" VPOS="1979" WIDTH="778" HEIGHT="37">
						<String ID="string_1608" HPOS="1813" VPOS="1981" WIDTH="100" HEIGHT="34" WC="0.92" CONTENT="lauſcht."/><SP WIDTH="44" VPOS="1981" HPOS="1913"/>
						<String ID="string_1609" HPOS="1957" VPOS="1981" WIDTH="40" HEIGHT="35" WC="0.92" CONTENT="Jſt"/><SP WIDTH="22" VPOS="1981" HPOS="1997"/>
						<String ID="string_1610" HPOS="2019" VPOS="1985" WIDTH="39" HEIGHT="23" WC="0.71" CONTENT="der"/><SP WIDTH="34" VPOS="1985" HPOS="2058"/>
						<String ID="string_1611" HPOS="2092" VPOS="1981" WIDTH="215" HEIGHT="34" WC="0.92" CONTENT="Struwwelpeter"/><SP WIDTH="37" VPOS="1981" HPOS="2307"/>
						<String ID="string_1612" HPOS="2344" VPOS="1981" WIDTH="64" HEIGHT="31" WC="0.93" CONTENT="nicht"/><SP WIDTH="40" VPOS="1981" HPOS="2408"/>
						<String ID="string_1613" HPOS="2448" VPOS="1981" WIDTH="50" HEIGHT="27" WC="0.92" CONTENT="das"/><SP WIDTH="24" VPOS="1981" HPOS="2498"/>
						<String ID="string_1614" HPOS="2522" VPOS="1979" WIDTH="69" HEIGHT="33" WC="0.45" CONTENT="Buch"/>
					</TextLine>
					<TextLine ID="line_259" HPOS="1813" VPOS="2018" WIDTH="776" HEIGHT="37">
						<String ID="string_1615" HPOS="1813" VPOS="2021" WIDTH="41" HEIGHT="26" WC="0.92" CONTENT="der"/><SP WIDTH="22" VPOS="2021" HPOS="1854"/>
						<String ID="string_1616" HPOS="1876" VPOS="2020" WIDTH="106" HEIGHT="27" WC="0.93" CONTENT="Kleinen"/><SP WIDTH="21" VPOS="2020" HPOS="1982"/>
						<String ID="string_1617" HPOS="2003" VPOS="2020" WIDTH="52" HEIGHT="28" WC="0.92" CONTENT="und"/><SP WIDTH="20" VPOS="2020" HPOS="2055"/>
						<String ID="string_1618" HPOS="2075" VPOS="2020" WIDTH="147" HEIGHT="35" WC="0.92" CONTENT="Kleinſten?"/><SP WIDTH="40" VPOS="2020" HPOS="2222"/>
						<String ID="string_1619" HPOS="2262" VPOS="2019" WIDTH="52" HEIGHT="29" WC="0.92" CONTENT="Ein"/><SP WIDTH="24" VPOS="2019" HPOS="2314"/>
						<String ID="string_1620" HPOS="2338" VPOS="2019" WIDTH="80" HEIGHT="32" WC="0.91" CONTENT="Buch,"/><SP WIDTH="23" VPOS="2019" HPOS="2418"/>
						<String ID="string_1621" HPOS="2441" VPOS="2019" WIDTH="71" HEIGHT="30" WC="0.90" CONTENT="wert,"/><SP WIDTH="27" VPOS="2019" HPOS="2512"/>
						<String ID="string_1622" HPOS="2539" VPOS="2018" WIDTH="50" HEIGHT="33" WC="0.93" CONTENT="daß"/>
					</TextLine>
					<TextLine ID="line_260" HPOS="1813" VPOS="2056" WIDTH="720" HEIGHT="38">
						<String ID="string_1623" HPOS="1813" VPOS="2058" WIDTH="54" HEIGHT="34" WC="0.93" CONTENT="ihm"/><SP WIDTH="23" VPOS="2058" HPOS="1867"/>
						<String ID="string_1624" HPOS="1890" VPOS="2058" WIDTH="57" HEIGHT="33" WC="0.92" CONTENT="noch"/><SP WIDTH="23" VPOS="2058" HPOS="1947"/>
						<String ID="string_1625" HPOS="1970" VPOS="2059" WIDTH="40" HEIGHT="26" WC="0.92" CONTENT="ein"/><SP WIDTH="23" VPOS="2059" HPOS="2010"/>
						<String ID="string_1626" HPOS="2033" VPOS="2058" WIDTH="145" HEIGHT="35" WC="0.92" CONTENT="beſonderes"/><SP WIDTH="22" VPOS="2058" HPOS="2178"/>
						<String ID="string_1627" HPOS="2200" VPOS="2057" WIDTH="129" HEIGHT="29" WC="0.92" CONTENT="Denkmal"/><SP WIDTH="22" VPOS="2057" HPOS="2329"/>
						<String ID="string_1628" HPOS="2351" VPOS="2057" WIDTH="81" HEIGHT="37" WC="0.93" CONTENT="geſetzt"/><SP WIDTH="24" VPOS="2057" HPOS="2432"/>
						<String ID="string_1629" HPOS="2456" VPOS="2056" WIDTH="77" HEIGHT="29" WC="0.92" CONTENT="wird."/>
					</TextLine>
				</TextBlock>
				<TextBlock ID="block_31" HPOS="1796" VPOS="2109" WIDTH="798" HEIGHT="436">
					<TextLine ID="line_261" HPOS="1796" VPOS="2109" WIDTH="795" HEIGHT="39">
						<String ID="string_1630" HPOS="1796" VPOS="2111" WIDTH="138" HEIGHT="28" WC="0.16" CONTENT="—Das"/><SP WIDTH="41" VPOS="2111" HPOS="1934"/>
						<String ID="string_1631" HPOS="1975" VPOS="2111" WIDTH="45" HEIGHT="35" WC="0.93" CONTENT="ſoll"/><SP WIDTH="41" VPOS="2111" HPOS="2020"/>
						<String ID="string_1632" HPOS="2061" VPOS="2119" WIDTH="53" HEIGHT="20" WC="0.93" CONTENT="nun"/><SP WIDTH="39" VPOS="2119" HPOS="2114"/>
						<String ID="string_1633" HPOS="2153" VPOS="2111" WIDTH="134" HEIGHT="37" WC="0.92" CONTENT="geſchehen."/><SP WIDTH="42" VPOS="2111" HPOS="2287"/>
						<String ID="string_1634" HPOS="2329" VPOS="2111" WIDTH="55" HEIGHT="28" WC="0.93" CONTENT="Der"/><SP WIDTH="22" VPOS="2111" HPOS="2384"/>
						<String ID="string_1635" HPOS="2406" VPOS="2110" WIDTH="103" HEIGHT="34" WC="0.91" CONTENT="Dichter"/><SP WIDTH="37" VPOS="2110" HPOS="2509"/>
						<String ID="string_1636" HPOS="2546" VPOS="2109" WIDTH="45" HEIGHT="29" WC="0.91" CONTENT="des"/>
					</TextLine>
					<TextLine ID="line_262" HPOS="1813" VPOS="2148" WIDTH="781" HEIGHT="36">
						<String ID="string_1637" HPOS="1813" VPOS="2149" WIDTH="224" HEIGHT="34" WC="0.86" CONTENT="Struwwelpeter,"/><SP WIDTH="23" VPOS="2149" HPOS="2037"/>
						<String ID="string_1638" HPOS="2060" VPOS="2150" WIDTH="42" HEIGHT="27" WC="0.93" CONTENT="der"/><SP WIDTH="25" VPOS="2150" HPOS="2102"/>
						<String ID="string_1639" HPOS="2127" VPOS="2149" WIDTH="165" HEIGHT="34" WC="0.91" CONTENT="Frankfurter"/><SP WIDTH="22" VPOS="2149" HPOS="2292"/>
						<String ID="string_1640" HPOS="2314" VPOS="2148" WIDTH="59" HEIGHT="36" WC="0.92" CONTENT="Arzt"/><SP WIDTH="19" VPOS="2148" HPOS="2373"/>
						<String ID="string_1641" HPOS="2392" VPOS="2148" WIDTH="52" HEIGHT="28" WC="0.90" CONTENT="Dr."/><SP WIDTH="24" VPOS="2148" HPOS="2444"/>
						<String ID="string_1642" HPOS="2468" VPOS="2148" WIDTH="31" HEIGHT="34" WC="0.90" CONTENT="H."/><SP WIDTH="20" VPOS="2148" HPOS="2499"/>
						<String ID="string_1643" HPOS="2519" VPOS="2148" WIDTH="75" HEIGHT="34" WC="0.19" CONTENT="Hon“"/>
					</TextLine>
					<TextLine ID="line_263" HPOS="1814" VPOS="2186" WIDTH="777" HEIGHT="36">
						<String ID="string_1644" HPOS="1814" VPOS="2195" WIDTH="90" HEIGHT="24" WC="0.93" CONTENT="mann,"/><SP WIDTH="24" VPOS="2195" HPOS="1904"/>
						<String ID="string_1645" HPOS="1928" VPOS="2188" WIDTH="67" HEIGHT="28" WC="0.92" CONTENT="wird"/><SP WIDTH="22" VPOS="2188" HPOS="1995"/>
						<String ID="string_1646" HPOS="2017" VPOS="2195" WIDTH="52" HEIGHT="20" WC="0.91" CONTENT="nun"/><SP WIDTH="27" VPOS="2195" HPOS="2069"/>
						<String ID="string_1647" HPOS="2096" VPOS="2190" WIDTH="50" HEIGHT="25" WC="0.92" CONTENT="120"/><SP WIDTH="23" VPOS="2190" HPOS="2146"/>
						<String ID="string_1648" HPOS="2169" VPOS="2186" WIDTH="84" HEIGHT="36" WC="0.92" CONTENT="Jahre"/><SP WIDTH="21" VPOS="2186" HPOS="2253"/>
						<String ID="string_1649" HPOS="2274" VPOS="2188" WIDTH="46" HEIGHT="29" WC="0.91" CONTENT="alt,"/><SP WIDTH="22" VPOS="2188" HPOS="2320"/>
						<String ID="string_1650" HPOS="2342" VPOS="2187" WIDTH="54" HEIGHT="28" WC="0.93" CONTENT="und"/><SP WIDTH="23" VPOS="2187" HPOS="2396"/>
						<String ID="string_1651" HPOS="2419" VPOS="2187" WIDTH="51" HEIGHT="27" WC="0.93" CONTENT="aus"/><SP WIDTH="30" VPOS="2187" HPOS="2470"/>
						<String ID="string_1652" HPOS="2500" VPOS="2186" WIDTH="91" HEIGHT="34" WC="0.92" CONTENT="dieſem"/>
					</TextLine>
					<TextLine ID="line_264" HPOS="1814" VPOS="2224" WIDTH="777" HEIGHT="36">
						<String ID="string_1653" HPOS="1814" VPOS="2225" WIDTH="85" HEIGHT="33" WC="0.91" CONTENT="Anlaß"/><SP WIDTH="22" VPOS="2225" HPOS="1899"/>
						<String ID="string_1654" HPOS="1921" VPOS="2226" WIDTH="110" HEIGHT="34" WC="0.92" CONTENT="errichtet"/><SP WIDTH="22" VPOS="2226" HPOS="2031"/>
						<String ID="string_1655" HPOS="2053" VPOS="2225" WIDTH="39" HEIGHT="28" WC="0.93" CONTENT="die"/><SP WIDTH="20" VPOS="2225" HPOS="2092"/>
						<String ID="string_1656" HPOS="2112" VPOS="2226" WIDTH="86" HEIGHT="28" WC="0.92" CONTENT="Stadt"/><SP WIDTH="21" VPOS="2226" HPOS="2198"/>
						<String ID="string_1657" HPOS="2219" VPOS="2224" WIDTH="141" HEIGHT="36" WC="0.92" CONTENT="Frankfurt"/><SP WIDTH="22" VPOS="2224" HPOS="2360"/>
						<String ID="string_1658" HPOS="2382" VPOS="2232" WIDTH="23" HEIGHT="20" WC="0.91" CONTENT="a."/><SP WIDTH="32" VPOS="2232" HPOS="2405"/>
						<String ID="string_1659" HPOS="2437" VPOS="2225" WIDTH="42" HEIGHT="28" WC="0.91" CONTENT="M."/><SP WIDTH="41" VPOS="2225" HPOS="2479"/>
						<String ID="string_1660" HPOS="2520" VPOS="2224" WIDTH="71" HEIGHT="28" WC="0.92" CONTENT="einen"/>
					</TextLine>
					<TextLine ID="line_265" HPOS="1814" VPOS="2263" WIDTH="777" HEIGHT="35">
						<String ID="string_1661" HPOS="1814" VPOS="2263" WIDTH="369" HEIGHT="34" WC="0.56" CONTENT="Struwwelpeter⸗Brunnen,"/><SP WIDTH="48" VPOS="2263" HPOS="2183"/>
						<String ID="string_1662" HPOS="2231" VPOS="2265" WIDTH="41" HEIGHT="26" WC="0.92" CONTENT="der"/><SP WIDTH="22" VPOS="2265" HPOS="2272"/>
						<String ID="string_1663" HPOS="2294" VPOS="2264" WIDTH="52" HEIGHT="27" WC="0.92" CONTENT="eine"/><SP WIDTH="22" VPOS="2264" HPOS="2346"/>
						<String ID="string_1664" HPOS="2368" VPOS="2263" WIDTH="156" HEIGHT="35" WC="0.91" CONTENT="Schöpfung"/><SP WIDTH="20" VPOS="2263" HPOS="2524"/>
						<String ID="string_1665" HPOS="2544" VPOS="2263" WIDTH="47" HEIGHT="27" WC="0.93" CONTENT="des"/>
					</TextLine>
					<TextLine ID="line_266" HPOS="1815" VPOS="2301" WIDTH="407" HEIGHT="36">
						<String ID="string_1666" HPOS="1815" VPOS="2301" WIDTH="162" HEIGHT="35" WC="0.91" CONTENT="Bildhauers"/><SP WIDTH="23" VPOS="2301" HPOS="1977"/>
						<String ID="string_1667" HPOS="2000" VPOS="2301" WIDTH="71" HEIGHT="35" WC="0.83" CONTENT="Joſef"/><SP WIDTH="22" VPOS="2301" HPOS="2071"/>
						<String ID="string_1668" HPOS="2093" VPOS="2301" WIDTH="61" HEIGHT="36" WC="0.93" CONTENT="Belz"/><SP WIDTH="33" VPOS="2301" HPOS="2154"/>
						<String ID="string_1669" HPOS="2187" VPOS="2302" WIDTH="35" HEIGHT="34" WC="0.93" CONTENT="iſt."/>
					</TextLine>
					<TextLine ID="line_267" HPOS="1871" VPOS="2353" WIDTH="719" HEIGHT="36">
						<String ID="string_1670" HPOS="1871" VPOS="2355" WIDTH="115" HEIGHT="34" WC="0.92" CONTENT="Heinrich"/><SP WIDTH="30" VPOS="2355" HPOS="1986"/>
						<String ID="string_1671" HPOS="2016" VPOS="2355" WIDTH="140" HEIGHT="34" WC="0.92" CONTENT="Hoffmann"/><SP WIDTH="43" VPOS="2355" HPOS="2156"/>
						<String ID="string_1672" HPOS="2199" VPOS="2355" WIDTH="68" HEIGHT="33" WC="0.92" CONTENT="hatte"/><SP WIDTH="37" VPOS="2355" HPOS="2267"/>
						<String ID="string_1673" HPOS="2304" VPOS="2355" WIDTH="46" HEIGHT="28" WC="0.92" CONTENT="den"/><SP WIDTH="24" VPOS="2355" HPOS="2350"/>
						<String ID="string_1674" HPOS="2374" VPOS="2353" WIDTH="216" HEIGHT="35" WC="0.91" CONTENT="Struwwelpeter"/>
					</TextLine>
					<TextLine ID="line_268" HPOS="1813" VPOS="2391" WIDTH="777" HEIGHT="37">
						<String ID="string_1675" HPOS="1813" VPOS="2391" WIDTH="128" HEIGHT="37" WC="0.90" CONTENT="eigentlich"/><SP WIDTH="11" VPOS="2391" HPOS="1941"/>
						<String ID="string_1676" HPOS="1952" VPOS="2395" WIDTH="45" HEIGHT="32" WC="0.90" CONTENT="erſt"/><SP WIDTH="22" VPOS="2395" HPOS="1997"/>
						<String ID="string_1677" HPOS="2019" VPOS="2401" WIDTH="48" HEIGHT="20" WC="0.92" CONTENT="nur"/><SP WIDTH="23" VPOS="2401" HPOS="2067"/>
						<String ID="string_1678" HPOS="2090" VPOS="2392" WIDTH="40" HEIGHT="35" WC="0.93" CONTENT="für"/><SP WIDTH="18" VPOS="2392" HPOS="2130"/>
						<String ID="string_1679" HPOS="2148" VPOS="2393" WIDTH="81" HEIGHT="35" WC="0.93" CONTENT="ſeinen"/><SP WIDTH="18" VPOS="2393" HPOS="2229"/>
						<String ID="string_1680" HPOS="2247" VPOS="2393" WIDTH="93" HEIGHT="28" WC="0.92" CONTENT="kleinen"/><SP WIDTH="15" VPOS="2393" HPOS="2340"/>
						<String ID="string_1681" HPOS="2355" VPOS="2393" WIDTH="80" HEIGHT="33" WC="0.93" CONTENT="Sohn"/><SP WIDTH="19" VPOS="2393" HPOS="2435"/>
						<String ID="string_1682" HPOS="2454" VPOS="2393" WIDTH="136" HEIGHT="35" WC="0.92" CONTENT="beſtimmt,"/>
					</TextLine>
					<TextLine ID="line_269" HPOS="1814" VPOS="2431" WIDTH="776" HEIGHT="35">
						<String ID="string_1683" HPOS="1814" VPOS="2433" WIDTH="58" HEIGHT="27" WC="0.92" CONTENT="aber"/><SP WIDTH="24" VPOS="2433" HPOS="1872"/>
						<String ID="string_1684" HPOS="1896" VPOS="2433" WIDTH="59" HEIGHT="27" WC="0.92" CONTENT="bald"/><SP WIDTH="24" VPOS="2433" HPOS="1955"/>
						<String ID="string_1685" HPOS="1979" VPOS="2432" WIDTH="91" HEIGHT="32" WC="0.92" CONTENT="machte"/><SP WIDTH="22" VPOS="2432" HPOS="2070"/>
						<String ID="string_1686" HPOS="2092" VPOS="2432" WIDTH="51" HEIGHT="28" WC="0.92" CONTENT="das"/><SP WIDTH="24" VPOS="2432" HPOS="2143"/>
						<String ID="string_1687" HPOS="2167" VPOS="2432" WIDTH="68" HEIGHT="31" WC="0.92" CONTENT="Buch"/><SP WIDTH="41" VPOS="2432" HPOS="2235"/>
						<String ID="string_1688" HPOS="2276" VPOS="2432" WIDTH="48" HEIGHT="27" WC="0.92" CONTENT="mit"/><SP WIDTH="40" VPOS="2432" HPOS="2324"/>
						<String ID="string_1689" HPOS="2364" VPOS="2432" WIDTH="45" HEIGHT="27" WC="0.92" CONTENT="den"/><SP WIDTH="43" VPOS="2432" HPOS="2409"/>
						<String ID="string_1690" HPOS="2452" VPOS="2431" WIDTH="138" HEIGHT="35" WC="0.90" CONTENT="kindlichen"/>
					</TextLine>
					<TextLine ID="line_270" HPOS="1813" VPOS="2469" WIDTH="773" HEIGHT="38">
						<String ID="string_1691" HPOS="1813" VPOS="2471" WIDTH="92" HEIGHT="34" WC="0.35" CONTENT="Verfen"/><SP WIDTH="23" VPOS="2471" HPOS="1905"/>
						<String ID="string_1692" HPOS="1928" VPOS="2472" WIDTH="52" HEIGHT="27" WC="0.92" CONTENT="und"/><SP WIDTH="24" VPOS="2472" HPOS="1980"/>
						<String ID="string_1693" HPOS="2004" VPOS="2471" WIDTH="45" HEIGHT="27" WC="0.93" CONTENT="den"/><SP WIDTH="21" VPOS="2471" HPOS="2049"/>
						<String ID="string_1694" HPOS="2070" VPOS="2472" WIDTH="81" HEIGHT="26" WC="0.92" CONTENT="netten"/><SP WIDTH="13" VPOS="2472" HPOS="2151"/>
						<String ID="string_1695" HPOS="2164" VPOS="2470" WIDTH="178" HEIGHT="37" WC="0.92" CONTENT="Zeichnungen"/><SP WIDTH="24" VPOS="2470" HPOS="2342"/>
						<String ID="string_1696" HPOS="2366" VPOS="2470" WIDTH="81" HEIGHT="32" WC="0.92" CONTENT="ſeinen"/><SP WIDTH="14" VPOS="2470" HPOS="2447"/>
						<String ID="string_1697" HPOS="2461" VPOS="2469" WIDTH="65" HEIGHT="38" WC="0.93" CONTENT="Weg"/><SP WIDTH="18" VPOS="2469" HPOS="2526"/>
						<String ID="string_1698" HPOS="2544" VPOS="2477" WIDTH="42" HEIGHT="28" WC="0.92" CONTENT="zur"/>
					</TextLine>
					<TextLine ID="line_271" HPOS="1813" VPOS="2507" WIDTH="701" HEIGHT="38">
						<String ID="string_1699" HPOS="1813" VPOS="2509" WIDTH="106" HEIGHT="36" WC="0.93" CONTENT="Jugend"/><SP WIDTH="22" VPOS="2509" HPOS="1919"/>
						<String ID="string_1700" HPOS="1941" VPOS="2510" WIDTH="51" HEIGHT="26" WC="0.93" CONTENT="und"/><SP WIDTH="22" VPOS="2510" HPOS="1992"/>
						<String ID="string_1701" HPOS="2014" VPOS="2509" WIDTH="61" HEIGHT="33" WC="0.93" CONTENT="fand"/><SP WIDTH="23" VPOS="2509" HPOS="2075"/>
						<String ID="string_1702" HPOS="2098" VPOS="2509" WIDTH="58" HEIGHT="27" WC="0.92" CONTENT="dort"/><SP WIDTH="16" VPOS="2509" HPOS="2156"/>
						<String ID="string_1703" HPOS="2172" VPOS="2509" WIDTH="40" HEIGHT="27" WC="0.92" CONTENT="die"/><SP WIDTH="21" VPOS="2509" HPOS="2212"/>
						<String ID="string_1704" HPOS="2233" VPOS="2508" WIDTH="103" HEIGHT="35" WC="0.86" CONTENT="ſchönſte"/><SP WIDTH="22" VPOS="2508" HPOS="2336"/>
						<String ID="string_1705" HPOS="2358" VPOS="2507" WIDTH="156" HEIGHT="35" WC="0.83" CONTENT="Aufnahme."/>
					</TextLine>
				</TextBlock>
				<TextBlock ID="block_32" HPOS="1811" VPOS="2560" WIDTH="781" HEIGHT="265">
					<TextLine ID="line_272" HPOS="1871" VPOS="2560" WIDTH="720" HEIGHT="38">
						<String ID="string_1706" HPOS="1871" VPOS="2562" WIDTH="116" HEIGHT="34" WC="0.92" CONTENT="Heinrich"/><SP WIDTH="37" VPOS="2562" HPOS="1987"/>
						<String ID="string_1707" HPOS="2024" VPOS="2561" WIDTH="160" HEIGHT="34" WC="0.92" CONTENT="Hoffmanns"/><SP WIDTH="41" VPOS="2561" HPOS="2184"/>
						<String ID="string_1708" HPOS="2225" VPOS="2561" WIDTH="159" HEIGHT="37" WC="0.91" CONTENT="eigentliches"/><SP WIDTH="42" VPOS="2561" HPOS="2384"/>
						<String ID="string_1709" HPOS="2426" VPOS="2560" WIDTH="165" HEIGHT="30" WC="0.91" CONTENT="Lebenswerk"/>
					</TextLine>
					<TextLine ID="line_273" HPOS="1813" VPOS="2599" WIDTH="775" HEIGHT="37">
						<String ID="string_1710" HPOS="1813" VPOS="2605" WIDTH="57" HEIGHT="23" WC="0.92" CONTENT="war"/><SP WIDTH="23" VPOS="2605" HPOS="1870"/>
						<String ID="string_1711" HPOS="1893" VPOS="2601" WIDTH="38" HEIGHT="27" WC="0.92" CONTENT="die"/><SP WIDTH="21" VPOS="2601" HPOS="1931"/>
						<String ID="string_1712" HPOS="1952" VPOS="2600" WIDTH="155" HEIGHT="36" WC="0.92" CONTENT="Errichtung"/><SP WIDTH="30" VPOS="2600" HPOS="2107"/>
						<String ID="string_1713" HPOS="2137" VPOS="2600" WIDTH="66" HEIGHT="27" WC="0.92" CONTENT="einer"/><SP WIDTH="22" VPOS="2600" HPOS="2203"/>
						<String ID="string_1714" HPOS="2225" VPOS="2600" WIDTH="180" HEIGHT="35" WC="0.22" CONTENT="Jrrenanſtalt"/><SP WIDTH="31" VPOS="2600" HPOS="2405"/>
						<String ID="string_1715" HPOS="2436" VPOS="2600" WIDTH="27" HEIGHT="28" WC="0.93" CONTENT="in"/><SP WIDTH="30" VPOS="2600" HPOS="2463"/>
						<String ID="string_1716" HPOS="2493" VPOS="2599" WIDTH="95" HEIGHT="35" WC="0.79" CONTENT="Frank."/>
					</TextLine>
					<TextLine ID="line_274" HPOS="1814" VPOS="2637" WIDTH="774" HEIGHT="38">
						<String ID="string_1717" HPOS="1814" VPOS="2640" WIDTH="52" HEIGHT="29" WC="0.92" CONTENT="furt"/><SP WIDTH="22" VPOS="2640" HPOS="1866"/>
						<String ID="string_1718" HPOS="1888" VPOS="2646" WIDTH="25" HEIGHT="20" WC="0.89" CONTENT="a."/><SP WIDTH="22" VPOS="2646" HPOS="1913"/>
						<String ID="string_1719" HPOS="1935" VPOS="2639" WIDTH="42" HEIGHT="27" WC="0.90" CONTENT="M."/><SP WIDTH="42" VPOS="2639" HPOS="1977"/>
						<String ID="string_1720" HPOS="2019" VPOS="2638" WIDTH="67" HEIGHT="28" WC="0.91" CONTENT="Dem"/><SP WIDTH="29" VPOS="2638" HPOS="2086"/>
						<String ID="string_1721" HPOS="2115" VPOS="2638" WIDTH="103" HEIGHT="32" WC="0.91" CONTENT="Dichter"/><SP WIDTH="40" VPOS="2638" HPOS="2218"/>
						<String ID="string_1722" HPOS="2258" VPOS="2646" WIDTH="29" HEIGHT="29" WC="0.91" CONTENT="zu"/><SP WIDTH="22" VPOS="2646" HPOS="2287"/>
						<String ID="string_1723" HPOS="2309" VPOS="2637" WIDTH="84" HEIGHT="34" WC="0.83" CONTENT="Ehren"/><SP WIDTH="41" VPOS="2637" HPOS="2393"/>
						<String ID="string_1724" HPOS="2434" VPOS="2638" WIDTH="60" HEIGHT="35" WC="0.85" CONTENT="ſteht"/><SP WIDTH="39" VPOS="2638" HPOS="2494"/>
						<String ID="string_1725" HPOS="2533" VPOS="2645" WIDTH="55" HEIGHT="21" WC="0.91" CONTENT="nun"/>
					</TextLine>
					<TextLine ID="line_275" HPOS="1813" VPOS="2676" WIDTH="779" HEIGHT="36">
						<String ID="string_1726" HPOS="1813" VPOS="2677" WIDTH="60" HEIGHT="31" WC="0.93" CONTENT="auch"/><SP WIDTH="23" VPOS="2677" HPOS="1873"/>
						<String ID="string_1727" HPOS="1896" VPOS="2677" WIDTH="49" HEIGHT="31" WC="0.91" CONTENT="ſein"/><SP WIDTH="22" VPOS="2677" HPOS="1945"/>
						<String ID="string_1728" HPOS="1967" VPOS="2677" WIDTH="103" HEIGHT="35" WC="0.92" CONTENT="zweites"/><SP WIDTH="17" VPOS="2677" HPOS="2070"/>
						<String ID="string_1729" HPOS="2087" VPOS="2676" WIDTH="88" HEIGHT="32" WC="0.92" CONTENT="Werk,"/><SP WIDTH="34" VPOS="2676" HPOS="2175"/>
						<String ID="string_1730" HPOS="2209" VPOS="2678" WIDTH="41" HEIGHT="26" WC="0.90" CONTENT="der"/><SP WIDTH="31" VPOS="2678" HPOS="2250"/>
						<String ID="string_1731" HPOS="2281" VPOS="2677" WIDTH="228" HEIGHT="35" WC="0.91" CONTENT="Struwwelpeter,"/><SP WIDTH="37" VPOS="2677" HPOS="2509"/>
						<String ID="string_1732" HPOS="2546" VPOS="2678" WIDTH="46" HEIGHT="30" WC="0.91" CONTENT="auf"/>
					</TextLine>
					<TextLine ID="line_276" HPOS="1812" VPOS="2713" WIDTH="778" HEIGHT="36">
						<String ID="string_1733" HPOS="1812" VPOS="2714" WIDTH="67" HEIGHT="28" WC="0.93" CONTENT="einer"/><SP WIDTH="11" VPOS="2714" HPOS="1879"/>
						<String ID="string_1734" HPOS="1890" VPOS="2714" WIDTH="82" HEIGHT="32" WC="0.92" CONTENT="Wieſe"/><SP WIDTH="24" VPOS="2714" HPOS="1972"/>
						<String ID="string_1735" HPOS="1996" VPOS="2716" WIDTH="34" HEIGHT="26" WC="0.92" CONTENT="im"/><SP WIDTH="20" VPOS="2716" HPOS="2030"/>
						<String ID="string_1736" HPOS="2050" VPOS="2713" WIDTH="140" HEIGHT="35" WC="0.91" CONTENT="Frankfurt"/><SP WIDTH="21" VPOS="2713" HPOS="2190"/>
						<String ID="string_1737" HPOS="2211" VPOS="2714" WIDTH="129" HEIGHT="29" WC="0.92" CONTENT="Stadion."/><SP WIDTH="44" VPOS="2714" HPOS="2340"/>
						<String ID="string_1738" HPOS="2384" VPOS="2715" WIDTH="100" HEIGHT="27" WC="0.92" CONTENT="Kinder"/><SP WIDTH="16" VPOS="2715" HPOS="2484"/>
						<String ID="string_1739" HPOS="2500" VPOS="2715" WIDTH="90" HEIGHT="34" WC="0.91" CONTENT="ſpielen"/>
					</TextLine>
					<TextLine ID="line_277" HPOS="1811" VPOS="2752" WIDTH="780" HEIGHT="36">
						<String ID="string_1740" HPOS="1811" VPOS="2760" WIDTH="44" HEIGHT="20" WC="0.92" CONTENT="um"/><SP WIDTH="23" VPOS="2760" HPOS="1855"/>
						<String ID="string_1741" HPOS="1878" VPOS="2753" WIDTH="45" HEIGHT="27" WC="0.92" CONTENT="den"/><SP WIDTH="20" VPOS="2753" HPOS="1923"/>
						<String ID="string_1742" HPOS="1943" VPOS="2752" WIDTH="135" HEIGHT="31" WC="0.92" CONTENT="Brunnen,"/><SP WIDTH="24" VPOS="2752" HPOS="2078"/>
						<String ID="string_1743" HPOS="2102" VPOS="2753" WIDTH="44" HEIGHT="29" WC="0.92" CONTENT="auf"/><SP WIDTH="24" VPOS="2753" HPOS="2146"/>
						<String ID="string_1744" HPOS="2170" VPOS="2754" WIDTH="54" HEIGHT="26" WC="0.93" CONTENT="dem"/><SP WIDTH="21" VPOS="2754" HPOS="2224"/>
						<String ID="string_1745" HPOS="2245" VPOS="2755" WIDTH="41" HEIGHT="25" WC="0.92" CONTENT="der"/><SP WIDTH="20" VPOS="2755" HPOS="2286"/>
						<String ID="string_1746" HPOS="2306" VPOS="2752" WIDTH="161" HEIGHT="36" WC="0.92" CONTENT="unſterbliche"/><SP WIDTH="12" VPOS="2752" HPOS="2467"/>
						<String ID="string_1747" HPOS="2479" VPOS="2752" WIDTH="112" HEIGHT="29" WC="0.69" CONTENT="Struw—"/>
					</TextLine>
					<TextLine ID="line_278" HPOS="1812" VPOS="2789" WIDTH="609" HEIGHT="36">
						<String ID="string_1748" HPOS="1812" VPOS="2791" WIDTH="117" HEIGHT="33" WC="0.92" CONTENT="welpeter"/><SP WIDTH="24" VPOS="2791" HPOS="1929"/>
						<String ID="string_1749" HPOS="1953" VPOS="2791" WIDTH="44" HEIGHT="31" WC="0.93" CONTENT="auf"/><SP WIDTH="23" VPOS="2791" HPOS="1997"/>
						<String ID="string_1750" HPOS="2020" VPOS="2790" WIDTH="79" HEIGHT="28" WC="0.92" CONTENT="einem"/><SP WIDTH="22" VPOS="2790" HPOS="2099"/>
						<String ID="string_1751" HPOS="2121" VPOS="2789" WIDTH="200" HEIGHT="36" WC="0.91" CONTENT="Schaukelpferd"/><SP WIDTH="20" VPOS="2789" HPOS="2321"/>
						<String ID="string_1752" HPOS="2341" VPOS="2792" WIDTH="80" HEIGHT="26" WC="0.92" CONTENT="reitet."/>
					</TextLine>
				</TextBlock>
				<TextBlock ID="block_33" HPOS="1809" VPOS="2850" WIDTH="780" HEIGHT="307">
					<TextLine ID="line_279" HPOS="1868" VPOS="2850" WIDTH="721" HEIGHT="38">
						<String ID="string_1753" HPOS="1868" VPOS="2850" WIDTH="211" HEIGHT="38" WC="0.90" CONTENT="Konkurrenz"/><SP WIDTH="22" VPOS="2850" HPOS="2079"/>
						<String ID="string_1754" HPOS="2101" VPOS="2850" WIDTH="58" HEIGHT="30" WC="0.92" CONTENT="der"/><SP WIDTH="21" VPOS="2850" HPOS="2159"/>
						<String ID="string_1755" HPOS="2180" VPOS="2850" WIDTH="120" HEIGHT="31" WC="0.74" CONTENT="Bärte."/><SP WIDTH="41" VPOS="2850" HPOS="2300"/>
						<String ID="string_1756" HPOS="2341" VPOS="2851" WIDTH="39" HEIGHT="35" WC="0.91" CONTENT="Jn"/><SP WIDTH="24" VPOS="2851" HPOS="2380"/>
						<String ID="string_1757" HPOS="2404" VPOS="2852" WIDTH="185" HEIGHT="29" WC="0.41" CONTENT="Oberammer⸗"/>
					</TextLine>
					<TextLine ID="line_280" HPOS="1810" VPOS="2889" WIDTH="777" HEIGHT="36">
						<String ID="string_1758" HPOS="1810" VPOS="2897" WIDTH="53" HEIGHT="28" WC="0.92" CONTENT="gau"/><SP WIDTH="23" VPOS="2897" HPOS="1863"/>
						<String ID="string_1759" HPOS="1886" VPOS="2889" WIDTH="75" HEIGHT="36" WC="0.93" CONTENT="rüſtet"/><SP WIDTH="20" VPOS="2889" HPOS="1961"/>
						<String ID="string_1760" HPOS="1981" VPOS="2897" WIDTH="62" HEIGHT="20" WC="0.92" CONTENT="man"/><SP WIDTH="23" VPOS="2897" HPOS="2043"/>
						<String ID="string_1761" HPOS="2066" VPOS="2889" WIDTH="68" HEIGHT="35" WC="0.91" CONTENT="ſchon"/><SP WIDTH="42" VPOS="2889" HPOS="2134"/>
						<String ID="string_1762" HPOS="2176" VPOS="2891" WIDTH="94" HEIGHT="27" WC="0.93" CONTENT="wieder"/><SP WIDTH="32" VPOS="2891" HPOS="2270"/>
						<String ID="string_1763" HPOS="2302" VPOS="2897" WIDTH="27" HEIGHT="28" WC="0.92" CONTENT="zu"/><SP WIDTH="41" VPOS="2897" HPOS="2329"/>
						<String ID="string_1764" HPOS="2370" VPOS="2890" WIDTH="45" HEIGHT="28" WC="0.92" CONTENT="den"/><SP WIDTH="25" VPOS="2890" HPOS="2415"/>
						<String ID="string_1765" HPOS="2440" VPOS="2890" WIDTH="147" HEIGHT="35" WC="0.91" CONTENT="Feſtſpielen"/>
					</TextLine>
					<TextLine ID="line_281" HPOS="1811" VPOS="2926" WIDTH="776" HEIGHT="37">
						<String ID="string_1766" HPOS="1811" VPOS="2936" WIDTH="49" HEIGHT="19" WC="0.86" CONTENT="von"/><SP WIDTH="37" VPOS="2936" HPOS="1860"/>
						<String ID="string_1767" HPOS="1897" VPOS="2930" WIDTH="79" HEIGHT="26" WC="0.68" CONTENT="1930."/><SP WIDTH="42" VPOS="2930" HPOS="1976"/>
						<String ID="string_1768" HPOS="2018" VPOS="2926" WIDTH="122" HEIGHT="37" WC="0.93" CONTENT="Zunächſt"/><SP WIDTH="40" VPOS="2926" HPOS="2140"/>
						<String ID="string_1769" HPOS="2180" VPOS="2928" WIDTH="78" HEIGHT="28" WC="0.91" CONTENT="merkt"/><SP WIDTH="40" VPOS="2928" HPOS="2258"/>
						<String ID="string_1770" HPOS="2298" VPOS="2928" WIDTH="69" HEIGHT="35" WC="0.92" CONTENT="ſchon"/><SP WIDTH="39" VPOS="2928" HPOS="2367"/>
						<String ID="string_1771" HPOS="2406" VPOS="2930" WIDTH="41" HEIGHT="26" WC="0.92" CONTENT="der"/><SP WIDTH="22" VPOS="2930" HPOS="2447"/>
						<String ID="string_1772" HPOS="2469" VPOS="2928" WIDTH="118" HEIGHT="34" WC="0.92" CONTENT="Fremde,"/>
					</TextLine>
					<TextLine ID="line_282" HPOS="1810" VPOS="2966" WIDTH="778" HEIGHT="38">
						<String ID="string_1773" HPOS="1810" VPOS="2967" WIDTH="49" HEIGHT="31" WC="0.92" CONTENT="daß"/><SP WIDTH="24" VPOS="2967" HPOS="1859"/>
						<String ID="string_1774" HPOS="1883" VPOS="2967" WIDTH="25" HEIGHT="26" WC="0.92" CONTENT="in"/><SP WIDTH="23" VPOS="2967" HPOS="1908"/>
						<String ID="string_1775" HPOS="1931" VPOS="2968" WIDTH="40" HEIGHT="26" WC="0.93" CONTENT="der"/><SP WIDTH="23" VPOS="2968" HPOS="1971"/>
						<String ID="string_1776" HPOS="1994" VPOS="2966" WIDTH="102" HEIGHT="34" WC="0.92" CONTENT="ſchönen"/><SP WIDTH="23" VPOS="2966" HPOS="2096"/>
						<String ID="string_1777" HPOS="2119" VPOS="2966" WIDTH="137" HEIGHT="36" WC="0.92" CONTENT="Bergſtadt"/><SP WIDTH="30" VPOS="2966" HPOS="2256"/>
						<String ID="string_1778" HPOS="2286" VPOS="2967" WIDTH="91" HEIGHT="28" WC="0.92" CONTENT="bereits"/><SP WIDTH="40" VPOS="2967" HPOS="2377"/>
						<String ID="string_1779" HPOS="2417" VPOS="2968" WIDTH="53" HEIGHT="27" WC="0.92" CONTENT="eine"/><SP WIDTH="23" VPOS="2968" HPOS="2470"/>
						<String ID="string_1780" HPOS="2493" VPOS="2968" WIDTH="95" HEIGHT="36" WC="0.91" CONTENT="Menge"/>
					</TextLine>
					<TextLine ID="line_283" HPOS="1810" VPOS="3004" WIDTH="778" HEIGHT="37">
						<String ID="string_1781" HPOS="1810" VPOS="3004" WIDTH="90" HEIGHT="37" WC="0.92" CONTENT="junger"/><SP WIDTH="22" VPOS="3004" HPOS="1900"/>
						<String ID="string_1782" HPOS="1922" VPOS="3004" WIDTH="114" HEIGHT="28" WC="0.92" CONTENT="Männer"/><SP WIDTH="22" VPOS="3004" HPOS="2036"/>
						<String ID="string_1783" HPOS="2058" VPOS="3012" WIDTH="28" HEIGHT="28" WC="0.93" CONTENT="zu"/><SP WIDTH="22" VPOS="3012" HPOS="2086"/>
						<String ID="string_1784" HPOS="2108" VPOS="3004" WIDTH="70" HEIGHT="34" WC="0.92" CONTENT="ſehen"/><SP WIDTH="28" VPOS="3004" HPOS="2178"/>
						<String ID="string_1785" HPOS="2206" VPOS="3004" WIDTH="62" HEIGHT="35" WC="0.92" CONTENT="ſind,"/><SP WIDTH="42" VPOS="3004" HPOS="2268"/>
						<String ID="string_1786" HPOS="2310" VPOS="3005" WIDTH="39" HEIGHT="28" WC="0.92" CONTENT="die"/><SP WIDTH="41" VPOS="3005" HPOS="2349"/>
						<String ID="string_1787" HPOS="2390" VPOS="3006" WIDTH="81" HEIGHT="27" WC="0.90" CONTENT="weder"/><SP WIDTH="44" VPOS="3006" HPOS="2471"/>
						<String ID="string_1788" HPOS="2515" VPOS="3005" WIDTH="73" HEIGHT="29" WC="0.88" CONTENT="einen"/>
					</TextLine>
					<TextLine ID="line_284" HPOS="1811" VPOS="3042" WIDTH="777" HEIGHT="36">
						<String ID="string_1789" HPOS="1811" VPOS="3044" WIDTH="79" HEIGHT="34" WC="0.73" CONTENT="Bart,"/><SP WIDTH="24" VPOS="3044" HPOS="1890"/>
						<String ID="string_1790" HPOS="1914" VPOS="3044" WIDTH="57" HEIGHT="32" WC="0.92" CONTENT="noch"/><SP WIDTH="41" VPOS="3044" HPOS="1971"/>
						<String ID="string_1791" HPOS="2012" VPOS="3051" WIDTH="29" HEIGHT="19" WC="0.93" CONTENT="gar"/><SP WIDTH="22" VPOS="3051" HPOS="2041"/>
						<String ID="string_1792" HPOS="2063" VPOS="3042" WIDTH="84" HEIGHT="29" WC="0.93" CONTENT="keinen"/><SP WIDTH="31" VPOS="3042" HPOS="2147"/>
						<String ID="string_1793" HPOS="2178" VPOS="3043" WIDTH="81" HEIGHT="31" WC="0.92" CONTENT="haben"/><SP WIDTH="23" VPOS="3043" HPOS="2259"/>
						<String ID="string_1794" HPOS="2282" VPOS="3065" WIDTH="5" HEIGHT="6" WC="0.54" CONTENT="."/><SP WIDTH="23" VPOS="3065" HPOS="2287"/>
						<String ID="string_1795" HPOS="2310" VPOS="3065" WIDTH="5" HEIGHT="6" WC="0.54" CONTENT="."/><SP WIDTH="24" VPOS="3065" HPOS="2315"/>
						<String ID="string_1796" HPOS="2339" VPOS="3066" WIDTH="5" HEIGHT="5" WC="0.61" CONTENT="."/><SP WIDTH="43" VPOS="3066" HPOS="2344"/>
						<String ID="string_1797" HPOS="2387" VPOS="3043" WIDTH="55" HEIGHT="29" WC="0.90" CONTENT="Der"/><SP WIDTH="22" VPOS="3043" HPOS="2442"/>
						<String ID="string_1798" HPOS="2464" VPOS="3043" WIDTH="124" HEIGHT="29" WC="0.92" CONTENT="Eindruck"/>
					</TextLine>
					<TextLine ID="line_285" HPOS="1811" VPOS="3052" WIDTH="776" HEIGHT="64">
						<String ID="string_1799" HPOS="1811" VPOS="3083" WIDTH="27" HEIGHT="31" WC="0.90" CONTENT="iſt"/><SP WIDTH="21" VPOS="3083" HPOS="1838"/>
						<String ID="string_1800" HPOS="1859" VPOS="3082" WIDTH="40" HEIGHT="30" WC="0.88" CONTENT="für"/><SP WIDTH="23" VPOS="3082" HPOS="1899"/>
						<String ID="string_1801" HPOS="1922" VPOS="3082" WIDTH="45" HEIGHT="27" WC="0.91" CONTENT="den"/><SP WIDTH="22" VPOS="3082" HPOS="1967"/>
						<String ID="string_1802" HPOS="1989" VPOS="3052" WIDTH="138" HEIGHT="64" WC="0.18" CONTENT="—"/><SP WIDTH="23" VPOS="3052" HPOS="2127"/>
						<String ID="string_1803" HPOS="2150" VPOS="3082" WIDTH="64" HEIGHT="31" WC="0.92" CONTENT="nicht"/><SP WIDTH="22" VPOS="3082" HPOS="2214"/>
						<String ID="string_1804" HPOS="2236" VPOS="3083" WIDTH="58" HEIGHT="27" WC="0.93" CONTENT="eben"/><SP WIDTH="23" VPOS="3083" HPOS="2294"/>
						<String ID="string_1805" HPOS="2317" VPOS="3082" WIDTH="53" HEIGHT="33" WC="0.92" CONTENT="ſehr"/><SP WIDTH="23" VPOS="3082" HPOS="2370"/>
						<String ID="string_1806" HPOS="2393" VPOS="3082" WIDTH="106" HEIGHT="34" WC="0.92" CONTENT="lieblich,"/><SP WIDTH="28" VPOS="3082" HPOS="2499"/>
						<String ID="string_1807" HPOS="2527" VPOS="3083" WIDTH="60" HEIGHT="28" WC="0.93" CONTENT="aber"/>
					</TextLine>
					<TextLine ID="line_286" HPOS="1809" VPOS="3120" WIDTH="650" HEIGHT="37">
						<String ID="string_1808" HPOS="1809" VPOS="3121" WIDTH="41" HEIGHT="27" WC="0.92" CONTENT="der"/><SP WIDTH="23" VPOS="3121" HPOS="1850"/>
						<String ID="string_1809" HPOS="1873" VPOS="3121" WIDTH="95" HEIGHT="28" WC="0.92" CONTENT="Grund"/><SP WIDTH="23" VPOS="3121" HPOS="1968"/>
						<String ID="string_1810" HPOS="1991" VPOS="3120" WIDTH="28" HEIGHT="35" WC="0.92" CONTENT="iſt"/><SP WIDTH="21" VPOS="3120" HPOS="2019"/>
						<String ID="string_1811" HPOS="2040" VPOS="3127" WIDTH="50" HEIGHT="21" WC="0.93" CONTENT="von"/><SP WIDTH="22" VPOS="3127" HPOS="2090"/>
						<String ID="string_1812" HPOS="2112" VPOS="3121" WIDTH="156" HEIGHT="36" WC="0.92" CONTENT="ungeheurer"/><SP WIDTH="23" VPOS="3121" HPOS="2268"/>
						<String ID="string_1813" HPOS="2291" VPOS="3120" WIDTH="168" HEIGHT="36" WC="0.92" CONTENT="Wichtigkeit."/>
					</TextLine>
				</TextBlock>
				<TextBlock ID="block_34" HPOS="1867" VPOS="3173" WIDTH="719" HEIGHT="35">
					<TextLine ID="line_287" HPOS="1867" VPOS="3173" WIDTH="719" HEIGHT="35">
						<String ID="string_1814" HPOS="1867" VPOS="3173" WIDTH="71" HEIGHT="29" WC="0.91" CONTENT="Man"/><SP WIDTH="42" VPOS="3173" HPOS="1938"/>
						<String ID="string_1815" HPOS="1980" VPOS="3174" WIDTH="54" HEIGHT="28" WC="0.92" CONTENT="will"/><SP WIDTH="41" VPOS="3174" HPOS="2034"/>
						<String ID="string_1816" HPOS="2075" VPOS="3174" WIDTH="38" HEIGHT="27" WC="0.92" CONTENT="bei"/><SP WIDTH="38" VPOS="3174" HPOS="2113"/>
						<String ID="string_1817" HPOS="2151" VPOS="3174" WIDTH="45" HEIGHT="27" WC="0.93" CONTENT="den"/><SP WIDTH="41" VPOS="3174" HPOS="2196"/>
						<String ID="string_1818" HPOS="2237" VPOS="3173" WIDTH="165" HEIGHT="30" WC="0.90" CONTENT="kommenden"/><SP WIDTH="34" VPOS="3173" HPOS="2402"/>
						<String ID="string_1819" HPOS="2436" VPOS="3173" WIDTH="150" HEIGHT="35" WC="0.92" CONTENT="Feſtſpielen"/>
					</TextLine>
				</TextBlock>
				<TextBlock ID="block_35" HPOS="1814" VPOS="1595" WIDTH="228" HEIGHT="17">
					<TextLine ID="line_288" HPOS="1814" VPOS="1595" WIDTH="228" HEIGHT="17">
						<String ID="string_1820" HPOS="1814" VPOS="1595" WIDTH="228" HEIGHT="17" WC="0.95" CONTENT=" "/>
					</TextLine>
				</TextBlock>
				<TextBlock ID="block_36" HPOS="2039" VPOS="1594" WIDTH="551" HEIGHT="19">
					<TextLine ID="line_289" HPOS="2039" VPOS="1594" WIDTH="551" HEIGHT="19">
						<String ID="string_1821" HPOS="2039" VPOS="1594" WIDTH="551" HEIGHT="19" WC="0.95" CONTENT=" "/>
					</TextLine>
				</TextBlock>
				<TextBlock ID="block_37" HPOS="1809" VPOS="3212" WIDTH="777" HEIGHT="114">
					<TextLine ID="line_290" HPOS="1810" VPOS="3212" WIDTH="775" HEIGHT="36">
						<String ID="string_1822" HPOS="1810" VPOS="3212" WIDTH="85" HEIGHT="28" WC="0.92" CONTENT="Anton"/><SP WIDTH="34" VPOS="3212" HPOS="1895"/>
						<String ID="string_1823" HPOS="1929" VPOS="3212" WIDTH="81" HEIGHT="36" WC="0.92" CONTENT="Lang,"/><SP WIDTH="43" VPOS="3212" HPOS="2010"/>
						<String ID="string_1824" HPOS="2053" VPOS="3213" WIDTH="45" HEIGHT="27" WC="0.92" CONTENT="den"/><SP WIDTH="42" VPOS="3213" HPOS="2098"/>
						<String ID="string_1825" HPOS="2140" VPOS="3212" WIDTH="147" HEIGHT="35" WC="0.92" CONTENT="berühmten"/><SP WIDTH="38" VPOS="3212" HPOS="2287"/>
						<String ID="string_1826" HPOS="2325" VPOS="3212" WIDTH="260" HEIGHT="36" WC="0.91" CONTENT="Chriſtusdarſteller,"/>
					</TextLine>
					<TextLine ID="line_291" HPOS="1809" VPOS="3251" WIDTH="776" HEIGHT="37">
						<String ID="string_1827" HPOS="1809" VPOS="3251" WIDTH="114" HEIGHT="36" WC="0.91" CONTENT="abſetzen."/><SP WIDTH="44" VPOS="3251" HPOS="1923"/>
						<String ID="string_1828" HPOS="1967" VPOS="3251" WIDTH="229" HEIGHT="36" WC="0.80" CONTENT="Oberammergau"/><SP WIDTH="49" VPOS="3251" HPOS="2196"/>
						<String ID="string_1829" HPOS="2245" VPOS="3256" WIDTH="57" HEIGHT="23" WC="0.88" CONTENT="war"/><SP WIDTH="41" VPOS="3256" HPOS="2302"/>
						<String ID="string_1830" HPOS="2343" VPOS="3251" WIDTH="164" HEIGHT="37" WC="0.89" CONTENT="wochenlang"/><SP WIDTH="42" VPOS="3251" HPOS="2507"/>
						<String ID="string_1831" HPOS="2549" VPOS="3252" WIDTH="36" HEIGHT="28" WC="0.91" CONTENT="im"/>
					</TextLine>
					<TextLine ID="line_292" HPOS="1810" VPOS="3288" WIDTH="776" HEIGHT="38">
						<String ID="string_1832" HPOS="1810" VPOS="3289" WIDTH="108" HEIGHT="34" WC="0.91" CONTENT="höchſten"/><SP WIDTH="42" VPOS="3289" HPOS="1918"/>
						<String ID="string_1833" HPOS="1960" VPOS="3289" WIDTH="165" HEIGHT="33" WC="0.89" CONTENT="Wahlfiebet."/><SP WIDTH="49" VPOS="3289" HPOS="2125"/>
						<String ID="string_1834" HPOS="2174" VPOS="3289" WIDTH="127" HEIGHT="37" WC="0.90" CONTENT="Dutzende"/><SP WIDTH="39" VPOS="3289" HPOS="2301"/>
						<String ID="string_1835" HPOS="2340" VPOS="3296" WIDTH="51" HEIGHT="21" WC="0.92" CONTENT="von"/><SP WIDTH="38" VPOS="3296" HPOS="2391"/>
						<String ID="string_1836" HPOS="2429" VPOS="3288" WIDTH="157" HEIGHT="30" WC="0.84" CONTENT="Anwaͤrtern"/>
					</TextLine>
				</TextBlock>
				<TextBlock ID="block_38" HPOS="1808" VPOS="3327" WIDTH="779" HEIGHT="113">
					<TextLine ID="line_293" HPOS="1808" VPOS="3327" WIDTH="779" HEIGHT="36">
						<String ID="string_1837" HPOS="1808" VPOS="3335" WIDTH="96" HEIGHT="28" WC="0.91" CONTENT="rangen"/><SP WIDTH="23" VPOS="3335" HPOS="1904"/>
						<String ID="string_1838" HPOS="1927" VPOS="3335" WIDTH="43" HEIGHT="20" WC="0.92" CONTENT="um"/><SP WIDTH="22" VPOS="3335" HPOS="1970"/>
						<String ID="string_1839" HPOS="1992" VPOS="3328" WIDTH="39" HEIGHT="27" WC="0.92" CONTENT="die"/><SP WIDTH="21" VPOS="3328" HPOS="2031"/>
						<String ID="string_1840" HPOS="2052" VPOS="3327" WIDTH="103" HEIGHT="32" WC="0.91" CONTENT="Palme,"/><SP WIDTH="23" VPOS="3327" HPOS="2155"/>
						<String ID="string_1841" HPOS="2178" VPOS="3328" WIDTH="65" HEIGHT="28" WC="0.92" CONTENT="denn"/><SP WIDTH="22" VPOS="3328" HPOS="2243"/>
						<String ID="string_1842" HPOS="2265" VPOS="3329" WIDTH="27" HEIGHT="26" WC="0.92" CONTENT="es"/><SP WIDTH="23" VPOS="3329" HPOS="2292"/>
						<String ID="string_1843" HPOS="2315" VPOS="3328" WIDTH="29" HEIGHT="33" WC="0.92" CONTENT="iſt"/><SP WIDTH="36" VPOS="3328" HPOS="2344"/>
						<String ID="string_1844" HPOS="2380" VPOS="3327" WIDTH="127" HEIGHT="34" WC="0.85" CONTENT="natürlich"/><SP WIDTH="41" VPOS="3327" HPOS="2507"/>
						<String ID="string_1845" HPOS="2548" VPOS="3329" WIDTH="39" HEIGHT="27" WC="0.92" CONTENT="die"/>
					</TextLine>
					<TextLine ID="line_294" HPOS="1808" VPOS="3366" WIDTH="779" HEIGHT="35">
						<String ID="string_1846" HPOS="1808" VPOS="3366" WIDTH="88" HEIGHT="35" WC="0.92" CONTENT="größte"/><SP WIDTH="22" VPOS="3366" HPOS="1896"/>
						<String ID="string_1847" HPOS="1918" VPOS="3366" WIDTH="76" HEIGHT="32" WC="0.91" CONTENT="Ehre,"/><SP WIDTH="23" VPOS="3366" HPOS="1994"/>
						<String ID="string_1848" HPOS="2017" VPOS="3370" WIDTH="73" HEIGHT="24" WC="0.93" CONTENT="wenn"/><SP WIDTH="37" VPOS="3370" HPOS="2090"/>
						<String ID="string_1849" HPOS="2127" VPOS="3372" WIDTH="61" HEIGHT="22" WC="0.93" CONTENT="man"/><SP WIDTH="24" VPOS="3372" HPOS="2188"/>
						<String ID="string_1850" HPOS="2212" VPOS="3366" WIDTH="135" HEIGHT="35" WC="0.92" CONTENT="Darſteller"/><SP WIDTH="42" VPOS="3366" HPOS="2347"/>
						<String ID="string_1851" HPOS="2389" VPOS="3367" WIDTH="45" HEIGHT="28" WC="0.93" CONTENT="des"/><SP WIDTH="23" VPOS="3367" HPOS="2434"/>
						<String ID="string_1852" HPOS="2457" VPOS="3367" WIDTH="130" HEIGHT="34" WC="0.91" CONTENT="Heilands"/>
					</TextLine>
					<TextLine ID="line_295" HPOS="1808" VPOS="3404" WIDTH="639" HEIGHT="36">
						<String ID="string_1853" HPOS="1808" VPOS="3405" WIDTH="28" HEIGHT="34" WC="0.90" CONTENT="iſt"/><SP WIDTH="21" VPOS="3405" HPOS="1836"/>
						<String ID="string_1854" HPOS="1857" VPOS="3405" WIDTH="52" HEIGHT="27" WC="0.92" CONTENT="und"/><SP WIDTH="23" VPOS="3405" HPOS="1909"/>
						<String ID="string_1855" HPOS="1932" VPOS="3404" WIDTH="65" HEIGHT="31" WC="0.93" CONTENT="nicht"/><SP WIDTH="21" VPOS="3404" HPOS="1997"/>
						<String ID="string_1856" HPOS="2018" VPOS="3406" WIDTH="65" HEIGHT="26" WC="0.93" CONTENT="etwa"/><SP WIDTH="23" VPOS="3406" HPOS="2083"/>
						<String ID="string_1857" HPOS="2106" VPOS="3406" WIDTH="44" HEIGHT="26" WC="0.92" CONTENT="des"/><SP WIDTH="23" VPOS="3406" HPOS="2150"/>
						<String ID="string_1858" HPOS="2173" VPOS="3405" WIDTH="92" HEIGHT="35" WC="0.91" CONTENT="Judas"/><SP WIDTH="23" VPOS="3405" HPOS="2265"/>
						<String ID="string_1859" HPOS="2288" VPOS="3405" WIDTH="159" HEIGHT="35" WC="0.93" CONTENT="Jſcharioth."/>
					</TextLine>
				</TextBlock>
				<TextBlock ID="block_39" HPOS="1807" VPOS="3456" WIDTH="780" HEIGHT="193">
					<TextLine ID="line_296" HPOS="1865" VPOS="3456" WIDTH="721" HEIGHT="35">
						<String ID="string_1860" HPOS="1865" VPOS="3458" WIDTH="71" HEIGHT="30" WC="0.92" CONTENT="Man"/><SP WIDTH="22" VPOS="3458" HPOS="1936"/>
						<String ID="string_1861" HPOS="1958" VPOS="3456" WIDTH="93" HEIGHT="35" WC="0.92" CONTENT="wählte"/><SP WIDTH="30" VPOS="3456" HPOS="2051"/>
						<String ID="string_1862" HPOS="2081" VPOS="3458" WIDTH="65" HEIGHT="32" WC="0.93" CONTENT="nicht"/><SP WIDTH="41" VPOS="3458" HPOS="2146"/>
						<String ID="string_1863" HPOS="2187" VPOS="3458" WIDTH="99" HEIGHT="29" WC="0.93" CONTENT="einmal"/><SP WIDTH="42" VPOS="3458" HPOS="2286"/>
						<String ID="string_1864" HPOS="2328" VPOS="3460" WIDTH="45" HEIGHT="27" WC="0.92" CONTENT="den"/><SP WIDTH="22" VPOS="3460" HPOS="2373"/>
						<String ID="string_1865" HPOS="2395" VPOS="3458" WIDTH="81" HEIGHT="33" WC="0.92" CONTENT="Sohn"/><SP WIDTH="23" VPOS="3458" HPOS="2476"/>
						<String ID="string_1866" HPOS="2499" VPOS="3458" WIDTH="87" HEIGHT="29" WC="0.89" CONTENT="Anton"/>
					</TextLine>
					<TextLine ID="line_297" HPOS="1807" VPOS="3496" WIDTH="779" HEIGHT="36">
						<String ID="string_1867" HPOS="1807" VPOS="3496" WIDTH="98" HEIGHT="36" WC="0.92" CONTENT="Langs,"/><SP WIDTH="25" VPOS="3496" HPOS="1905"/>
						<String ID="string_1868" HPOS="1930" VPOS="3497" WIDTH="105" HEIGHT="34" WC="0.92" CONTENT="ſondern"/><SP WIDTH="23" VPOS="3497" HPOS="2035"/>
						<String ID="string_1869" HPOS="2058" VPOS="3497" WIDTH="72" HEIGHT="28" WC="0.92" CONTENT="einen"/><SP WIDTH="39" VPOS="3497" HPOS="2130"/>
						<String ID="string_1870" HPOS="2169" VPOS="3497" WIDTH="137" HEIGHT="28" WC="0.92" CONTENT="entfernten"/><SP WIDTH="21" VPOS="3497" HPOS="2306"/>
						<String ID="string_1871" HPOS="2327" VPOS="3497" WIDTH="187" HEIGHT="31" WC="0.91" CONTENT="Verwandten,"/><SP WIDTH="32" VPOS="3497" HPOS="2514"/>
						<String ID="string_1872" HPOS="2546" VPOS="3498" WIDTH="40" HEIGHT="27" WC="0.93" CONTENT="der"/>
					</TextLine>
					<TextLine ID="line_298" HPOS="1807" VPOS="3535" WIDTH="780" HEIGHT="36">
						<String ID="string_1873" HPOS="1807" VPOS="3535" WIDTH="238" HEIGHT="34" WC="0.92" CONTENT="Schneidermeiſter"/><SP WIDTH="41" VPOS="3535" HPOS="2045"/>
						<String ID="string_1874" HPOS="2086" VPOS="3535" WIDTH="25" HEIGHT="27" WC="0.93" CONTENT="in"/><SP WIDTH="44" VPOS="3535" HPOS="2111"/>
						<String ID="string_1875" HPOS="2155" VPOS="3536" WIDTH="229" HEIGHT="35" WC="0.87" CONTENT="Oberammergau"/><SP WIDTH="42" VPOS="3536" HPOS="2384"/>
						<String ID="string_1876" HPOS="2426" VPOS="3536" WIDTH="35" HEIGHT="33" WC="0.90" CONTENT="iſt."/><SP WIDTH="57" VPOS="3536" HPOS="2461"/>
						<String ID="string_1877" HPOS="2518" VPOS="3535" WIDTH="69" HEIGHT="28" WC="0.91" CONTENT="Sein"/>
					</TextLine>
					<TextLine ID="line_299" HPOS="1807" VPOS="3572" WIDTH="780" HEIGHT="36">
						<String ID="string_1878" HPOS="1807" VPOS="3574" WIDTH="68" HEIGHT="34" WC="0.92" CONTENT="Kopf"/><SP WIDTH="22" VPOS="3574" HPOS="1875"/>
						<String ID="string_1879" HPOS="1897" VPOS="3574" WIDTH="43" HEIGHT="34" WC="0.92" CONTENT="ſoll"/><SP WIDTH="22" VPOS="3574" HPOS="1940"/>
						<String ID="string_1880" HPOS="1962" VPOS="3572" WIDTH="135" HEIGHT="36" WC="0.91" CONTENT="tatſächlich"/><SP WIDTH="23" VPOS="3572" HPOS="2097"/>
						<String ID="string_1881" HPOS="2120" VPOS="3573" WIDTH="58" HEIGHT="33" WC="0.85" CONTENT="noch"/><SP WIDTH="23" VPOS="3573" HPOS="2178"/>
						<String ID="string_1882" HPOS="2201" VPOS="3573" WIDTH="231" HEIGHT="35" WC="0.85" CONTENT="charakteriſtiſcher"/><SP WIDTH="23" VPOS="3573" HPOS="2432"/>
						<String ID="string_1883" HPOS="2455" VPOS="3574" WIDTH="43" HEIGHT="28" WC="0.89" CONTENT="als"/><SP WIDTH="45" VPOS="3574" HPOS="2498"/>
						<String ID="string_1884" HPOS="2543" VPOS="3574" WIDTH="44" HEIGHT="28" WC="0.90" CONTENT="der"/>
					</TextLine>
					<TextLine ID="line_300" HPOS="1807" VPOS="3610" WIDTH="578" HEIGHT="39">
						<String ID="string_1885" HPOS="1807" VPOS="3611" WIDTH="79" HEIGHT="35" WC="0.93" CONTENT="ſeines"/><SP WIDTH="22" VPOS="3611" HPOS="1886"/>
						<String ID="string_1886" HPOS="1908" VPOS="3611" WIDTH="202" HEIGHT="29" WC="0.92" CONTENT="weltbekannten"/><SP WIDTH="23" VPOS="3611" HPOS="2110"/>
						<String ID="string_1887" HPOS="2133" VPOS="3610" WIDTH="171" HEIGHT="39" WC="0.92" CONTENT="Vorgängers"/><SP WIDTH="23" VPOS="3610" HPOS="2304"/>
						<String ID="string_1888" HPOS="2327" VPOS="3612" WIDTH="58" HEIGHT="35" WC="0.88" CONTENT="ſein."/>
					</TextLine>
				</TextBlock>
				<TextBlock ID="block_40" HPOS="1806" VPOS="3665" WIDTH="782" HEIGHT="189">
					<TextLine ID="line_301" HPOS="1865" VPOS="3665" WIDTH="722" HEIGHT="38">
						<String ID="string_1889" HPOS="1865" VPOS="3665" WIDTH="50" HEIGHT="28" WC="0.92" CONTENT="Die"/><SP WIDTH="26" VPOS="3665" HPOS="1915"/>
						<String ID="string_1890" HPOS="1941" VPOS="3665" WIDTH="99" HEIGHT="33" WC="0.90" CONTENT="„Stadt"/><SP WIDTH="22" VPOS="3665" HPOS="2040"/>
						<String ID="string_1891" HPOS="2062" VPOS="3667" WIDTH="40" HEIGHT="26" WC="0.92" CONTENT="der"/><SP WIDTH="24" VPOS="3667" HPOS="2102"/>
						<String ID="string_1892" HPOS="2126" VPOS="3665" WIDTH="140" HEIGHT="38" WC="0.91" CONTENT="Bärtigen“"/><SP WIDTH="46" VPOS="3665" HPOS="2266"/>
						<String ID="string_1893" HPOS="2312" VPOS="3666" WIDTH="66" HEIGHT="34" WC="0.93" CONTENT="heißt"/><SP WIDTH="25" VPOS="3666" HPOS="2378"/>
						<String ID="string_1894" HPOS="2403" VPOS="3666" WIDTH="184" HEIGHT="29" WC="0.39" CONTENT="Oberammer-"/>
					</TextLine>
					<TextLine ID="line_302" HPOS="1807" VPOS="3704" WIDTH="779" HEIGHT="37">
						<String ID="string_1895" HPOS="1807" VPOS="3712" WIDTH="52" HEIGHT="28" WC="0.92" CONTENT="gau"/><SP WIDTH="21" VPOS="3712" HPOS="1859"/>
						<String ID="string_1896" HPOS="1880" VPOS="3704" WIDTH="92" HEIGHT="28" WC="0.92" CONTENT="wieder"/><SP WIDTH="23" VPOS="3704" HPOS="1972"/>
						<String ID="string_1897" HPOS="1995" VPOS="3704" WIDTH="105" HEIGHT="31" WC="0.92" CONTENT="einmal,"/><SP WIDTH="25" VPOS="3704" HPOS="2100"/>
						<String ID="string_1898" HPOS="2125" VPOS="3705" WIDTH="52" HEIGHT="27" WC="0.93" CONTENT="und"/><SP WIDTH="23" VPOS="3705" HPOS="2177"/>
						<String ID="string_1899" HPOS="2200" VPOS="3704" WIDTH="67" HEIGHT="32" WC="0.90" CONTENT="ſchon"/><SP WIDTH="23" VPOS="3704" HPOS="2267"/>
						<String ID="string_1900" HPOS="2290" VPOS="3705" WIDTH="107" HEIGHT="36" WC="0.92" CONTENT="beginnt"/><SP WIDTH="20" VPOS="3705" HPOS="2397"/>
						<String ID="string_1901" HPOS="2417" VPOS="3705" WIDTH="41" HEIGHT="28" WC="0.91" CONTENT="ein"/><SP WIDTH="38" VPOS="3705" HPOS="2458"/>
						<String ID="string_1902" HPOS="2496" VPOS="3706" WIDTH="90" HEIGHT="35" WC="0.91" CONTENT="großer"/>
					</TextLine>
					<TextLine ID="line_303" HPOS="1807" VPOS="3742" WIDTH="779" HEIGHT="38">
						<String ID="string_1903" HPOS="1807" VPOS="3743" WIDTH="291" HEIGHT="36" WC="0.52" CONTENT="Bropagandafeldzug,"/><SP WIDTH="24" VPOS="3743" HPOS="2098"/>
						<String ID="string_1904" HPOS="2122" VPOS="3744" WIDTH="63" HEIGHT="27" WC="0.93" CONTENT="denn"/><SP WIDTH="24" VPOS="3744" HPOS="2185"/>
						<String ID="string_1905" HPOS="2209" VPOS="3744" WIDTH="42" HEIGHT="27" WC="0.92" CONTENT="der"/><SP WIDTH="30" VPOS="3744" HPOS="2251"/>
						<String ID="string_1906" HPOS="2281" VPOS="3742" WIDTH="76" HEIGHT="29" WC="0.91" CONTENT="kleine"/><SP WIDTH="24" VPOS="3742" HPOS="2357"/>
						<String ID="string_1907" HPOS="2381" VPOS="3744" WIDTH="205" HEIGHT="36" WC="0.24" CONTENT="Gebirgsflecken"/>
					</TextLine>
					<TextLine ID="line_304" HPOS="1806" VPOS="3779" WIDTH="782" HEIGHT="39">
						<String ID="string_1908" HPOS="1806" VPOS="3782" WIDTH="68" HEIGHT="27" WC="0.92" CONTENT="wird"/><SP WIDTH="23" VPOS="3782" HPOS="1874"/>
						<String ID="string_1909" HPOS="1897" VPOS="3789" WIDTH="25" HEIGHT="19" WC="0.1" CONTENT="tit"/><SP WIDTH="43" VPOS="3789" HPOS="1922"/>
						<String ID="string_1910" HPOS="1965" VPOS="3779" WIDTH="110" HEIGHT="37" WC="0.71" CONTENT="nächſten"/><SP WIDTH="22" VPOS="3779" HPOS="2075"/>
						<String ID="string_1911" HPOS="2097" VPOS="3781" WIDTH="71" HEIGHT="35" WC="0.76" CONTENT="Jahr"/><SP WIDTH="40" VPOS="3781" HPOS="2168"/>
						<String ID="string_1912" HPOS="2208" VPOS="3782" WIDTH="93" HEIGHT="28" WC="0.92" CONTENT="wieder"/><SP WIDTH="42" VPOS="3782" HPOS="2301"/>
						<String ID="string_1913" HPOS="2343" VPOS="3783" WIDTH="41" HEIGHT="28" WC="0.92" CONTENT="der"/><SP WIDTH="23" VPOS="3783" HPOS="2384"/>
						<String ID="string_1914" HPOS="2407" VPOS="3782" WIDTH="181" HEIGHT="36" WC="0.79" CONTENT="Anziehungs—"/>
					</TextLine>
					<TextLine ID="line_305" HPOS="1806" VPOS="3819" WIDTH="437" HEIGHT="35">
						<String ID="string_1915" HPOS="1806" VPOS="3819" WIDTH="78" HEIGHT="35" WC="0.93" CONTENT="punkt"/><SP WIDTH="22" VPOS="3819" HPOS="1884"/>
						<String ID="string_1916" HPOS="1906" VPOS="3820" WIDTH="39" HEIGHT="30" WC="0.74" CONTENT="für"/><SP WIDTH="22" VPOS="3820" HPOS="1945"/>
						<String ID="string_1917" HPOS="1967" VPOS="3819" WIDTH="62" HEIGHT="29" WC="0.93" CONTENT="viele"/><SP WIDTH="24" VPOS="3819" HPOS="2029"/>
						<String ID="string_1918" HPOS="2053" VPOS="3819" WIDTH="108" HEIGHT="35" WC="0.90" CONTENT="Fremde"/><SP WIDTH="21" VPOS="3819" HPOS="2161"/>
						<String ID="string_1919" HPOS="2182" VPOS="3819" WIDTH="61" HEIGHT="35" WC="0.92" CONTENT="ſein."/>
					</TextLine>
				</TextBlock>
				<TextBlock ID="block_41" HPOS="1806" VPOS="3879" WIDTH="781" HEIGHT="464">
					<TextLine ID="line_306" HPOS="1845" VPOS="3879" WIDTH="741" HEIGHT="39">
						<String ID="string_1920" HPOS="1845" VPOS="3882" WIDTH="41" HEIGHT="27" WC="0.90" CONTENT="15"/><SP WIDTH="41" VPOS="3882" HPOS="1886"/>
						<String ID="string_1921" HPOS="1927" VPOS="3879" WIDTH="110" HEIGHT="37" WC="0.92" CONTENT="Jahre"/><SP WIDTH="41" VPOS="3879" HPOS="2037"/>
						<String ID="string_1922" HPOS="2078" VPOS="3881" WIDTH="32" HEIGHT="29" WC="0.92" CONTENT="in"/><SP WIDTH="43" VPOS="3881" HPOS="2110"/>
						<String ID="string_1923" HPOS="2153" VPOS="3880" WIDTH="319" HEIGHT="38" WC="0.50" CONTENT="Erprefferhänden."/><SP WIDTH="61" VPOS="3880" HPOS="2472"/>
						<String ID="string_1924" HPOS="2533" VPOS="3881" WIDTH="53" HEIGHT="29" WC="0.92" CONTENT="Ein"/>
					</TextLine>
					<TextLine ID="line_307" HPOS="1807" VPOS="3919" WIDTH="779" HEIGHT="38">
						<String ID="string_1925" HPOS="1807" VPOS="3919" WIDTH="152" HEIGHT="37" WC="0.78" CONTENT="65jähriger"/><SP WIDTH="22" VPOS="3919" HPOS="1959"/>
						<String ID="string_1926" HPOS="1981" VPOS="3920" WIDTH="102" HEIGHT="35" WC="0.92" CONTENT="Mann,"/><SP WIDTH="21" VPOS="3920" HPOS="2083"/>
						<String ID="string_1927" HPOS="2104" VPOS="3920" WIDTH="42" HEIGHT="27" WC="0.87" CONTENT="der"/><SP WIDTH="24" VPOS="3920" HPOS="2146"/>
						<String ID="string_1928" HPOS="2170" VPOS="3920" WIDTH="40" HEIGHT="33" WC="0.93" CONTENT="ſich"/><SP WIDTH="23" VPOS="3920" HPOS="2210"/>
						<String ID="string_1929" HPOS="2233" VPOS="3920" WIDTH="24" HEIGHT="28" WC="0.92" CONTENT="in"/><SP WIDTH="25" VPOS="3920" HPOS="2257"/>
						<String ID="string_1930" HPOS="2282" VPOS="3920" WIDTH="232" HEIGHT="37" WC="0.91" CONTENT="Beamtenſtellung"/><SP WIDTH="34" VPOS="3920" HPOS="2514"/>
						<String ID="string_1931" HPOS="2548" VPOS="3920" WIDTH="38" HEIGHT="27" WC="0.72" CONTENT="be—"/>
					</TextLine>
					<TextLine ID="line_308" HPOS="1808" VPOS="3957" WIDTH="779" HEIGHT="37">
						<String ID="string_1932" HPOS="1808" VPOS="3959" WIDTH="71" HEIGHT="31" WC="0.90" CONTENT="fand,"/><SP WIDTH="25" VPOS="3959" HPOS="1879"/>
						<String ID="string_1933" HPOS="1904" VPOS="3963" WIDTH="56" HEIGHT="23" WC="0.93" CONTENT="war"/><SP WIDTH="24" VPOS="3963" HPOS="1960"/>
						<String ID="string_1934" HPOS="1984" VPOS="3957" WIDTH="41" HEIGHT="35" WC="0.91" CONTENT="ſeit"/><SP WIDTH="25" VPOS="3957" HPOS="2025"/>
						<String ID="string_1935" HPOS="2050" VPOS="3961" WIDTH="30" HEIGHT="25" WC="0.88" CONTENT="15"/><SP WIDTH="19" VPOS="3961" HPOS="2080"/>
						<String ID="string_1936" HPOS="2099" VPOS="3957" WIDTH="105" HEIGHT="35" WC="0.91" CONTENT="Jahren"/><SP WIDTH="21" VPOS="3957" HPOS="2204"/>
						<String ID="string_1937" HPOS="2225" VPOS="3960" WIDTH="51" HEIGHT="28" WC="0.92" CONTENT="das"/><SP WIDTH="20" VPOS="3960" HPOS="2276"/>
						<String ID="string_1938" HPOS="2296" VPOS="3960" WIDTH="81" HEIGHT="34" WC="0.92" CONTENT="Opfer"/><SP WIDTH="22" VPOS="3960" HPOS="2377"/>
						<String ID="string_1939" HPOS="2399" VPOS="3959" WIDTH="70" HEIGHT="27" WC="0.93" CONTENT="eines"/><SP WIDTH="16" VPOS="3959" HPOS="2469"/>
						<String ID="string_1940" HPOS="2485" VPOS="3957" WIDTH="102" HEIGHT="36" WC="0.83" CONTENT="Erpreſ⸗"/>
					</TextLine>
					<TextLine ID="line_309" HPOS="1807" VPOS="3995" WIDTH="779" HEIGHT="39">
						<String ID="string_1941" HPOS="1807" VPOS="3996" WIDTH="61" HEIGHT="35" WC="0.91" CONTENT="ſers."/><SP WIDTH="45" VPOS="3996" HPOS="1868"/>
						<String ID="string_1942" HPOS="1913" VPOS="3997" WIDTH="56" HEIGHT="35" WC="0.91" CONTENT="Erſt"/><SP WIDTH="20" VPOS="3997" HPOS="1969"/>
						<String ID="string_1943" HPOS="1989" VPOS="3995" WIDTH="53" HEIGHT="38" WC="0.91" CONTENT="jetzt"/><SP WIDTH="21" VPOS="3995" HPOS="2042"/>
						<String ID="string_1944" HPOS="2063" VPOS="3997" WIDTH="68" HEIGHT="32" WC="0.67" CONTENT="hatte"/><SP WIDTH="21" VPOS="3997" HPOS="2131"/>
						<String ID="string_1945" HPOS="2152" VPOS="4005" WIDTH="23" HEIGHT="20" WC="0.93" CONTENT="er"/><SP WIDTH="23" VPOS="4005" HPOS="2175"/>
						<String ID="string_1946" HPOS="2198" VPOS="3998" WIDTH="47" HEIGHT="28" WC="0.93" CONTENT="den"/><SP WIDTH="21" VPOS="3998" HPOS="2245"/>
						<String ID="string_1947" HPOS="2266" VPOS="3998" WIDTH="66" HEIGHT="28" WC="0.92" CONTENT="Mut"/><SP WIDTH="36" VPOS="3998" HPOS="2332"/>
						<String ID="string_1948" HPOS="2368" VPOS="3997" WIDTH="134" HEIGHT="37" WC="0.91" CONTENT="gefunden,"/><SP WIDTH="42" VPOS="3997" HPOS="2502"/>
						<String ID="string_1949" HPOS="2544" VPOS="3996" WIDTH="42" HEIGHT="33" WC="0.91" CONTENT="ſich"/>
					</TextLine>
					<TextLine ID="line_310" HPOS="1807" VPOS="4034" WIDTH="779" HEIGHT="38">
						<String ID="string_1950" HPOS="1807" VPOS="4036" WIDTH="81" HEIGHT="27" WC="0.92" CONTENT="einem"/><SP WIDTH="22" VPOS="4036" HPOS="1888"/>
						<String ID="string_1951" HPOS="1910" VPOS="4034" WIDTH="109" HEIGHT="30" WC="0.65" CONTENT="Anwalt"/><SP WIDTH="22" VPOS="4034" HPOS="2019"/>
						<String ID="string_1952" HPOS="2041" VPOS="4037" WIDTH="203" HEIGHT="35" WC="0.38" CONTENT="anzuvertrauen"/><SP WIDTH="18" VPOS="4037" HPOS="2244"/>
						<String ID="string_1953" HPOS="2262" VPOS="4040" WIDTH="52" HEIGHT="25" WC="0.92" CONTENT="und"/><SP WIDTH="30" VPOS="4040" HPOS="2314"/>
						<String ID="string_1954" HPOS="2344" VPOS="4037" WIDTH="40" HEIGHT="27" WC="0.93" CONTENT="die"/><SP WIDTH="23" VPOS="4037" HPOS="2384"/>
						<String ID="string_1955" HPOS="2407" VPOS="4036" WIDTH="114" HEIGHT="32" WC="0.93" CONTENT="Gerichte"/><SP WIDTH="37" VPOS="4036" HPOS="2521"/>
						<String ID="string_1956" HPOS="2558" VPOS="4035" WIDTH="28" HEIGHT="27" WC="0.92" CONTENT="in"/>
					</TextLine>
					<TextLine ID="line_311" HPOS="1807" VPOS="4074" WIDTH="778" HEIGHT="38">
						<String ID="string_1957" HPOS="1807" VPOS="4074" WIDTH="127" HEIGHT="34" WC="0.92" CONTENT="Anſpruch"/><SP WIDTH="22" VPOS="4074" HPOS="1934"/>
						<String ID="string_1958" HPOS="1956" VPOS="4081" WIDTH="28" HEIGHT="28" WC="0.92" CONTENT="zu"/><SP WIDTH="22" VPOS="4081" HPOS="1984"/>
						<String ID="string_1959" HPOS="2006" VPOS="4075" WIDTH="117" HEIGHT="32" WC="0.93" CONTENT="nehmen."/><SP WIDTH="42" VPOS="4075" HPOS="2123"/>
						<String ID="string_1960" HPOS="2165" VPOS="4075" WIDTH="57" HEIGHT="29" WC="0.92" CONTENT="Der"/><SP WIDTH="22" VPOS="4075" HPOS="2222"/>
						<String ID="string_1961" HPOS="2244" VPOS="4074" WIDTH="171" HEIGHT="38" WC="0.91" CONTENT="gewiſſenloſe"/><SP WIDTH="24" VPOS="4074" HPOS="2415"/>
						<String ID="string_1962" HPOS="2439" VPOS="4074" WIDTH="146" HEIGHT="29" WC="0.91" CONTENT="Ausbeuter"/>
					</TextLine>
					<TextLine ID="line_312" HPOS="1808" VPOS="4112" WIDTH="778" HEIGHT="37">
						<String ID="string_1963" HPOS="1808" VPOS="4113" WIDTH="61" HEIGHT="27" WC="0.93" CONTENT="lebte"/><SP WIDTH="24" VPOS="4113" HPOS="1869"/>
						<String ID="string_1964" HPOS="1893" VPOS="4113" WIDTH="43" HEIGHT="33" WC="0.92" CONTENT="ſeit"/><SP WIDTH="33" VPOS="4113" HPOS="1936"/>
						<String ID="string_1965" HPOS="1969" VPOS="4115" WIDTH="31" HEIGHT="26" WC="0.88" CONTENT="15"/><SP WIDTH="23" VPOS="4115" HPOS="2000"/>
						<String ID="string_1966" HPOS="2023" VPOS="4113" WIDTH="102" HEIGHT="35" WC="0.92" CONTENT="Jahren"/><SP WIDTH="24" VPOS="4113" HPOS="2125"/>
						<String ID="string_1967" HPOS="2149" VPOS="4114" WIDTH="27" HEIGHT="28" WC="0.92" CONTENT="in"/><SP WIDTH="23" VPOS="4114" HPOS="2176"/>
						<String ID="string_1968" HPOS="2199" VPOS="4114" WIDTH="80" HEIGHT="29" WC="0.92" CONTENT="Saus"/><SP WIDTH="22" VPOS="4114" HPOS="2279"/>
						<String ID="string_1969" HPOS="2301" VPOS="4114" WIDTH="52" HEIGHT="27" WC="0.93" CONTENT="und"/><SP WIDTH="24" VPOS="4114" HPOS="2353"/>
						<String ID="string_1970" HPOS="2377" VPOS="4112" WIDTH="104" HEIGHT="36" WC="0.92" CONTENT="Braus,"/><SP WIDTH="23" VPOS="4112" HPOS="2481"/>
						<String ID="string_1971" HPOS="2504" VPOS="4113" WIDTH="82" HEIGHT="36" WC="0.40" CONTENT="gönn—"/>
					</TextLine>
					<TextLine ID="line_313" HPOS="1806" VPOS="4150" WIDTH="778" HEIGHT="38">
						<String ID="string_1972" HPOS="1806" VPOS="4152" WIDTH="21" HEIGHT="26" WC="0.92" CONTENT="te"/><SP WIDTH="20" VPOS="4152" HPOS="1827"/>
						<String ID="string_1973" HPOS="1847" VPOS="4150" WIDTH="42" HEIGHT="34" WC="0.93" CONTENT="ſich"/><SP WIDTH="23" VPOS="4150" HPOS="1889"/>
						<String ID="string_1974" HPOS="1912" VPOS="4151" WIDTH="234" HEIGHT="37" WC="0.58" CONTENT="Erholungsreiſen"/><SP WIDTH="24" VPOS="4151" HPOS="2146"/>
						<String ID="string_1975" HPOS="2170" VPOS="4153" WIDTH="51" HEIGHT="27" WC="0.93" CONTENT="und"/><SP WIDTH="21" VPOS="4153" HPOS="2221"/>
						<String ID="string_1976" HPOS="2242" VPOS="4152" WIDTH="82" HEIGHT="33" WC="0.87" CONTENT="fuͤhrte"/><SP WIDTH="30" VPOS="4152" HPOS="2324"/>
						<String ID="string_1977" HPOS="2354" VPOS="4151" WIDTH="38" HEIGHT="28" WC="0.92" CONTENT="ein"/><SP WIDTH="22" VPOS="4151" HPOS="2392"/>
						<String ID="string_1978" HPOS="2414" VPOS="4151" WIDTH="170" HEIGHT="34" WC="0.75" CONTENT="Schiemmer⸗"/>
					</TextLine>
					<TextLine ID="line_314" HPOS="1807" VPOS="4190" WIDTH="778" HEIGHT="35">
						<String ID="string_1979" HPOS="1807" VPOS="4190" WIDTH="68" HEIGHT="27" WC="0.93" CONTENT="leben"/><SP WIDTH="22" VPOS="4190" HPOS="1875"/>
						<String ID="string_1980" HPOS="1897" VPOS="4190" WIDTH="45" HEIGHT="28" WC="0.92" CONTENT="auf"/><SP WIDTH="22" VPOS="4190" HPOS="1942"/>
						<String ID="string_1981" HPOS="1964" VPOS="4190" WIDTH="90" HEIGHT="35" WC="0.91" CONTENT="Koſten"/><SP WIDTH="24" VPOS="4190" HPOS="2054"/>
						<String ID="string_1982" HPOS="2078" VPOS="4192" WIDTH="44" HEIGHT="27" WC="0.93" CONTENT="des"/><SP WIDTH="23" VPOS="4192" HPOS="2122"/>
						<String ID="string_1983" HPOS="2145" VPOS="4190" WIDTH="117" HEIGHT="35" WC="0.92" CONTENT="Greiſes,"/><SP WIDTH="24" VPOS="4190" HPOS="2262"/>
						<String ID="string_1984" HPOS="2286" VPOS="4192" WIDTH="55" HEIGHT="26" WC="0.92" CONTENT="dem"/><SP WIDTH="22" VPOS="4192" HPOS="2341"/>
						<String ID="string_1985" HPOS="2363" VPOS="4198" WIDTH="24" HEIGHT="19" WC="0.92" CONTENT="er"/><SP WIDTH="28" VPOS="4198" HPOS="2387"/>
						<String ID="string_1986" HPOS="2415" VPOS="4190" WIDTH="35" HEIGHT="27" WC="0.93" CONTENT="im"/><SP WIDTH="23" VPOS="4190" HPOS="2450"/>
						<String ID="string_1987" HPOS="2473" VPOS="4190" WIDTH="112" HEIGHT="30" WC="0.89" CONTENT="Verlauf"/>
					</TextLine>
					<TextLine ID="line_315" HPOS="1806" VPOS="4227" WIDTH="778" HEIGHT="38">
						<String ID="string_1988" HPOS="1806" VPOS="4230" WIDTH="42" HEIGHT="26" WC="0.93" CONTENT="der"/><SP WIDTH="23" VPOS="4230" HPOS="1848"/>
						<String ID="string_1989" HPOS="1871" VPOS="4228" WIDTH="84" HEIGHT="35" WC="0.93" CONTENT="Jahre"/><SP WIDTH="22" VPOS="4228" HPOS="1955"/>
						<String ID="string_1990" HPOS="1977" VPOS="4227" WIDTH="61" HEIGHT="30" WC="0.92" CONTENT="über"/><SP WIDTH="22" VPOS="4227" HPOS="2038"/>
						<String ID="string_1991" HPOS="2060" VPOS="4232" WIDTH="100" HEIGHT="25" WC="0.92" CONTENT="70000"/><SP WIDTH="22" VPOS="4232" HPOS="2160"/>
						<String ID="string_1992" HPOS="2182" VPOS="4229" WIDTH="80" HEIGHT="29" WC="0.91" CONTENT="Mark"/><SP WIDTH="38" VPOS="4229" HPOS="2262"/>
						<String ID="string_1993" HPOS="2300" VPOS="4230" WIDTH="187" HEIGHT="35" WC="0.91" CONTENT="abgenommen"/><SP WIDTH="41" VPOS="4230" HPOS="2487"/>
						<String ID="string_1994" HPOS="2528" VPOS="4227" WIDTH="56" HEIGHT="34" WC="0.91" CONTENT="hat."/>
					</TextLine>
					<TextLine ID="line_316" HPOS="1806" VPOS="4265" WIDTH="779" HEIGHT="40">
						<String ID="string_1995" HPOS="1806" VPOS="4266" WIDTH="63" HEIGHT="28" WC="0.92" CONTENT="Das"/><SP WIDTH="24" VPOS="4266" HPOS="1869"/>
						<String ID="string_1996" HPOS="1893" VPOS="4267" WIDTH="103" HEIGHT="33" WC="0.91" CONTENT="Gericht"/><SP WIDTH="21" VPOS="4267" HPOS="1996"/>
						<String ID="string_1997" HPOS="2017" VPOS="4268" WIDTH="139" HEIGHT="37" WC="0.93" CONTENT="verhängte"/><SP WIDTH="22" VPOS="4268" HPOS="2156"/>
						<String ID="string_1998" HPOS="2178" VPOS="4268" WIDTH="52" HEIGHT="29" WC="0.92" CONTENT="eine"/><SP WIDTH="18" VPOS="4268" HPOS="2230"/>
						<String ID="string_1999" HPOS="2248" VPOS="4267" WIDTH="164" HEIGHT="36" WC="0.92" CONTENT="Höchſtſtrafe"/><SP WIDTH="31" VPOS="4267" HPOS="2412"/>
						<String ID="string_2000" HPOS="2443" VPOS="4273" WIDTH="52" HEIGHT="22" WC="0.93" CONTENT="von"/><SP WIDTH="34" VPOS="4273" HPOS="2495"/>
						<String ID="string_2001" HPOS="2529" VPOS="4265" WIDTH="56" HEIGHT="36" WC="0.89" CONTENT="fünf"/>
					</TextLine>
					<TextLine ID="line_317" HPOS="1807" VPOS="4305" WIDTH="286" HEIGHT="38">
						<String ID="string_2002" HPOS="1807" VPOS="4305" WIDTH="102" HEIGHT="36" WC="0.93" CONTENT="Jahren"/><SP WIDTH="23" VPOS="4305" HPOS="1909"/>
						<String ID="string_2003" HPOS="1932" VPOS="4305" WIDTH="161" HEIGHT="38" WC="0.91" CONTENT="Gefängnis."/>
					</TextLine>
				</TextBlock>
			</PrintSpace>
		</Page>
	</Layout>
</alto>
