1837 2898
775 118 61 30 LA
878 116 149 31 CROIX
1684 117 17 28 3

85 251 149 42 question
246 248 107 38 vilale,
370 248 82 31 mais
473 237 96 52 s'est-
568 254 41 22 on
632 252 118 33 apercu
771 252 62 31 quo
850 241 26 32 si

85 314 41 23 on
162 304 90 31 laisse
286 301 88 38 faire,
404 299 265 40 Penseignement
711 296 43 31 du
791 297 84 30 caté-

86 357 119 32 chisme
220 361 70 25 sera
306 352 197 41 reglementè
517 359 57 33 par
589 350 27 31 le
632 348 119 32 conseil
765 348 111 32 muni-

86 406 102 45 eipal?
203 407 48 32 On
275 415 82 22 nous
380 396 82 40 lisait
483 403 23 33 il
528 404 61 39 ya
609 402 155 41 quelques
782 400 94 42 jours

86 462 124 32 Parrèté
233 458 79 33 d'un
338 457 101 32 maire
466 457 101 31 fixant
590 456 19 30 à
637 454 171 32 messieurs
831 454 45 31 les

87 517 118 39 protres
226 512 37 32 de
286 512 30 31 la
333 519 173 23 commune
531 509 43 31 les
592 507 103 43 jours,
708 508 118 31 heures
845 510 32 28 et

86 567 86 31 licux
184 567 40 31 odᷣ
237 565 39 32 ils
291 556 145 49 feraient,
444 561 66 33 sils
523 561 28 32 le
566 560 175 37 voulaient,
753 560 28 31 le
794 561 82 30 caté-

85 620 120 32 chisme
230 627 63 22 aux
324 616 125 32 enfants
479 615 55 31 des
559 615 114 31 écoles.
697 612 84 33 C'est
802 622 72 31 gro-

86 676 122 37 tesque,
226 670 79 32 mais
320 670 81 30 ſaut-
409 668 33 39 il,
454 677 75 22 sous
540 669 142 40 pretexte
695 664 94 43 qu'ils
805 669 71 28 sont

86 729 194 37 grotesques,
297 722 110 31 laisser
426 721 45 31 les
486 721 117 31 maires
619 729 32 22 se
667 719 101 32 meler
782 719 39 31 de
840 728 35 22 ce

86 779 55 41 qui
156 787 40 22 ne
210 777 44 31 les
268 775 133 40 regarde
419 771 79 43 pas?

129 829 50 32 Du
200 832 93 36 reste,
310 827 171 32 liinvasion
498 830 47 28 est
567 826 218 32 universelle:
806 825 69 41 plus

86 883 37 32 de
136 882 92 37 Dieu,
247 881 68 31 rien
333 889 63 32 que
416 880 55 31 des
490 879 158 32 hommes.
667 878 42 32 Ils
731 882 72 28 sont
817 878 56 31 ah-

85 932 130 35 surdes!
244 931 66 34 Eh!
333 932 85 39 oui,
448 932 81 33 voilà
559 932 29 32 le
621 932 197 37 chtiment,
846 931 30 31 la

85 987 118 33 France
226 991 46 28 est
292 987 197 31 condamnèe
503 987 19 29 à
537 987 67 30 ètre
615 989 97 27 tenue
730 994 41 22 en
783 984 92 32 laisse

84 1051 55 32 par
159 1041 53 31 des
234 1040 126 41 ſaquins
384 1038 260 41 irresponsables,
661 1042 68 27 tant
747 1038 37 31 ils
805 1040 72 29 sont

83 1095 97 30 betes.
197 1092 66 33 Elle
276 1102 80 22 aura
375 1101 35 23 ce
421 1090 118 43 qu'elle
554 1100 79 22 aura
647 1091 111 38 voulu,
772 1093 105 29 toutes

84 1147 42 31 les
139 1146 103 41 orgies
255 1150 32 27 et
300 1149 104 28 touies
418 1145 44 31 les
475 1143 205 41 ignominies.

125 1199 89 32 Nous
234 1199 136 32 voulons
389 1207 63 32 que
474 1198 45 30 les
541 1198 124 30 enſants
687 1196 104 32 soient
810 1195 65 31 ins-

84 1253 104 38 truits,
206 1254 129 30 surtout
351 1252 38 31 de
404 1251 30 31 la
450 1250 148 41 religion.

127 1306 89 32 Nous
234 1305 137 33 voulons
384 1313 84 33 pour
490 1313 64 22 eux
569 1312 73 23 sans
656 1302 96 32 doute
768 1311 35 23 ce
820 1301 57 42 qui

85 1360 152 31 interesse
254 1358 73 32 leur
340 1358 112 31 avenir
467 1366 56 22 sur
536 1356 29 32 la
581 1360 95 33 terre,
695 1355 80 32 mais
794 1364 83 22 nous

85 1422 144 31 croyons,
250 1420 94 31 nous,
361 1412 18 30 à
401 1409 173 38 Pélernité,
592 1412 31 28 et
636 1418 84 22 nous
739 1417 138 32 pensons

85 1476 62 32 que
168 1464 134 33 Pavenir
325 1464 45 32 du
394 1463 59 32 ciel
478 1472 43 22 ou
545 1462 39 31 de
608 1460 113 33 Penſer
744 1465 77 27 vaut
847 1461 31 31 la

85 1519 93 42 peine
190 1527 62 32 que
267 1517 66 32 Von
348 1515 68 33 s'en
431 1525 132 31 occupe.

127 1570 89 33 Nous
234 1570 135 32 voulons
388 1579 48 21 un
455 1568 243 40 enseignement
716 1566 158 39 chrẽtien,

85 1627 29 29 et
147 1633 80 23 nous
261 1622 217 33 combattrons
507 1630 73 22 sans
609 1622 86 30 trève
729 1629 83 36 pour
847 1619 29 31 le

86 1677 182 38 maintenir,
287 1675 109 42 quand
409 1684 45 33 on
473 1684 32 22 se
525 1674 82 31 croit
623 1683 56 22 sur
692 1673 27 32 le
734 1673 89 41 point
837 1672 38 32 de

84 1739 80 22 nous
177 1729 162 32 Penlever.

126 1782 46 33 La
191 1781 190 33 Révolution
393 1790 40 22 ne
448 1784 76 28 veut
539 1780 71 42 plus
628 1779 37 32 de
679 1778 138 45 famille;
830 1787 45 22 ne

83 1826 203 54 proclame-t·
295 1834 59 31 elle
369 1842 55 33 pas
439 1832 29 32 le
482 1832 127 32 divorce
620 1841 124 22 comme
757 1840 65 22 une
837 1830 39 32 de

83 1897 48 23 ses
147 1884 201 44 conquetes?
362 1885 26 32 Il
403 1889 47 28 est
461 1886 66 31 aisé
547 1885 38 32 de
601 1885 67 31 dire
684 1885 19 30 à
715 1894 45 21 un
772 1884 100 40 père:

85 1940 69 33 Fais
166 1950 124 23 comme
305 1943 56 28 ſon
375 1939 112 38 chien;
505 1939 106 41 plante
625 1937 30 32 la
675 1950 12 16 æ
708 1941 31 28 ta
752 1936 123 33 femelle

83 1998 31 28 et
134 1998 46 28 tes
201 1994 95 42 petiis
322 2004 13 17 »
355 1992 110 42 quand
488 1992 39 31 ils
550 1995 32 28 te
606 1993 170 38 generont.
794 1988 83 33 Cest

82 2051 118 35 atroce,
216 2047 83 31 vollà
319 2047 43 30 ou
377 2044 66 33 Von
457 2048 77 29 veut
550 2053 40 22 en
606 2044 91 31 venir
710 2045 163 42 pourtant.

83 2099 41 33 Le
140 2101 75 41 père
239 2103 31 29 et
294 2099 30 32 la
347 2100 89 30 mère
457 2101 56 28 ont
538 2097 39 32 de
598 2097 205 41 réciproques
822 2095 55 32 de-

82 2153 96 32 voirs.
196 2151 40 33 Ils
252 2161 41 23 en
307 2155 57 29 ont
379 2160 114 23 envers
506 2150 47 32 les
568 2152 83 30 ètres
664 2151 19 30 à
699 2149 55 41 qui
767 2149 39 31 ils
821 2152 56 28 ont

83 2207 105 31 donnè
201 2201 197 37 existence.
414 2203 25 33 Il
451 2207 47 29 est
512 2203 66 32 aiso
592 2203 38 41 de
646 2203 28 31 le
687 2202 92 38 nier;
794 2210 83 23 nous

82 2268 41 22 en
146 2259 238 42 proclamerons
405 2256 292 43 Pimprescriptible
722 2255 100 32 durée
846 2258 31 28 et

83 2321 81 23 nous
198 2312 221 32 combattrons
451 2319 85 33 pour
563 2308 183 33 Pexistence
780 2307 39 33 de
847 2307 29 32 la

82 2365 130 38 ſamille,
226 2364 88 32 vraie
329 2364 75 32 base
417 2364 38 31 de
470 2364 32 31 la
516 2362 127 33 sociétè.

125 2418 144 32 Athènes
305 2417 173 32 s'effondra
514 2416 78 31 bien
632 2415 77 38 vite,
744 2413 133 33 ohserve

83 2470 238 42 Montesquieu,
352 2470 108 41 quand
496 2469 46 32 les
567 2469 126 31 enfants
719 2466 159 41 légitimes

83 2528 116 27 eurent
227 2524 57 32 ſait
309 2523 88 42 place
427 2523 18 31 à
477 2531 82 23 ceux
588 2521 56 41 qui
665 2530 41 22 ne
734 2518 143 34 Petaient

83 2587 65 32 pas.

128 2628 220 45 Aujourd'hui
372 2633 71 28 tout
464 2627 68 33 doit
554 2629 66 30 etre
641 2627 131 41 laique:
790 2621 87 36 nais-

84 2692 121 32 sances,
236 2683 168 40 mariages,
440 2682 246 36 enterrements.
721 2677 37 33 Ie
796 2679 82 31 ecrois

932 242 73 31 hien
1024 245 152 38 pourtant
1191 240 99 42 qu'on
1310 240 155 33 laisserait
1480 241 28 32 le
1523 241 105 40 clorgè
1643 240 78 41 hap-

930 295 86 37 tiser,
1031 294 127 39 marier,
1172 294 187 38 enterrer,
1336 288 29 56 si
1374 294 44 32 du
1430 294 78 32 haut
1518 293 39 31 de
1573 293 28 31 la
1614 292 108 48 chaire

931 347 20 31 il
966 357 41 21 ne
1023 347 166 42 protestait
1207 356 55 33 pas
1282 356 43 22 au
1348 356 76 23 nom
1445 347 55 31 des
1514 346 207 32 commande-

931 404 103 28 ments
1063 400 38 32 de
1126 399 82 32 Dieu
1233 403 110 28 contre
1370 400 29 31 la
1421 399 119 32 morale
1565 399 156 40 indépen-

931 453 125 31 dante:
1084 456 127 28 surtout
1244 462 56 32 pas
1327 453 37 31 de
1389 453 128 40 dogme.
1545 451 44 33 Le
1616 451 106 40 clergè

930 507 136 31 seculier
1080 505 28 32 le
1125 506 117 42 proche
1258 506 88 41 bien,
1363 506 80 31 mais
1457 505 29 31 le
1501 505 106 40 clergè
1627 505 95 39 régu-

930 558 59 32 lier
1005 557 45 43 s'y
1076 568 150 34 consacre
1249 568 76 22 avec
1351 558 73 42 plus
1447 558 38 32 de
1506 557 116 37 loisirs,
1641 560 30 28 et
1693 557 30 31 la

930 611 125 32 science
1078 612 153 32 moderne
1256 621 32 22 se
1318 616 112 28 trouve
1453 610 145 44 toujours
1622 611 100 40 gènéc

931 674 56 31 par
1000 665 28 31 la
1038 665 88 32 vraie
1145 665 135 39 science,
1300 666 77 31 celle
1393 665 38 32 de
1451 668 71 28 tous
1541 664 45 31 les
1598 663 122 32 siòcles.

930 715 64 44 Iley
1013 728 18 21 a
1050 728 47 26 un
1116 719 91 41 poids
1229 718 57 41 qui
1310 719 148 40 suffoque
1477 718 44 31 les
1541 717 183 40 incroyants

931 770 78 33 dans
1030 775 81 28 cette
1137 781 101 22 masse
1260 771 39 32 de
1321 772 166 31 traditions
1506 770 215 38 accumulées,

931 825 78 32 dans
1033 834 52 22 ces
1114 825 278 41 développements
1421 823 170 32 sëculaires
1622 824 19 29 à
1673 832 52 22 ra-

931 887 116 23 meaux
1058 878 173 31 immenses
1242 886 124 23 comme
1378 876 45 32 les
1434 876 110 32 arhres
1558 875 55 32 des
1630 875 95 31 ſoròls

930 931 135 40 vierges.
1084 929 80 33 Vive
1187 940 34 22 ce
1246 930 56 41 qui
1324 938 113 33 pousse
1460 929 75 32 vite.
1564 927 161 42 Regardes

931 983 102 43 plutot
1045 984 45 31 les
1105 979 251 45 champignons

974 1035 87 33 Pour
1079 1045 83 23 nous
1179 1036 22 31 il
1221 1045 83 22 nous
1318 1036 78 40 plait
1418 1035 37 32 de
1480 1043 82 23 nous
1582 1042 145 33 appuyer

932 1100 54 22 sur
1000 1099 35 23 ce
1051 1089 55 41 qui
1126 1089 116 32 touche
1265 1090 17 29 à
1298 1088 171 39 Peternitè,
1485 1091 31 27 et
1531 1085 77 33 c'est
1628 1095 97 33 pour-

931 1141 75 43 quoi
1024 1151 83 23 nous
1127 1142 135 32 voulons
1283 1142 56 31 des
1360 1141 110 31 ordres
1491 1139 157 41 religieux
1669 1139 58 40 qui

932 1196 145 32 btudient
1090 1204 76 22 avec
1187 1194 144 42 patience
1354 1197 31 28 et
1405 1203 46 22 un
1469 1192 105 40 clergè
1588 1192 57 41 qui
1666 1191 61 32 bé-

932 1249 83 31 nisse
1037 1238 30 41 la
1079 1247 118 32 ſamille
1220 1248 18 30 à
1251 1251 104 28 toutes
1367 1247 46 31 les
1434 1246 139 41 grandes
1587 1246 140 40 époques

932 1302 38 31 de
992 1311 58 22 son
1069 1301 173 37 existence,
1259 1300 153 32 instruise
1433 1297 168 40 Penſance,
1625 1306 101 23 ouvre

932 1355 27 32 le
973 1355 57 31 ciel
1045 1363 62 22 aux
1124 1357 179 28 mourants.

975 1406 89 33 Nous
1093 1406 136 32 voulons
1258 1406 54 32 des
1343 1405 110 32 ordres
1482 1404 156 41 religieux
1669 1402 56 42 qui

932 1461 144 32 etudient
1095 1468 76 23 avec
1191 1459 155 41 patience,
1364 1467 83 33 pour
1468 1458 170 40 enseigner
1650 1464 76 23 avec

932 1513 148 33 autoritè.
1108 1512 91 32 Nous
1232 1521 41 22 en
1302 1511 134 32 voulons
1473 1520 84 32 pour
1591 1510 136 41 prècher

931 1566 220 33 Jésus-Christ
1175 1575 65 21 aux
1268 1568 139 35 savants,
1437 1573 65 22 aux
1527 1564 105 40 petits,
1662 1571 64 22 aux

932 1619 182 45 bourgeois.
1143 1617 88 33 Nous
1259 1628 42 22 en
1330 1618 136 32 voulons
1496 1617 56 40 qui
1581 1616 146 41 puissent

931 1677 107 38 porter
1049 1673 30 32 la
1093 1671 90 33 croix
1198 1681 63 22 aux
1273 1671 109 41 plages
1396 1671 45 31 les
1456 1669 71 42 plus
1540 1668 182 32 lointaines.

931 1726 87 32 Nous
1032 1726 45 31 les
1097 1725 134 32 voulons
1248 1724 97 38 libres
1362 1724 38 32 de
1418 1733 32 22 se
1470 1723 125 32 donner
1613 1723 19 30 à
1656 1724 70 29 tous

930 1778 44 32 les
989 1778 242 31 dévouements.

973 1829 135 42 Voyes:
1133 1830 45 31 les
1200 1830 135 31 ſemmes
1352 1828 87 32 aussi
1460 1827 175 32 rèclament
1654 1826 73 32 leur

931 1884 83 32 droit
1030 1885 19 30 à
1067 1886 73 28 tous
1162 1882 44 32 les
1229 1882 172 32 saerifices.
1417 1879 78 34 Nais
1517 1881 19 30 à
1560 1878 76 43 quoi
1661 1879 65 32 bon

931 1947 34 22 ce
979 1936 302 32 desinteressement
1301 1943 156 24 commun
1471 1934 72 31 crbe
1560 1942 57 32 par
1631 1932 31 31 la
1675 1932 50 31 vie

931 1987 186 50 religieuse?
1138 1987 132 34 N'est-
1242 1980 41 61 il
1284 1997 56 33 pas
1362 1988 30 31 la
1414 1985 249 33 condamnation
1687 1984 39 32 de

931 2052 81 22 ceux
1026 2042 57 41 qui
1102 2042 131 31 veulent
1248 2041 55 31 des
1317 2040 118 42 places,
1453 2039 37 31 de
1507 2036 149 42 Vargent,
1671 2036 57 32 des

933 2092 148 45 plaisirs?
1098 2093 105 38 Quvon
1217 2094 45 31 les
1279 2093 160 41 proscrive
1460 2095 31 27 et
1510 2100 41 22 au
1574 2090 70 41 plus
1666 2090 57 30 tot.

931 2146 48 33 Eh
989 2147 88 37 bien,
1094 2147 80 32 dans
1187 2147 29 31 la
1237 2155 127 23 mesure
1385 2145 38 31 de
1432 2141 63 48 nos
1515 2145 112 36 forces,
1644 2151 84 23 nous

925 2209 88 23 nous
1032 2203 158 29 mettrons
1208 2208 41 23 en
1271 2203 122 28 travers
1418 2201 31 28 et
1468 2206 83 22 nous
1574 2199 153 39 proteste-

932 2263 75 23 rons
1027 2262 83 33 pour
1134 2253 30 31 la
1190 2262 95 22 cause
1307 2252 39 32 de
1365 2251 31 32 la
1422 2250 169 42 penitence
1616 2252 111 29 contre

910 2307 216 41 Vimpureté,
1152 2306 45 31 du
1218 2306 64 31 don
1309 2305 38 32 de
1375 2304 47 31 soi
1446 2306 110 28 contre
1583 2305 72 29 tous
1683 2301 46 32 les

932 2362 156 39 égoismes
1116 2358 40 33 du
1179 2358 92 43 jour,
1297 2358 38 32 de
1360 2358 31 31 la
1418 2356 100 32 sainte
1542 2355 186 32 obéissance

932 2418 110 27 contre
1057 2413 30 31 la
1101 2411 120 33 revolte
1240 2412 107 31 cleve
1371 2412 18 29 à
1411 2410 30 31 la
1462 2408 169 42 puissance
1648 2405 81 34 d'un

933 2466 114 40 dogme
1063 2464 131 32 radical.

976 2518 89 32 Nous
1078 2516 135 33 voulons
1227 2516 31 32 la
1272 2516 115 32 liherte
1403 2514 38 33 de
1459 2514 30 31 la
1503 2513 134 32 charitè.
1654 2509 76 34 Plus

933 2572 70 32 tard
1025 2580 82 23 nous
1127 2573 166 38 comptons
1316 2568 77 32 bien
1416 2566 136 33 aborder
1572 2568 80 29 cette
1670 2565 59 31 im-

933 2634 109 23 mense
1065 2624 161 42 queslion.
1251 2621 45 33 Le
1321 2621 104 33 diable
1448 2620 55 32 ſait
1527 2629 48 21 ses
1598 2618 130 32 révolu-

933 2679 95 37 tions,
1046 2678 23 30 il
1092 2686 84 23 nous
1198 2676 105 40 oblige
1328 2676 20 30 à
1368 2674 78 32 ſaire
1468 2673 45 31 les
1534 2673 120 30 nòtres.
1673 2669 55 38 Or,
