4365 6428
1383 44 64 5 —
1484 45 70 6 —
1671 57 4 5 *

1362 74 57 6 —
1606 42 20 38 —
1663 42 127 38 —
1799 42 14 38 ⏑
1818 46 83 28 —

1745 367 181 33 Hamburger
1944 368 139 33 Anzeiger
2086 355 143 52 beremigt
2249 371 50 27 mit
2317 369 79 28 Neue
2414 364 181 39 Hamburger
2615 370 130 33 Zetung.

3771 372 32 29 4.
3821 372 110 34 Auguſt
3950 370 90 31 19286

807 478 186 78 J

1176 453 612 140 SYOolle
1864 457 525 140 GhGliG
2464 500 62 46 a
2599 460 655 111 TCbdoGm-

3428 476 656 100 ſDſſ

383 663 86 60 Die
503 665 304 67 Fußballſpiele
842 677 73 47 am
944 666 224 67 Sonntag.

317 747 32 31 S.
373 748 30 26 S.
423 748 31 27 V.
475 763 33 5 —
512 743 162 42 Barmbed.
677 751 164 30 Uhlenhorit:
866 752 15 24 4
903 751 62 30 Uhr,
988 743 82 42 Rothe
1075 743 99 42 rhaum.

319 782 50 37 St.
383 782 87 34 Georg
490 797 32 5 —
542 784 44 27 St.
608 784 82 30 Pauli
710 785 28 31 F.
760 785 41 26 C.:
823 786 14 24 1
857 786 62 30 Uhr,
939 780 152 48 Kreuzweg

319 815 96 26 Unitas
435 830 32 5 —
485 817 31 31 6.
536 818 28 25 E.
584 818 30 26 B.
635 818 41 26 C.:
698 819 96 27 TuUbr,
813 819 88 25 Neuer
920 819 177 30 Schützenhef.

318 850 144 32 Bergedorf
481 864 33 5 —
535 851 126 32 Vreußen
682 852 136 32 (ABehoel:
839 853 15 24 4
875 853 61 28 Ubr,
956 852 186 33 Marienburg.

319 883 117 30 Sperber
455 898 33 5 —
507 885 112 31 Polizei?
641 887 14 23 4
675 886 62 28 Uht,
758 886 147 32 Atſterdorf.

319 917 93 25 Eilbec
430 932 33 4 —
482 919 135 30 Alſtertal:
637 920 14 24 4
671 920 61 29 Uhr,
754 913 97 42 Hamme
854 913 121 42 ritraße.

319 950 117 33 Bhoenir
454 966 33 4 —
508 952 132 31 Wentorf:
664 954 45 27 4u2
734 953 61 29 Uhr,
798 946 120 43 Schütze
923 954 111 31 nitraße,
1055 954 106 26 Altona.

320 985 49 26 Gr.
388 986 99 31 Borſtel
506 1000 33 5 —
558 987 185 32 Langenhorn:
765 988 45 27 454
832 988 61 30 Uhr,
912 987 184 32 Langenhorn.

647 1046 31 25 20
696 1046 85 30 Jahre
800 1046 100 25 Komet.

519 1096 137 32 Sonntag:
678 1097 72 31 Platz
769 1096 255 31 Hochwaſſerbaſſin:

495 1138 21 25 1.
539 1138 105 26 Damen
665 1151 33 5 —
718 1137 81 31 RF4.

494 1171 23 25 2.
541 1171 106 32 Jugend
668 1185 32 5 —
724 1171 124 29 Victoria,
871 1171 23 25 2.
919 1170 116 32 Jugend.

495 1204 109 31 Reſerve
627 1218 33 6 —
682 1205 44 25 St.
749 1205 95 31 Georg,
866 1205 119 30 Reſerve.

538 1238 108 31 Schüler
664 1252 34 7 —
717 1239 124 28 Victoria,
865 1240 20 23 1.
909 1238 119 30 Schüler.

511 1273 136 26 Knaben
664 1286 33 5 —
717 1272 127 28 Vicioria,
865 1274 20 23 1.
906 1272 120 26 Knaben.

511 1306 135 32 .Jugend
664 1320 33 5 —
717 1306 125 28 Victoria.
864 1307 21 24 1.
907 1306 117 31 Jugend.

537 1341 102 25 Serren
662 1354 33 4 —
715 1339 194 31 Helios⸗Lloyd,
933 1340 21 24 1.
979 1339 110 31 Serren.

538 1374 101 31 Herren
663 1387 33 5 —
721 1373 256 32 Uhlenhorit⸗Herta,
1000 1373 23 25 4.
1047 1373 110 30 Herren.

591 1431 158 30 Volaliviele
770 1431 90 29 Sanſa
881 1430 72 28 1911.

492 1483 137 32 Sonntag:
657 1482 118 31 Eisbahn
777 1476 166 44 Heiligenge
942 1476 107 44 iſtfeld:

368 1524 186 32 Liga⸗Reſerve
576 1525 43 25 des
639 1524 191 29 Sportvereins
853 1522 172 29 Eimsbüttel.

368 1558 72 32 Liga⸗
444 1552 123 42 Referve
577 1558 43 26 der
642 1558 258 31 Sportvereinigung
923 1556 110 32 Poligei.

368 1592 186 32 Liga⸗Reſerve
578 1592 43 26 des
641 1592 160 29 Ottenfener
820 1591 202 30 Sportvereins.

368 1627 21 24 1.
408 1626 165 31 Mannſchaft
596 1631 50 21 von
669 1626 77 30 Spiel
769 1626 53 25 und
845 1625 85 30 Sport
953 1623 149 32 Borgfelde.

368 1660 21 24 1.
408 1659 166 32 Mannſchaft
592 1664 49 22 von
665 1659 76 31 Spiel
761 1660 54 25 und
834 1659 85 30 Sport
938 1658 103 26 Eilbec.

368 1695 20 23 1.
407 1693 166 31 Mannſchaft
599 1693 21 25 d.
647 1694 48 29 Sp.
720 1693 62 26 Ver.
806 1692 149 27 Oermania
982 1690 172 33 (Schnelſen).

368 1729 21 23 1.
408 1727 163 31 Mannſchaft
596 1728 45 25 des
664 1727 52 31 FC.
739 1726 96 27 Vineta
859 1731 51 20 von
933 1726 72 34 101.

368 1762 21 24 1.
408 1762 166 31 Mannſchaft
592 1762 44 25 des
655 1761 56 27 EC.
731 1761 89 31 Hanſa
839 1764 50 22 von
909 1759 71 25 1911.

365 1803 51 26 Die
443 1803 92 28 Spiele
560 1802 127 32 beginnen
713 1801 123 31 vünktlich
861 1809 46 17 um
932 1801 16 24 2
975 1799 54 30 Uhr
1055 1798 171 38 nacmittags

317 1838 79 25 unter
420 1837 110 31 Leitung
555 1838 44 24 des
625 1836 214 31 Schiedsrichters
865 1835 99 26 Sturm
992 1833 235 34 Grob⸗Flotibel).

585 1895 54 29 Auf
658 1895 56 25 bem
735 1893 223 30 Waldesruhplatz

318 1948 64 26 wird
405 1956 42 17 am
474 1948 125 31 Sonniag
625 1948 31 25 ab
682 1948 15 24 8
722 1947 54 26 Ubr
801 1946 43 25 der
869 1944 214 32 Elbdörferpolal,
1110 1943 116 32 zwiſcken

317 1982 48 26 den
392 1982 131 26 Vereinen
551 1981 167 30 Blankeneſe,
748 1979 164 30 Nienſtedten
941 1978 54 26 und
1022 1977 204 33 Groß⸗Flottbet

317 2016 61 30 nach
401 2017 55 24 dem
480 2015 177 33 Vunktſyſtem
681 2015 28 25 in
733 2014 54 26 drei
813 2014 123 31 Spielen:
964 2014 22 23 1.
1010 2012 158 30 Blankeneſe
1195 2025 32 4 —

317 2049 213 32 Groß⸗Flottbel,
556 2050 22 24 2
604 2047 204 34 Groß⸗Flottbek
833 2061 34 5 —
891 2046 175 32 Nienſtedten.
1093 2046 24 29 8.
1143 2046 83 26 Blan-

318 2084 85 33 benefe
423 2097 33 5 —
474 2083 173 31 Nienſtedten,
665 2083 188 31 ausgetragen.

601 2141 51 26 Ein
673 2140 172 31 ſüvdeutſcher
864 2140 72 29 Gaſt.

317 2192 115 28 Vicloria
463 2206 33 5 —
527 2192 159 32 Freiburger
718 2191 30 31 F.
775 2190 41 26 C.:
861 2188 173 31 Sonnabend,
1067 2188 17 25 6
1108 2187 53 32 Uhr
1187 2187 39 28 55,

367 2225 188 33 Victoriaplas.

763 2259 16 14 —

368 2286 50 25 Am
439 2286 172 31 Sonntag
631 2292 44 18 um
695 2284 16 25 5
731 2284 53 30 Uhr
805 2283 96 32 ſpielen
920 2281 39 26 die
980 2279 248 29 Victorianer

318 2327 80 26 gegen
419 2319 127 26 Union.

334 1136 45 26 85
400 1137 64 30 Uhr:

335 1170 45 27 dua
401 1171 64 29 Uhr:

320 1204 28 25 11
400 1204 66 29 Uhr:

336 1239 13 23 1
400 1238 65 30 Uhr:

334 1271 45 27 2u
401 1272 64 29 Uhr:

335 1305 45 27 3u
400 1306 65 27 Uhr:

335 1339 16 24 5
401 1340 64 26 Uhr:

334 1374 44 29 E

491 1341 23 60 S

317 1762 23 25 o
316 1698 24 54 ac
316 1525 24 92 dor

671 2352 85 29 SHeute
775 2349 96 27 abend!

318 2403 98 27 Wacker
433 2416 34 5 —
488 2402 140 30 Ottenſen:
650 2402 15 23 1
686 2401 63 28 Uhr,
768 2399 147 38 Voceplas.

317 2437 139 26 Vorwärts
478 2450 34 5 —
533 2436 88 30 U.-6.:
646 2436 15 23 1
684 2435 62 29 Uhr,
756 2428 135 46 gillitedt.

319 2472 112 31 Paloma
453 2484 34 4 —
508 2469 143 27 Teutonia:
673 2469 47 27 6M
745 2468 61 29 Uhr,
804 2460 58 47 Die
866 2464 188 32 derichſtraße.

631 2526 41 30 Jn
695 2525 215 28 Nordhannover.

368 2578 167 26 Normannia
556 2576 134 32 empfängt
713 2574 195 31 Sport⸗Berein
932 2572 54 26 und
990 2567 83 47 wird
1077 2572 63 38 das
1164 2571 65 30 erſte

319 2613 77 29 Spiel
416 2613 69 31 ſchon
503 2613 48 25 mit
570 2611 62 31 zwei
651 2608 219 31 Verluitpuntten
890 2607 115 26 beenden
1027 2612 108 31 müijen.
1172 2605 56 25 Der

319 2646 235 32 Wiihelmeburger
573 2645 29 31 F.
620 2644 31 26 V.
671 2645 44 29 hat
735 2642 170 31 Luͤneburger
925 2640 33 26 S.
977 2640 30 38 C.
1026 2647 32 23 zu
1067 2634 82 48 Gaſt,
1186 2638 42 24 An

317 2680 44 26 Crc
388 2680 197 30 Landesgrenz?
620 2678 97 30 tteffen
754 2676 43 31 ſich
825 2676 70 30 ſchoͤn
920 2679 63 27 zwei
1014 2671 212 40 Meiſterſcharts.

317 2715 110 25 tivalen.
469 2713 124 31 Zwiſchen
618 2711 39 26 die
680 2711 96 31 dortige
799 2709 117 26 Vittoria
939 2708 54 26 und
1015 2707 125 39 Boruſſia
1165 2705 63 26 wird

318 2748 43 31 ſich
386 2748 40 24 ein
451 2747 89 29 haͤrter
564 2746 97 31 Kampf
694 2752 46 18 um
774 2744 37 25 die
838 2742 103 31 Bunkte
972 2743 165 29 entſpinnen.
1179 2739 45 30 Jm

318 2780 240 33 Gſerſchaftsſpiel
584 2780 97 31 treffen
704 2778 43 30 ſich
772 2777 117 31 Wilitorj
913 2775 55 36 und
991 2774 31 31 S.
1047 2774 30 30 J.
1103 2773 28 25 S
1135 2768 91 49 Dam⸗

312 2815 75 30 purg.
407 2815 48 24 das
477 2813 39 26 die
536 2812 125 33 früheren
682 2811 111 31 Ligiſten
815 2809 68 31 wohl
904 2814 138 26 gewinnen
1064 2806 99 33 ſollten.

549 2877 164 50 Vorſchan
740 2876 60 48 auf
824 2874 169 49 Farmſen.

368 2946 112 32 Morgen
505 2945 103 33 gelangt
631 2944 44 25 als
697 2943 192 31 Sauptrennen
912 2941 38 26 die
973 2939 187 39 Enticheidung
1183 2936 44 27 —

316 2981 149 31 Großen
483 2978 290 31 Elberreifes,
790 2976 87 26 oο
894 2974 66 27 RM.
979 2975 54 37 und
1048 2981 64 30 zwei
1127 2973 99 29 Ehren,

318 3014 81 32 preiſes
423 3021 59 24 zum
508 3013 124 31 Austrag.
672 3011 86 32 Zwölf
781 3010 96 30 Pferde
898 3009 18 29 —
1079 3007 45 38 für
1135 3001 51 46 die
1188 3005 39 30 ſes

318 3049 112 25 Rennen
448 3047 167 31 qualifiziert-
635 3045 37 26 die
690 3044 60 30 auch
769 3043 66 30 wohl
852 3043 51 25 alle
922 3049 45 18 am
987 3043 81 24 Start
1076 3036 149 47 erſcheinen

319 3082 109 25 werden.
470 3080 61 26 Den
557 3079 148 30 Vorläufen
733 3077 60 30 nach
818 3084 33 23 zu
878 3076 131 37 urteilen,
1028 3069 107 46 müßte
1145 3072 82 39 Karl

319 3116 91 31 Seinz
431 3114 43 25 der
496 3113 101 29 12105
617 3112 85 25 trabte
723 3111 52 25 und
797 3117 66 25 ganz
885 3108 71 31 leicht,
975 3110 48 24 mit
1046 3107 54 25 drei
1122 3107 106 37 Langen

318 3149 65 26 uber
405 3146 209 33 Johannistäfer
635 3151 120 26 gewann,
778 3144 43 25 der
848 3142 86 29 1:262
959 3142 95 27 trabte,
1078 3145 149 32 gewinnen⸗

321 3183 66 25 dcun
412 3182 38 25 die
474 3182 32 24 do
531 3181 96 30 Neſer,
669 3179 38 26 die
734 3178 37 26 die
797 3177 90 26 beiden
913 3176 112 31 Sengſte
1053 3172 177 38 voneinander

321 3218 120 26 Idennen,
457 3216 43 29 hat
520 3214 65 26 Karl
605 3213 81 32 Seinz
704 3213 40 27 bei
763 3211 56 25 dem
838 3210 125 37 ſchweren
981 3208 91 37 Boden
1091 3215 43 17 am
1154 3206 77 26 Mitt⸗

320 3250 63 30 woch
417 3248 112 32 ſpiclend
560 3246 185 27 uberwuuden.
786 3244 56 26 Der
867 3244 109 36 Favorit
1003 3242 121 37 Augias,
1142 3239 88 34 wurde

318 3283 104 26 Scllter
441 3283 29 25 in
492 3281 93 29 ieaſ
604 3280 55 26 fam
680 3279 60 31 nach
761 3278 87 32 ſeinen
869 3276 90 38 beiden
981 3273 247 39 verhananigvelen

319 3318 112 31 Fehlern
450 3316 95 25 immer
565 3314 91 27 wieder
677 3313 54 25 und
751 3312 89 26 endete
910 3310 90 31 gänge
1019 3309 87 38 hinter
1125 3303 102 47 Jehan⸗

318 3351 124 31 diglafer.
481 3350 57 26 Der
559 3346 169 33 Sreiſährige
746 3346 54 37 hat
812 3345 122 32 gehuſtet/
955 3342 49 26 das
1026 3341 88 32 dürite
1135 3340 44 31 ihn
1200 3347 29 17 in

317 3384 83 33 feiner
417 3382 246 32 Kräffeentfaltung
681 3388 49 23 arg
747 3379 132 37 behindert
897 3377 93 29 baben
1009 3375 55 40 und,
1080 3382 62 31 man
1148 3368 79 40 rech⸗

317 3421 60 24 Neie
399 3417 60 31 noch
481 3424 45 18 am
548 3415 240 30 Minwochmoͤrgen
820 3413 48 36 mit
901 3411 57 25 dem
981 3409 171 31 Nichtjtarien
1183 3407 45 25 des

317 3451 133 32 Bengites.
493 3450 38 26 Es
567 3448 64 26 wird
663 3455 108 24 morgen
805 3454 59 29 ein.
870 3440 68 45 ſehr.
966 3438 118 47 ſchnelles
1114 3436 112 39 Rennen

317 3486 110 27 werden,
449 3484 78 32 dafür
548 3483 67 31 ſorgt
637 3482 73 31 ſicher
732 3481 38 25 die
791 3480 175 36 Gewinnerin
989 3477 44 24 des
1056 3476 82 28 erſten
1159 3474 67 39 —

316 3520 98 29 ſaufes,
432 3515 269 33 Goldſchmiebs
722 3513 163 38 Maid,in
905 3513 44 24 der
968 3511 47 25 das
1036 3509 80 38 arotze
1136 3507 90 32 Rätſel

317 3554 72 31 flect.
429 3551 78 31 Dieſe
531 3550 81 26 Stute
635 3555 110 26 gewann
768 3547 55 32 ſehr
848 3546 72 30 icher
945 3544 65 30 ohne
1032 3549 79 19 dinen
1125 3536 101 47 Febler

318 3594 80 24 gegen
415 3586 127 30 Anlenor
560 3588 49 21 von
628 3583 56 25 dem
702 3589 62 18 man
783 3582 35 24 im
838 3579 113 37 Rennen
968 3577 115 38 glaubte⸗
1103 3583 27 18 er
1148 3574 79 26 könne

318 3621 73 32 jeben
416 3618 148 33 Augenblick
588 3625 35 18 an
648 3614 189 31 Goldichmieds
863 3612 77 26 Maid
963 3610 185 37 vorbeisiehen.
1178 3608 49 39 Es

319 3655 55 25 lam
399 3654 63 25 abcco
489 3652 105 26 anders
637 3650 49 25 Lis
713 3647 106 33 Freund
845 3646 120 33 Antenor
994 3644 85 37 neben
1104 3642 43 32 ſich,
1176 3641 51 38 jah.

319 3689 75 30 legte
405 3694 31 18 er
458 3686 58 30 noch
542 3687 81 24 etwas
647 3691 40 23 zu,
711 3682 53 25 und
788 3688 56 18 nun
868 3687 45 24 zog
938 3677 190 31 Goldſchmieds
1153 3675 75 26 Maid

319 3721 139 31 überlegen
482 3720 90 25 davon.
615 3716 150 32 Jedenfalls
791 3715 45 30 hat
860 3714 39 25 die
922 3713 85 38 Stute
1033 3711 62 30 auch
1121 3716 106 24 morgen

320 3755 92 26 wieder
437 3753 80 33 grotze
542 3751 115 31 Ausſicht
682 3757 33 24 zu
741 3748 147 32 gewinnen,
911 3747 35 30 ſie
971 3745 65 38 mußz
1062 3744 62 25 abert
1149 3747 80 28 gegen

316 3789 90 26 T
424 3787 115 32 Sen
512 3775 24 48 z
557 3785 73 30 ſcher
650 3784 58 30 noch
728 3785 82 23 eiwas
829 3781 114 36 zulegen
956 3779 109 37 können,
1084 3778 43 25 als
1146 3783 79 25 gegen

316 3823 125 25 Anténor
479 3820 67 31 Auch
564 3816 213 32 Frieſewird
797 3821 106 24 morgen
923 3820 42 31 ein
983 3813 112 36 beſſexes
1114 3810 112 38 Rennen

315 3856 93 32 laufen
425 3855 43 26 als
485 3861 44 18 am
549 3851 138 30 Mittwoch.
724 3850 71 31 Zeigt
814 3849 66 25 Karl
898 3848 83 37 Heinz
983 3839 59 47 wie
1042 3839 51 47 der
1096 3839 55 47 die
1160 3843 63 39 Zeit

316 3891 45 24 de?
380 3888 154 30 Roriaufes,
555 3887 70 25 dann
646 3884 114 33 gewinnt
778 3890 29 18 et
828 3887 46 21 vor
893 3881 88 38 Frieie
1002 3878 52 40 und
1074 3878 150 31 Augias.

313 3924 52 27 Die
381 3921 207 32 Ueberrajchung
607 3920 90 25 könnte
715 3922 50 21 von
782 3917 169 38 Sohanni
962 3914 128 35 stäfer
1108 3912 122 37 kommen.

318 3957 141 32 Freunden
501 3960 50 20 von
592 3952 191 32 Autzenſeitern
834 3950 34 31 ſei
919 3946 190 33 Goldſchmieds
1153 3944 75 26 Maid

318 3990 155 32 empfohlen.
510 3988 96 31 Unſere
626 3985 189 31 Vorausſagen
835 3979 104 39 lauten:

413 4030 96 26 Eberls
527 4027 147 29 Erwählier
690 4040 35 5 —
742 4025 73 26 Stall
834 4024 89 30 Köſter
940 4036 33 5 —
989 4021 75 27 Siall
1083 4018 109 29 Runkel.

414 4064 82 31 Fahrt
517 4062 29 32 J.
569 4062 78 25 Mils
668 4075 33 4 —
722 4058 148 28 Grasblüte
891 4070 33 5 —
944 4055 83 33 Fahrt
1049 4049 142 40 Lohmann.

414 4097 87 26 Dabid
521 4110 26 5 —
546 4095 102 26 Stall
670 4093 105 32 —
872 4090 105 38 Ce
998 4088 104 31 Nelſon.

414 4131 66 26 Karl
528 4129 57 31 Heinz
607 4142 33 5 —
663 4127 88 29 Friefe
774 4140 33 4 —
831 4127 109 29 Augias.

415 4129 210 65 d
646 4137 38 44 —
704 4159 141 32 Windſpiel
869 4172 34 5 —
924 4155 83 35 Fahrt.
1033 4154 122 40 Schmidt.

415 4197 92 30 Geſlůr
531 4195 180 33 Fallenhagen
735 4208 33 4 —
790 4191 137 33 deimchen
950 4204 34 6 —
1008 4189 63 38 Auti
1098 4187 95 27 Watis.

416 4231 93 31 Vizian
530 4244 33 5 —
583 4227 213 31 Stall'Olumpic
815 4240 34 4 —
868 4225 83 32 Fahrt
973 4223 85 32 Jaup.

416 4264 128 31 Triumph
564 4277 33 5 —
618 4263 132 29 Preislied
771 4275 33 4 —
825 4259 150 27 Columbus
1001 4258 37 36 li:
1113 4284 39 10 u

418 4299 131 27 Sconardo
572 4311 33 5 —
627 4296 83 32 Fahrt
731 4294 77 32 Jauß
836 4306 23 6 —
858 4292 107 26 Stall
988 4290 190 32 Geiſelgaſteig.

604 4353 100 23 Rennen
722 4356 29 21 zu
772 4351 29 21 Le
820 4350 120 24 Touquet.

429 4405 2 8 ſ
731 4409 13 7 —
879 4388 142 28 Libertin
1040 4388 49 21 VJI.
1107 4387 22 23 3.

327 4398 44 48 ——
371 4414 21 32 —
444 4397 43 49 *
535 4396 27 45 9
558 4393 183 50 —
867 4390 72 49 —
993 4412 108 24 Ketenz)
1139 4411 89 24 Zun

315 4449 98 21 Goͤddes
432 4447 22 22 25.
487 4446 116 24 Miſtfctoe
625 4445 21 22 8..
684 4444 124 23 Tot.21.
954 4440 33 22 i.
1011 4439 99 21 IIi.
1132 4436 96 22 Aurora

317 4473 108 24 Eeis
446 4464 27 31 J.
493 4472 33 21 ea
546 4471 82 23 Eien⸗
646 4469 32 46 zu
681 4457 134 64 Fiijepet
834 4484 54 31 Fa
981 4464 39 49 4
1034 4463 50 48 v
1095 4462 38 48 ——

316 4499 45 46 Fi
372 4493 100 60 GJeetz
508 4496 91 48 —
612 4495 132 46 Eeon.
760 4509 75 34 Laqv
856 4516 125 23 dery
995 4505 36 34 i.
1049 4514 32 22 Sc
1099 4511 128 25 ſenuobai

314 4547 170 26 Jaiibaui
506 4546 48 23 Sad
574 4546 21 22 S.
631 4544 66 24 Tot.:
719 4543 36 24 78.
777 4543 41 24 Vl.
840 4541 34 26 i&.
894 4541 35 23 Ib.

367 4274 24 52 —
364 4066 23 14 —

1161 4385 66 23 Tot.:

603 4599 343 70 GSporinotizen.

429 4688 120 30 Deutſche
577 4686 310 31 Kanu⸗Meiſterſchaften
917 4685 27 25 in
975 4682 137 30 Botsbam.

362 4739 49 26 Am
431 4740 23 26 6.
475 4740 97 31 Auguſt
592 4738 102 26 werden
715 4737 43 31 ſich
778 4737 39 25 die
836 4735 134 31 deutſchen
987 4733 191 32 Kanuſportler
1201 4730 26 28 in

313 4774 127 29 Botsdam
465 4774 181 29 verſammeln,
668 4780 46 18 um
736 4774 52 23 aus
810 4771 70 31 ihrer
903 4769 79 29 Mitte
1005 4769 39 25 die
1067 4768 91 31 Beſten
1181 4768 43 24 der

313 4809 90 28 Beſten
420 4807 174 32 feſtzuſlellen,
611 4808 80 25 denen
707 4806 39 26 die
762 4806 75 30 eisne
854 4804 121 32 Leiſtung
992 4804 47 24 das
1059 4802 74 30 Recht
1149 4801 79 32 geben

313 4843 53 30 ſoll,
388 4843 46 25 den
457 4843 93 30 jlolzen
573 4841 68 26 Titel
662 4841 76 25 eines
761 4838 141 32 Deutſchen
927 4838 123 30 Meiſters
1073 4844 32 25 zu
1129 4838 99 30 tragen.

311 4876 50 28 Die
390 4876 54 26 vier
470 4875 301 31 Meiſterjchaftsrennen
801 4874 100 24 werden
931 4872 163 33 eingerahmt
1120 4875 50 34 von
1199 4868 29 26 19

311 4910 199 32 Konkurrenzen
532 4910 26 26 in
579 4911 45 24 den
644 4909 107 31 gleichen
761 4902 243 47 Bootsgattungen,
1019 4906 84 39 offen
1123 4912 26 24 je
1169 4905 59 41 —

313 4944 203 33 Ausſchreibüng
538 4943 43 33 fuͤr
603 4943 145 32 Anfänger,
769 4941 135 31 Junioren
927 4943 52 23 und
1001 4946 142 20 Senoren.
1183 4937 45 26 166

311 4979 159 31 Meldungen
499 4978 53 31 find
581 4978 44 32 für
653 4978 63 30 diefe
747 4975 153 28 nationalen
930 4975 121 28 Rennen,
1079 4969 54 49 alſo
1149 4973 78 40 ohne

312 5012 229 34 Verückſichtigung
567 5012 44 25 des
639 5009 344 34 Beteiligungsergebniſies
1011 5009 44 31 für
1083 5008 38 26 die
1147 5009 81 25 inter.

315 5047 152 27 nationalen“
494 5046 180 29 Wettfahrten,
700 5046 146 31 abgegeben
873 5043 112 27 worden.
1046 5040 106 32 Nahezu
1180 5039 47 25 200

311 5080 167 31 Rennfahrer
498 5082 53 24 und
568 5078 181 32 Fabrerinnen
769 5077 84 33 gehen
868 5085 34 19 an
921 5077 48 26 den
990 5075 89 30 Start.
1130 5074 16 25 89
1163 5073 65 27 Ver⸗-

309 5115 56 28 eine
387 5118 51 22 aus
458 5115 68 25 allen
547 5113 106 32 Kreiſen
675 5114 44 25 des
740 5112 141 31 Deutichen
903 5109 248 28 Kanu⸗Berbandes
1173 5110 55 37 ent⸗

313 5150 91 31 ſenden
431 5149 53 31 ihre
510 5147 243 32 ausichtareichſten
780 5146 101 32 Fahrer
908 5153 61 24 zum
986 5138 107 49 Kampf
1109 5138 70 49 um,
1190 5142 38 40 die

312 5184 67 31 Ehre
401 5183 53 26 und
475 5191 44 18 um
542 5181 38 28 die
601 5181 242 32 Bronze⸗Plaleite.
882 5179 50 26 Am
954 5177 118 32 ſtärkiten
1095 5179 27 29 iſt
1144 5177 83 31 ſelbit-

311 5218 162 30 verſländlich
503 5216 92 26 Berlin
626 5216 73 31 durch
727 5216 37 25 die
795 5215 88 25 beiden
930 5213 113 27 Lereine
1071 5211 157 39 Kanu⸗Ver⸗

309 5253 125 32 einigung
454 5251 105 30 Keptun
579 5251 48 28 mit
647 5250 28 25 12
696 5252 52 23 und
765 5249 97 25 Vorein
883 5248 45 32 für
946 5247 161 30 Kanuſport,
1126 5245 101 40 rlin.

312 5288 46 25 mit
382 5287 29 24 i
433 5286 160 31 Meldungen
616 5285 139 27 pertreten,
776 5284 99 30 obwohl
896 5283 66 30 dieſe
987 5281 99 32 Zahlen
1108 5280 64 39 nicht
1192 5287 36 18 an

311 5322 47 28 das
378 5319 128 32 Aufgebot
527 5318 188 31 heranreichen,
735 5317 46 26 mit
802 5318 43 25 dor
868 5317 42 26 der
932 5316 92 31 nieſige
1046 5314 182 31 Waſſeriport⸗

310 5354 97 26 Verein
429 5352 276 33 Hanfeai⸗Germania
730 5351 36 27 die
790 5355 45 22 vor
858 5350 103 32 lurzem
982 5349 50 31 auf
1055 5346 43 29 der
1121 5348 106 31 Außen-

310 5390 77 28 alſter
426 5387 192 33 ſlatgefundene
642 5378 92 48 Niede
734 5378 72 48 relbe
813 5397 9 9 ·
825 5382 402 40 Ereismeiſterſchatts
1106 5378 16 48 ·
1122 5378 104 48 Regatta

310 5423 128 32 peſchicte.
479 5423 16 24 5
515 5422 175 30 Hambuͤrger,
713 5421 53 25 und
787 5424 70 27 zwar
880 5419 168 37 Cberaliter.
1062 5417 98 26 Verein
1183 5416 44 32 für

311 5456 177 31 Waſſerſport.
514 5453 285 32 Hanſeat.
644 5446 61 45 Ger
704 5453 95 32 mania.
842 5452 106 26 CCAB.
951 5451 125 31 Victoria,
1102 5450 125 28 Bootliub

311 5492 112 29 Roland,
449 5490 277 29 Alfter⸗-Canoe⸗Club,
753 5488 110 32 Polizei,
889 5487 177 25 Eimsbüttler
1093 5486 134 26 Turnvder-

311 5526 75 29 band.
411 5524 257 30 Waſſerſportrerein
693 5523 145 31 Samburg.
864 5521 182 29 Ublenhoriter
1070 5519 157 40 Kanu-Ver-

309 5562 44 26 ein
371 5560 80 30 haben
470 5560 41 30 ſich
529 5561 26 24 in
574 5559 36 25 die
630 5558 159 31 Potsdamer
809 5556 165 31 Starterliſte
993 5556 135 30 eintragen
1149 5555 77 27 laſſen

312 5595 52 25 und
385 5593 130 30 beteiligen
537 5593 43 30 ſich
602 5600 34 18 an
657 5591 79 31 dieſer
757 5590 108 32 größten
887 5589 217 29 renuſportlichen
1126 5588 100 26 Veran⸗

312 5629 113 32 ſtaltung
445 5628 43 25 des
508 5627 33 26 D.
560 5627 30 25 K.
610 5626 30 28 V.
661 5627 46 25 mit
726 5619 74 46 inzge
805 5625 64 32 famt
889 5623 32 24 80
941 5623 171 32 Meldungen.

588 5685 105 30 Groſer
719 5682 231 30 Germaniapreis.

360 5736 49 29 Die
437 5735 124 28 belannte
589 5734 176 32 norddeutſche
793 5734 154 32 Fernfahrt,
974 5733 43 26 der
1046 5731 88 33 Große
1160 5731 67 27 Ger⸗

313 5772 170 31 maniapreis,
509 5770 79 32 findet
614 5777 43 18 am
684 5769 104 31 Sontag
813 5768 52 29 ibre
891 5769 78 25 dritte
993 5766 122 33 Auflage,
1157 5765 71 26 Aus⸗-

312 5807 88 29 richter'
422 5806 42 26 der
485 5803 81 32 Fahrt
588 5804 28 31 iſt
637 5805 44 24 der
701 5802 57 27 RB.
778 5802 149 26 Germania
950 5806 57 21 vom
1029 5800 62 27 Gau
1112 5800 14 25 4
1147 5800 80 31 Ham⸗-

313 5843 65 30 butg
401 5841 43 24 des
465 5839 31 26 B.
517 5838 32 26 D.
571 5837 39 30 R.
632 5839 43 25 der
697 5837 47 25 das
764 5836 110 26 Rennen
896 5837 44 30 für
961 5836 37 25 die
1020 5834 142 28 Amateure
1183 5834 43 26 des

313 5874 246 26 Landesverbandes
583 5871 144 26 Nordmark
749 5871 209 33 ausgeichrieben
981 5871 52 26 hat.
1074 5870 38 31 Jn
1137 5869 89 32 dieſem

312 5909 85 31 Jahre
412 5907 106 32 beainnt
532 5908 38 25 die
587 5907 81 31 Fahrt
685 5907 27 25 in
729 5905 147 32 Schnelſen,
892 5910 38 20 wo
948 5908 123 28 morgens
1086 5904 15 25 8
1116 5904 53 29 Uhr
1184 5904 43 26 der

315 5944 80 25 Start
408 5943 87 25 exteilt
509 5942 64 26 wird
587 5943 54 25 und
656 5940 75 32 führt
747 5940 61 28 über
823 5937 418 32 Neumüniter
1015 5933 92 44 —Taiel
1106 5937 133 32 -Edern-

316 5977 69 35 förde
406 5977 63 25 und.
478 5975 85 30 Zurüc
580 5975 62 30 nach
660 5972 140 38 Schnelſen
816 5983 31 15 æ
864 5974 50 26 2106
930 5973 70 32 REm,.
1016 5977 39 22 wa
1071 5972 42 28 die
1129 5971 88 34 Sabre

312 6019 82 26 gegen
418 6010 17 28 8
459 6009 53 32 Uhr
535 6009 145 33 eintreifen
704 6008 108 29 konnen.

1557 686 164 88 Der
1781 685 319 110 Freitag
2164 691 139 85 oͤer
2363 686 521 111 Olympiade.

1550 819 75 36 Vaz
1648 820 31 41 iſt
1701 819 52 37 mit
1775 820 156 36 Amerila?

1452 874 51 29 Die
1528 875 159 30 Olympiade
1711 877 44 25 ber
1780 876 248 32 Ueberraſchungen.

1334 923 54 29 Wir
1406 924 82 31 ſtehen
1503 924 93 27 mitten
1611 925 27 26 in
1655 926 43 25 der
1714 926 168 31 olympiſchen
1898 925 95 32 Woche,
2010 929 50 25 und
2077 925 118 27 Amerika

1284 958 44 28 hat
1349 965 59 24 zum
1432 958 123 30 Staunen
1579 959 43 25 der
1642 966 97 25 ganzen
1764 960 68 25 Weit
1856 960 87 30 bisher
1966 960 111 32 lediglich
2099 961 27 27 in
2147 962 48 24 den

1284 992 111 32 Würfen
1422 995 51 23 und
1496 992 147 33 Sprüngen
1666 994 25 31 ſo
1714 993 114 32 ziemlich
1850 993 68 31 ſeine
1941 993 189 32 Vorherrſchaft
2154 994 40 24 be⸗

1282 1026 112 31 haupten
1415 1027 105 29 können,
1539 1026 122 31 während
1681 1027 26 28 in
1727 1028 47 27 den
1794 1027 138 31 tlaſſiſchen
1953 1026 168 32 Laufſtrecken
2141 1026 54 25 kein

1284 1060 109 33 einziger
1420 1060 66 32 Sieg
1512 1068 131 25 errungen
1673 1061 95 26 wurde.
1811 1060 37 26 Es
1874 1060 92 31 beſteht
1992 1062 91 29 zudem
2111 1060 83 30 wenig

1285 1094 122 31 Ausſicht,
1429 1094 51 32 daß
1499 1095 37 27 die
1561 1094 29 26 U.
1614 1094 33 26 S.
1668 1093 30 26 A.
1721 1095 26 27 in
1771 1095 47 26 den
1841 1094 59 30 noch
1922 1094 184 30 ausſtehenden
2129 1093 64 25 Ent—

1283 1128 162 32 ſcheidungen
1465 1129 80 31 große
1568 1128 107 33 Erfolge
1697 1128 93 26 ernten
1812 1127 110 30 werden,
1943 1127 66 27 denn
2031 1126 93 31 ſowohl
2147 1126 47 30 auf

1284 1163 41 24 der
1347 1161 59 26 400.
1412 1161 94 27 Meter⸗
1511 1156 129 44 Strecke,
1640 1163 49 26 wie
1713 1161 25 28 in
1762 1162 46 28 den
1830 1161 88 27 beiden,
1940 1160 120 31 Staffeln,
2085 1160 51 36 und
2158 1160 35 24 im

1285 1195 204 31 Marathonlauf
1527 1196 102 26 werden
1668 1195 32 30 ſie
1740 1193 197 32 unzweifelhaft
1977 1193 133 29 weiterhin
2147 1192 48 30 auf

1282 1228 158 32 granitharte
1460 1228 168 31 Konkuxrenz
1646 1228 96 32 ſtohen,
1760 1228 25 30 ſo
1804 1228 50 31 daß
1867 1230 32 22 es
1919 1226 137 31 tatſächlich
2077 1226 45 36 den
2141 1225 52 24 An⸗

1284 1262 77 32 ſchein
1381 1262 53 31 hat,
1454 1263 44 25 als
1518 1261 71 26 wäre
1611 1262 40 25 bei
1670 1261 42 29 der
1733 1262 50 25 JX.
1805 1260 158 30 Ochmpiade
1982 1259 94 37 endlich
2095 1259 98 37 einmal

1282 1297 54 25 eine
1354 1295 81 30 ernſte
1454 1295 99 31 Breſche
1574 1295 25 27 in
1617 1295 40 26 die
1674 1293 191 31 ameritaniſche
1884 1293 170 32 Erfolgsſerie
2074 1291 120 37 früherer

1281 1327 91 33 Zeiten
1401 1327 142 33 geſchlagen
1574 1328 114 29 worden,
1726 1329 67 24 denn
1824 1327 26 36 ſo
1881 1326 96 31 ſchlecht.
2007 1326 47 25 wie
2064 1320 56 47 die
2134 1320 60 47 mal

1281 1362 112 31 Flegten
1416 1361 38 29 die
1473 1361 115 32 Hänkees
1608 1361 41 25 bei
1669 1361 44 28 den
1733 1359 178 32 Olympiſchen
1934 1359 109 29 Spielen
2064 1358 57 37 noch
2140 1364 54 19 nie⸗

1282 1397 70 24 malz
1373 1395 203 31 abzuſchneiden.
1594 1395 53 25 Die
1667 1393 153 32 zahlreichen
1841 1392 166 31 anweſenden
2029 1386 165 46 Amerxikaner

1282 1429 54 30 ſind
1359 1429 26 27 in
1410 1428 48 27 den
1482 1429 88 31 letzten
1595 1428 93 30 Tagen
1713 1426 152 31 erſtaunlich
1890 1425 65 27 klein,
1981 1428 51 33 und
2053 1424 76 30 ruhig
2153 1431 41 24 ge⸗

1282 1462 110 29 worden,
1413 1462 65 27 denn
1498 1461 48 27 mit
1564 1461 56 26 dem
1640 1461 159 27 Ausbleiben
1815 1460 46 25 des
1881 1459 48 26 mit
1949 1458 188 30 Beſtimmtheit
2155 1464 39 18 er⸗

1281 1496 124 29 warteten
1426 1495 105 30 ſicheren
1555 1497 53 26 und
1628 1493 245 36 durchſchlagenden
1890 1492 123 31 Erfolges
2035 1491 35 37 im
2093 1490 100 30 Laufen

1282 1527 58 33 ſant
1363 1527 41 27 die
1428 1528 157 31 Stimmung
1627 1528 73 30 ſelbſt
1724 1528 44 25 der
1788 1525 176 37 fanatiſchſten.
1989 1524 140 37 Anhänger
2153 1523 41 25 der

1284 1567 84 21 „stars
1392 1562 51 25 and
1468 1561 125 31 Stripes]
1661 1568 32 18 ur
1718 1559 59 31 noch
1801 1566 66 25 ganz
1891 1558 143 37 vereinzelt
2050 1557 58 29 hört,
2132 1562 61 30 man

1284 1595 45 28 den
1357 1592 139 29 belannten
1524 1593 171 30 Schlachtruf,
1723 1593 44 25 der
1795 1591 65 37 dazn
1891 1599 52 19 nur
1971 1595 95 34 menig,
2082 1590 48 30 auf
2158 1589 36 26 die

1282 1628 120 31 Atlelen
1426 1627 172 28 einuwirken
1622 1627 98 31 ſcheint.
1761 1625 134 37 Vorgeitig
1919 1623 167 38 abgekãmbft,
2110 1622 84 31 außer

1281 1660 140 27 Kondition
1438 1660 142 32 pefindlich.
1599 1660 38 31 ja,
1658 1659 160 32 gelegentlich
1838 1659 75 30 ſogar
1935 1656 160 32 gleichmütig
2115 1655 78 30 geben

1282 1694 40 27 die
1342 1693 171 33 gefürchteien
1532 1693 117 33 ankees
1667 1693 28 27 in
1712 1694 49 25 den
1778 1691 98 32 Kampf
1895 1691 48 31 auf
1960 1690 45 26 der
2024 1689 169 32 Aſchenbahn.

1282 1726 98 30 Woran
1400 1733 60 26 mag
1480 1726 48 26 das
1548 1726 102 30 liegen?

1331 1760 145 31 Ebgefehen
1495 1764 50 23 von
1564 1759 135 31 eingelnen
1718 1765 65 24 ganz
1800 1757 97 32 großen
1917 1757 97 25 Leuten
2032 1756 45 30 hat
2096 1758 29 35 es
2146 1753 48 26 den

1283 1793 127 31 Anſchein.
1452 1793 42 26 ais
1516 1792 112 31 ſümmie
1653 1791 32 27 da
1712 1791 170 31 irgendetwas
1908 1789 76 38 nicht.
1997 1796 66 24 ganz
2075 1789 52 37 pei
2151 1788 43 25 der

1282 1825 209 32 amerilaniſchen
1525 1824 176 32 Mannſchaft,
1734 1825 65 25 denn
1831 1822 273 30 merkwürdigerweife
2138 1825 56 32 ver⸗

1283 1859 75 31 fagen
1377 1860 39 26 die
1436 1857 167 28 Amerikaner
1623 1865 60 24 zum
1705 1857 58 27 Deil
1783 1857 75 31 ſogar
1879 1856 26 28 in
1927 1855 209 37 Konkurxenzen,
2156 1853 39 39 die

1282 1892 79 31 ihnen
1384 1891 138 32 veſonders
1541 1890 84 33 liegen
1648 1891 119 31 müzten.
1806 1890 41 25 So
1868 1889 37 25 im
1927 1889 81 31 freien
2028 1887 166 31 Rinakampf,

1284 1925 42 29 der
1346 1925 100 31 ſpeziell
1464 1925 49 30 auf
1534 1923 110 33 Wunſch
1663 1924 44 25 der
1728 1922 167 28 Amerikaner
1918 1922 27 28 in
1965 1922 48 25 das,
2034 1921 160 37 Broaramm

1282 1959 202 31 aufgenommen
1506 1956 94 28 wurde.
1637 1956 63 31 Hier
1719 1957 156 30 unterlagen
1895 1955 40 27 die
1955 1953 112 31 Nanlees
2085 1962 26 18 in
2130 1953 64 31 ſechs

1282 1995 49 24 vor
1354 1991 82 31 ſieben
1456 1990 205 29 Konkurrenzen
1682 1998 80 23 gegen
1785 1990 36 28 die
1844 1988 178 26 Nordländer!
2063 1986 66 26 Was
2150 1986 45 30 ſoll

1283 2032 61 22 man
1365 2024 86 25 weiter
1471 2024 83 27 davon
1572 2024 96 28 balten,
1687 2026 75 24 wenn
1781 2023 41 27 ein
1841 2021 87 28 Mann
1949 2021 46 27 wie
2015 2020 78 26 Llond
2110 2020 85 30 Hahn,

1282 2059 45 25 der
1353 2057 49 28 alle
1416 2049 203 45 Mittelſtrecken
1630 2049 174 45 Soffnungen
1831 2055 85 29 ſeiner
1941 2053 159 27 Landzleute
2126 2053 69 37 trug.

1282 2092 36 26 im
1340 2081 72 47 1806.
1419 2081 94 47 Meter⸗
1516 2089 116 30 Vorlauf
1652 2089 26 29 in
1699 2088 193 31 ausſichtsloſer
1912 2087 68 29 Lage
2000 2087 84 37 binter,
2102 2085 93 38 Böcher

1283 2124 38 25 bei
1345 2124 63 24 1u0
1428 2123 87 29 Meter
1535 2122 98 31 einfach
1653 2122 117 32 cifgab?.
1807 2121 86 27 Wenn
1913 2121 47 30 auf
1977 2120 87 26 beiden
2085 2118 110 38 Eprint⸗

1283 2155 52 26 und
1352 2155 210 32 Sürdenſtrecken
1578 2156 38 26 die
1632 2156 82 28 beſten
1730 2154 85 32 Blätze
1832 2164 32 18 an
1880 2155 93 25 andere
1989 2153 102 29 Gegner
2107 2152 89 30 fielen,

1283 2189 192 31 Sportaebiete.
1492 2188 39 31 die
1550 2189 65 32 ſonſt
1632 2189 39 27 die
1690 2188 161 32 ureigenſten
1869 2186 141 27 Domänen
2031 2187 43 25 der
2093 2185 102 27 Ameri⸗

1283 2222 75 27 kaner
1378 2222 104 27 waren?

1332 2255 89 31 Bahn,
1437 2255 54 26 und
1504 2254 266 31 Wetterverhältniſfe
1783 2253 93 29 dürfen
1892 2251 67 29 keine
1977 2251 218 32 Entſchuldigung

1283 2288 93 28 bieien,
1402 2289 30 25 da
1458 2288 50 26 alle
1532 2287 126 31 Kämpfer
1684 2286 166 31 aleichmäßig
1876 2286 123 25 darunter
2025 2286 89 26 leiden.
2157 2284 38 25 Es

1283 2321 90 30 ſcheint
1394 2321 134 29 vielmehr.
1549 2320 48 32 daß
1620 2328 62 19 man
1703 2320 95 26 drüben
1820 2320 123 29 Europas
1960 2318 177 27 Streitmacht,
2158 2317 37 30 ſo-

1283 2355 48 25 wie
1347 2354 39 27 die
1403 2354 44 27 der
1460 2353 139 32 engliſchen
1617 2353 126 28 Kolonien
1763 2352 120 30 erheblich
1902 2351 159 31 unterſchätzt
2079 2351 44 26 hat
2143 2350 52 26 und

1283 2387 129 26 nunmehr
1440 2387 68 25 beim
1535 2387 147 30 Vorfinden
1708 2386 159 26 unerwartet
1895 2385 80 28 zäben
2002 2384 192 29 Wideritandes

1283 2419 140 31 überraicht
1444 2420 51 26 und
1517 2420 120 30 teilweiſe
1659 2420 120 26 entnervt
1799 2419 36 29 iſt.
1875 2418 144 30 Beſonders
2040 2419 39 26 die
2100 2418 95 26 letztere

1283 2453 120 30 Tatſache
1441 2453 57 26 tritt
1519 2453 40 25 bei
1578 2452 70 31 jeder
1669 2452 166 28 Konkurrenz
1873 2451 92 26 immer
1985 2451 92 25 wieder
2100 2450 26 28 in
2146 2450 48 25 Er—

1283 2486 138 29 ſcheinung.
1441 2485 55 31 doch
1514 2485 104 28 merden
1635 2485 60 29 auch
1715 2485 134 29 zahlreiche
1869 2485 91 27 andere
1979 2483 149 29 Tavoriten,
2148 2483 46 25 wie

1285 2518 71 26 Sera
1377 2518 113 30 Martin,
1512 2518 280 30 Weiahtman⸗Smitb.
1813 2518 117 28 Paulus.
1950 2517 162 31 Hoffmeiſter
2133 2517 62 25 uſw.

1283 2552 80 28 davon
1379 2552 137 30 betroffen.
1533 2551 122 27 während
1671 2551 171 27 andererſeits
1858 2551 55 25 unb
1919 2546 97 40 kannte
2034 2551 51 24 und
2102 2550 92 26 vorher

1284 2585 109 31 weniger
1414 2584 122 28 beachteie
1560 2584 79 26 Leute
1663 2585 46 29 wie
1735 2584 142 26 Williams,
1900 2583 129 30 Atkinſon,
2052 2583 142 31 Rangeley,

1284 2617 103 27 London
1409 2618 52 25 und
1480 2617 137 26 Lammerz
1639 2625 32 19 zu
1691 2617 97 31 aroſen
1810 2617 126 29 Erfohhen
1957 2617 146 30 gelanaten
2139 2616 55 36 Der

1283 2650 235 32 Ueberraſchungen
1540 2650 29 28 iſt
1586 2651 129 25 beĩtimmt
1736 2650 57 28 noch
1809 2649 54 27 kein
1882 2650 83 27 Ende:
1986 2654 52 20 wer
2053 2649 73 28 weiß.
2147 2653 46 20 mie

1284 2685 43 24 der
1353 2683 78 31 aroße
1457 2683 159 32 Zweikampf
1642 2682 263 33 Finnland⸗Amerika
1947 2684 26 26 in
2014 2682 44 26 der
2085 2681 109 32 Athletit

1284 2716 123 33 ausgeht!

1376 2778 149 45 Kanada,
1548 2778 45 39 die
1615 2779 159 43 Senſation
1799 2780 49 36 der
1870 2782 29 33 9.
1915 2754 179 73 Olomplade.

1333 2838 37 26 Es
1383 2839 43 32 hai
1441 2839 43 30 ſich
1499 2840 36 25 im
1551 2838 124 30 Berlaufe
1691 2839 44 28 der
1752 2838 94 31 olympi
1851 2833 65 42 ſchen
1933 2838 109 31 Nämpfe
2058 2840 40 26 ein
2116 2837 78 29 inter⸗

1284 2872 110 29 eſſanies
1412 2872 79 27 Duell
1509 2873 115 32 zwiſchen
1643 2871 127 32 Amerika,
1788 2873 58 27 oder
1864 2873 77 26 beſſer
1959 2874 47 24 den
2025 2872 168 29 Vereinigten

1285 2906 113 28 Staaten
1420 2907 141 30 einerſeits,
1599 2908 49 27 wie
1671 2907 121 29 Gngland
1814 2906 48 25 mit
1884 2906 125 26 Kolonien
2031 2905 163 27 andrerſeits,

1283 2939 141 27 entwickeli.
1464 2940 52 27 Die
1557 2940 262 32 Zuſammenkaſſung
1843 2939 135 30 Englands
2020 2940 47 28 mit
2107 2939 86 29 ſeinen

1283 2974 125 32 Kolonien
1422 2974 118 31 erſcheint
1556 2977 36 26 im
1610 2974 128 31 Vergleich
1755 2982 30 23 zu
1802 2975 47 27 den
1866 2973 29 25 U.
1911 2973 32 26 S.
1960 2972 29 26 A.
2004 2974 43 24 als
2063 2972 130 31 ſelbſtver,

1285 3007 116 30 ſtändlich
1419 3007 51 27 und
1490 3007 161 32 zweckmäßig
1681 3008 66 26 denn
1769 3006 117 27 Amerika
1906 3007 52 30 ſetzt
1978 3007 43 29 ſich
2040 3006 154 30 belanntlich

1283 3041 146 31 binſichtlich
1443 3041 85 32 ſeiner
1547 3040 269 33 Athletikmannſchaft
1832 3041 126 32 ebenfalls
1975 3046 53 21 aus
2045 3039 149 32 zahlreichen

1284 3074 188 31 Eingelſtaaten
1487 3074 160 33 zuſammen.

1333 3113 48 28 Bei
1402 3114 43 26 der
1464 3114 149 32 bisherigen
1635 3115 160 33 Bewertung
1814 3113 43 27 der
1878 3114 104 32 Erfolge
2005 3113 62 29 ſtellt
2090 3112 42 31 ſich
2154 3113 39 26 die

1285 3146 223 29 bemerkenswerte
1523 3147 120 30 Talſache
1658 3149 106 28 heraus,
1779 3148 50 31 daß
1843 3149 46 24 das
1907 3147 117 32 engliſche
2039 3147 157 27 Dominium

1285 3180 119 31 erheblich
1420 3180 77 31 beſier
1514 3183 35 24 im
1570 3180 255 31 Geſamttlaſſeinent
1859 3181 182 30 abgeſchniiten
2077 3181 42 26 hat
2153 3180 43 26 als

1285 3212 127 30 Amerita,
1436 3213 64 29 denn
1522 3214 40 25 die
1573 3213 138 31 Mehrzahl
1722 3215 44 24 der
1775 3221 160 24 errungenen
1946 3214 78 30 erſien
2036 3213 84 30 Plätze
2131 3218 65 20 wur⸗

1285 3246 47 29 den
1366 3251 48 22 von
1432 3245 169 33 Engländern
1635 3248 59 25 oder
1726 3247 150 27 Vertretern
1912 3247 80 31 ſeiner
2010 3246 127 27 Kolonien
2155 3253 42 24 ge⸗

1285 3284 118 22 wonnen.
1439 3280 36 25 Es
1496 3287 62 25 mag
1576 3280 63 30 ſein,
1676 3280 51 32 daß
1746 3279 118 28 Amerika
1884 3288 43 17 am
1950 3280 70 26 Ende
2040 3281 43 25 der
2103 3279 91 31 Spiele

1284 3317 81 24 eiwas
1386 3312 128 33 günſtiger
1549 3314 42 26 als
1631 3313 79 32 dieſer
1731 3314 73 30 harte
1826 3314 94 25 Rivale
1943 3313 157 31 abſckneiden
2124 3313 70 27 wird.

1284 3346 148 31 Jmmerbin
1445 3346 100 31 beweiſt
1558 3346 40 29 die
1613 3347 159 32 Möglichkeit
1787 3348 70 28 einer
1871 3347 95 32 ſolchen
1981 3347 127 28 Rivalitat
2124 3347 73 27 über-

1284 3380 78 31 haubt
1378 3380 71 31 ſchon
1464 3381 51 26 den
1533 3380 93 27 immer
1645 3380 60 31 noch
1720 3381 81 31 hohen
1820 3380 89 27 Stand
1927 3380 130 31 enaliſcher
2076 3380 117 31 Athletik.

1332 3416 119 33 Kanada,
1465 3418 41 27 die
1523 3417 141 31 Senſation
1681 3418 43 28 der
1739 3418 23 26 9.
1778 3417 163 32 Olympiade,
1958 3417 77 29 itellte
2051 3417 42 26 ein
2105 3418 90 31 großes

1283 3445 60 42 Eont
1349 3450 96 30 ingent
1464 3450 175 33 erfolgreicher
1661 3451 135 31 engliſcher
1807 3451 127 30 Athieten,
1956 3452 65 26 denn
2042 3452 77 27 neben
2139 3452 58 25 dem

1285 3481 177 33 Doppelſieger
1479 3485 37 24 im
1533 3483 106 31 Sprint.
1678 3483 140 29 Williams,
1854 3485 43 31 ſah
1917 3491 61 20 man
1999 3486 59 30 auch
2077 3485 28 25 in
2124 3484 70 25 allen

1284 3515 111 29 anderen
1412 3515 206 31 Wetibewerben
1634 3517 151 32 vorzügliche
1804 3517 137 29 lanadiſche
1960 3518 109 28 Könner,
2086 3520 42 26 ein
2146 3517 50 27 Be⸗

1284 3550 63 25 weid
1363 3550 43 30 jür
1421 3550 37 27 die
1474 3550 159 32 erfolgreiche
1648 3550 137 34 Echuluns
1798 3552 71 30 durch
1883 3551 113 25 Trainer
2011 3551 96 28 Robert
2123 3554 72 28 Kerr.

1283 3584 47 25 den
1341 3579 47 42 200
1391 3583 210 33 Meter⸗Sieger
1623 3589 49 20 von
1684 3585 104 26 London
1801 3585 69 24 1908.
1895 3585 54 26 Alle
1960 3585 131 25 Kanadier
2102 3585 93 30 laufen

1285 3618 73 27 einen
1380 3616 194 32 zwedmäzzigen
1594 3618 55 27 und
1668 3618 135 29 innerbalb
1825 3618 41 31 der
1887 3619 131 29 einzelnen
2040 3619 154 28 Kategorien

1284 3650 173 32 einheitlichen
1477 3651 65 26 Stil.
1580 3651 132 29 Williams
1735 3654 41 25 als
1796 3651 78 30 beſter
1897 3651 119 31 Sprinter
2037 3652 43 26 der
2102 3652 92 30 Olym—

1284 3684 73 30 piade
1376 3685 79 31 pflegt
1473 3688 58 22 vom
1551 3685 81 26 Start
1670 3685 41 26 bis
1749 3690 42 21 ins
1814 3685 55 30 Ziel
1906 3687 75 25 unter
2002 3686 192 30 Beibekaltung

1283 3717 111 30 reinſten
1417 3717 155 31 Kampfſtils
1594 3725 32 23 zu
1650 3718 99 32 laufen.
1774 3718 117 28 während
1918 3718 66 29 ſeine
2007 3718 103 32 Gegner
2134 3720 61 24 viel—

1285 3750 52 37 jach
1354 3750 192 31 verkrampften.
1585 3751 166 33 Stilreinheit
1772 3753 29 32 ift
1819 3755 29 26 in
1869 3752 76 31 erſter
1966 3752 72 28 Linie
2059 3753 37 25 die
2117 3753 77 30 Baſis

1285 3784 80 32 ſeiner
1381 3784 157 33 glänzenden
1555 3785 112 33 Erfolge.

1469 3850 92 46 Ein
1583 3850 174 37 Welttrelord
1780 3850 52 37 mit
1852 3850 120 41 vumor.

1329 3909 56 27 Der
1423 3908 96 33 famoſe
1559 3909 207 33 ſüdafrikaniſche
1806 3910 192 29 Bürdenläuier
2024 3911 174 29 Weigbtman⸗

1284 3941 89 29 Smith
1390 3943 112 30 erreichte
1535 3943 155 30 belanntlich
1706 3943 35 27 im
1760 3943 186 32 Zwiſchenlauf
1964 3945 62 26 über
2046 3944 45 25 110
2109 3948 86 25 Me.er

1284 3977 46 27 mit
1346 3977 59 29 14.6
1416 3977 59 27 Set.
1490 3975 214 35 Weltretordzeit.
1737 3977 36 28 Er
1788 3978 64 32 ging
1867 3980 71 25 dabei
1954 3979 46 26 mit
2018 3977 87 33 ſolcher
2116 3979 78 31 Fahrt

1282 4009 91 28 durchs
1393 4009 65 32 Ziel,
1474 4010 49 32 daß
1543 4018 28 20 er
1590 4011 47 30 faſt
1658 4011 74 28 einen
1752 4011 81 26 Saito
1854 4012 94 30 machte
1971 4013 52 24 und
2033 4011 25 28 in
2069 4012 126 32 Richtung

1282 4042 43 38 der
1342 4043 86 30 hinter
1448 4044 52 26 ihm
1521 4044 207 28 einlommenden
1748 4044 174 32 geſchlagenen
1944 4044 195 26 Ronturtenten
2160 4053 32 23 au

1282 4075 68 41 ſitzen
1367 4076 62 26 kam.
1445 4076 50 32 Jm
1512 4076 113 31 nächiten
1638 4077 123 26 Moment
1778 4078 53 26 fam
1850 4082 43 23 der
1911 4078 125 32 Franzoſe
2053 4078 139 32 Marchand

1282 4118 27 19 in
1330 4110 126 37 ähnlicher
1478 4109 156 33 Verfaſſung.
1654 4111 144 29 angeſauſt.
1838 4113 79 29 verlor
1940 4112 37 25 die
1997 4113 119 27 Balance
2141 4113 51 25 und

1282 4143 100 28 landete
1398 4142 106 31 Viſavis
1521 4148 48 27 von
1590 4144 276 32 Weightman-⸗Smith,
1884 4146 43 29 inn
1946 4147 47 26 mit
2013 4145 179 32 erſchrockenen

1282 4171 90 47 Augen
1392 4177 158 30 anſtarrend,
1567 4180 42 25 als
1629 4186 25 20 er
1671 4185 84 25 genau
1773 4180 48 25 wie
1842 4179 77 30 dieſer
1938 4180 46 28 mit
2001 4180 191 31 ausgeſtreckten

1283 4209 99 29 Beinen
1400 4213 48 29 auf
1467 4211 44 28 der
1532 4211 65 28 Erde
1617 4211 109 27 landete.
1762 4211 51 27 Die
1834 4213 149 27 erſtaunten
2004 4213 125 29 Geſichter
2150 4215 41 26 der

1283 4243 84 29 beiden
1389 4243 110 32 Sürdler
1517 4248 88 25 waren
1626 4245 140 31 urkomiſch.
1800 4247 44 24 als
1866 4246 32 29 ſie
1919 4246 43 31 ſich
1983 4246 23 31 ſo
2026 4249 165 25 unvermutet

1280 4277 144 31 gegenüber
1446 4277 87 33 iaßen,
1555 4278 50 34 daß
1627 4280 47 24 das
1698 4280 115 28 Siadion
1836 4281 26 25 in
1887 4279 149 32 ſchallendes
2059 4280 132 32 Gelächter

1282 4310 128 32 ausbrach.

1545 4359 34 37 l.
1591 4360 61 42 ſere
1674 4359 263 43 Schwerathleten!

1331 4416 53 28 Vor
1403 4420 40 28 der
1462 4418 156 31 Olympiade
1637 4419 86 27 wurde
1741 4423 48 30 auf
1808 4423 119 25 mancken
1948 4421 197 32 Sportgebieten
2166 4423 26 26 in

1282 4450 168 34 Deutſchland
1466 4454 49 26 viel
1533 4452 108 32 weſens
1657 4458 48 26 von
1724 4454 96 32 großen
1838 4454 283 33 Oiympiahoffnuͤngen
2142 4456 52 26 und

1282 4485 67 30 allzu
1371 4486 50 26 biel
1443 4485 124 27 Tamtam
1588 4487 62 25 über
1673 4487 153 31 Leiftungen
1850 4489 137 30 gemacht.
2006 4490 93 30 Wenig
2122 4490 69 28 hörte

1283 4525 65 32 man
1363 4526 51 21 nur
1433 4525 49 21 von
1518 4520 48 28 den
1586 4520 128 31 deutjchen
1735 4521 222 34 Schwergibleten,
1976 4525 39 25 die
2035 4523 37 26 im
2094 4523 98 26 Stillen

1283 4552 145 25 arbeiteten.
1464 4552 77 32 Dieſe
1561 4554 62 30 ſtille
1645 4554 87 25 Arbeit
1769 4556 42 29 hat
1834 4555 81 31 ſchöne
1936 4557 103 31 Fruͤchte
2059 4559 133 30 getragen,

1283 4585 65 39 denn
1385 4589 61 28 zwei
1466 4586 208 30 Goldmedaillen
1711 4590 53 25 und
1802 4590 57 26 eine
1879 4591 127 29 prongene,
2028 4591 100 25 machen“
2152 4593 42 24 der

1284 4618 109 28 lleinen
1400 4618 185 34 Kampftruppe
1605 4621 77 32 große
1705 4622 75 32 Ehre,
1802 4623 47 26 wie
1871 4623 32 29 ſie
1925 4624 61 29 auch
2005 4624 188 32 Deutfchands

1283 4651 124 34 Stellung
1444 4655 34 26 im
1517 4654 250 31 Geſamitpläcement'
1805 4656 118 30 erhebiich,
1960 4656 102 30 frätſen.
2100 4657 94 33 Manch

1282 4686 109 28 anderer
1410 4687 126 31 Sportart
1553 4695 48 25 zur
1620 4688 182 34 Nachahmung
1821 4689 155 33 empfohlen!

1534 4751 59 38 Die
1615 4752 138 43 höflichen
1775 4753 168 43 Franzoſen.

1292 4811 99 38 Daß
1417 4810 39 28 die
1484 4810 141 31 olländer
1652 4813 135 30 ſonderlich
1814 4814 215 32 liebenswũrdige
2056 4806 92 45 Gaſtge
2148 4806 49 45 ber

1282 4843 60 31 ſind,
1363 4844 67 27 kann
1447 4845 124 26 niemand
1589 4846 153 31 behaupten.
1778 4847 193 33 Jnsbeſondere
1990 4851 47 24 wir
2055 4845 142 41 Deuiſchen

1284 4878 90 30 ſpüren
1400 4879 81 30 dieſen
1507 4878 112 33 Mangel
1643 4881 92 26 immer
1743 4874 61 46 wie
1805 4874 55 46 der.
1900 4883 123 32 Dagegen
2048 4885 27 29 iſt
2098 4885 99 31 fpeziell

1283 4912 45 26 das
1347 4912 157 31 Verhältnis
1524 4915 117 30 zwiſchen
1663 4916 46 25 deu
1732 4916 126 30 deutſchen
1881 4919 52 23 und
1954 4918 40 26 der
2015 4919 182 31 franzöfiſchen

1282 4941 164 49 Naunſchaft
1475 4948 224 31 außzerordentlich
1729 4950 216 32 freundichaftlich
1972 4955 53 24 und
2052 4955 62 26 nett,
2141 4954 55 25 eine

1282 4980 127 32 Tatſache,
1430 4983 37 28 die
1488 4984 26 24 in
1534 4983 82 30 erjter
1636 4983 73 27 Linie
1730 4986 47 28 auf
1798 4985 37 25 die
1856 4986 66 25 beim
1942 4986 165 32 vorjährigen
2130 4987 67 26 Län⸗

1266 5010 145 48 derkampf
1429 5017 25 25 in
1474 5016 83 30 Varis
1576 5017 160 32 geſchloſſene
1756 5018 205 33 Kameradſchaft
1980 5021 217 30 zurüczuführen

1283 5050 35 29 iſt.
1354 5049 77 27 Dieſe
1452 5049 185 34 Freundſchaft
1658 5053 28 29 ift
1707 5053 106 30 wirklich
1834 5053 135 33 aufrichtig
1990 5055 53 25 und
2063 5056 64 24 wird
2149 5060 48 22 von

1283 5083 85 38 beiden
1390 5083 93 28 Seiten
1502 5084 119 32 genährt.
1640 5086 25 29 ſo
1684 5086 49 31 daß
1752 5087 49 25 alle
1819 5086 134 32 Gerüchie,
1974 5088 36 27 die
2029 5090 47 28 das
2096 5089 101 32 Gegen⸗

1282 5119 43 25 teil
1343 5117 154 32 behaupten,
1515 5119 66 32 glatt
1597 5120 131 30 erfunden
1747 5120 61 31 ſind.

1330 5159 60 28 Den
1416 5162 82 29 beiten
1526 5161 103 27 Beweis
1654 5162 45 30 für
1726 5163 54 26 dies
1806 5164 97 30 famoſe
1930 5163 154 29 Verhältnis
2112 5165 85 31 dürfte

1283 5194 64 31 wohl
1371 5195 37 26 die
1433 5196 75 37 laum
1530 5196 139 31 allgemein
1694 5196 123 27 belanten
1841 5198 119 32 Tatſache
1983 5200 142 29 daritellen,
2149 5200 49 32 daß

1283 5228 41 27 Nx
1354 5229 163 32 franzöſiſche
1545 5224 244 45 Leichtaihletikve
1789 5233 77 24 rband
1896 5232 37 25 die
1978 5241 80 23 ganze
2087 5233 111 32 deutſche

1283 5261 163 33 Mannſchaft
1466 5272 33 25 zu
1519 5265 85 26 einem
1625 5265 73 28 Eiſen
1720 5265 150 33 eingeladen
1891 5266 52 30 hat,
1963 5266 46 26 das
2029 5268 27 25 in
2077 5268 54 30 ſehr
2151 5275 47 17 au⸗

1284 5296 139 30 genehmen
1453 5298 54 25 und
1536 5297 251 33 freundſchaftlichen
1817 5299 110 29 Bahnen
1957 5301 91 32 verlief
2079 5303 53 24 und
2161 5302 38 26 die

1282 5333 79 37 auten
1382 5331 147 31 jportlichen
1547 5331 184 34 Beziehungen
1752 5334 42 26 der
1813 5333 88 29 beiden
1922 5333 208 32 Nachbarländer
2151 5343 47 18 un

1282 5372 100 25 gemein
1405 5365 119 28 fürderte.
1564 5367 68 30 Auch
1653 5367 35 27 im
1709 5367 98 32 Kampf
1829 5369 84 28 jtellen
1937 5369 37 25 die
1997 5368 131 31 Franzſen
2151 5370 47 25 all.

1282 5401 100 30 gemein
1404 5400 73 30 ihren
1500 5399 88 29 Mann
1610 5401 53 27 und
1683 5403 98 31 zeigten
1803 5402 212 32 beachtensmerte
2037 5403 162 33 Leiftungen,

1283 5438 74 21 wenn
1379 5435 59 30 auch
1461 5434 72 27 Sera
1555 5434 106 28 Martin
1684 5438 164 31 gelegentlich
1870 5437 161 32 enttäuſchie.

1601 5500 122 37 Rurmis
1744 5500 137 43 Keinfall.

1301 5558 98 38 Eins
1419 5559 58 30 ſteht
1497 5559 53 31 feſt.
1569 5559 97 27 Rurmi
1686 5561 29 29 iſt
1734 5561 60 30 auch
1815 5561 110 26 diesmal
1946 5562 91 26 wieder
2058 5562 140 31 unbedingt

1284 5591 36 27 die
1346 5594 168 29 markanteſte
1539 5596 53 24 und
1615 5602 43 18 am
1683 5595 104 30 meiſten
1813 5596 121 30 beachtete
1960 5596 172 31 Erſcheinung
2156 5597 42 25 der

1284 5627 175 31 Olnmpiſchen
1480 5628 99 30 Spiele.
1615 5627 127 31 Ueberall,
1763 5635 38 19 wo
1821 5630 43 25 der
1885 5630 132 31 berühmie
2036 5630 84 31 Finne
2139 5631 59 29 auf.

1284 5662 64 35 tritt,
1368 5662 28 28 iſt
1415 5670 29 17 er
1465 5664 42 24 der
1528 5662 165 31 Gegenſtand
1714 5664 189 31 unverhotener
1924 5664 202 33 Bewunderung
2148 5667 52 23 und

1284 5695 163 32 neugieriger
1472 5695 182 33 Betrachtung.
1695 5696 84 27 Wenn
1803 5705 30 18 er
1858 5705 50 19 nur
1934 5698 45 26 den
2005 5698 59 32 Fuß
2089 5699 47 30 auͤf
2161 5699 36 25 die

1283 5729 84 32 Vahn
1384 5730 61 28 fetzt,
1468 5730 26 29 ſa
1519 5731 101 26 umtobt
1645 5732 43 29 ihn
1715 5731 156 32 ſtürmiſcher
1894 5731 81 32 Jubel
2001 5732 92 32 fowohl
2116 5733 83 30 ſeinet

1285 5764 53 32 ſehr
1359 5763 123 32 gahlreich
1503 5765 168 29 anweſenden
1695 5765 160 27 Landsleuie
1876 5767 46 25 wie
1945 5767 59 30 auch
2026 5768 42 25 des
2090 5766 108 32 übrigen

1284 5796 163 32 Vublikums.
1491 5798 54 27 Alle
1572 5797 123 33 Märchen
1721 5799 63 27 über
1810 5799 85 32 ſeinen
1921 5801 160 32 angeblichen
2107 5799 92 30 Form.

1285 5831 122 33 rückgang
1436 5832 54 28 ſind
1519 5831 112 33 Unſinn;
1664 5831 142 29 Nurmihat
1836 5834 122 29 vielmehr
1991 5834 66 31 ſeine
2088 5834 107 30 Pariſer

1285 5866 78 30 Form
1387 5866 165 33 anſcheinend
1576 5868 75 30 ſogar
1674 5868 58 32 noch
1755 5867 149 30 überboten.
1928 5873 55 21 was
2007 5869 68 30 jchon
2100 5870 99 24 darau?

1283 5901 157 32 hervorgeht,
1467 5901 51 32 daß
1544 5908 28 20 er
1599 5902 91 26 Ritola
1715 5903 64 26 über
1806 5903 82 31 deiſen
1917 5897 127 42 Spegialit
2049 5897 74 42 recde
2135 5904 63 25 über

1286 5936 28 25 10
1340 5936 58 33 Km.
1423 5937 28 33 in
1478 5936 175 33 Olympiſcher
1680 5937 150 32 Relordzeit
1855 5938 178 31 abaufertigen
2060 5938 138 30 vermochte

1284 5970 53 30 und
1353 5970 60 31 auch
1432 5970 96 30 ſeinem
1546 5978 101 25 ganzen
1667 5970 134 32 Ausſehen
1820 5972 54 26 und
1892 5971 120 35 Eindruck
2030 5972 61 30 nach
2107 5973 45 25 als
2171 5973 28 25 in

1282 6005 80 32 beiter
1380 6005 142 28 Kondition
1538 6006 134 33 befiwlich
1691 6004 117 35 erſchien.

2299 822 51 27 Die
2368 817 76 44 8000.
2447 821 330 33 Meter⸗Sindernisſtrede
2796 824 88 31 ſcheint
2900 832 29 19 er
2948 826 62 25 aber
3029 825 64 31 nicht
3111 826 57 31 ſon⸗

2252 857 89 31 derlich
2361 864 32 23 zu
2415 856 93 28 lieben.
2528 857 47 26 wie
2596 857 31 29 ſie
2648 858 60 30 auch
2728 857 91 27 Ritola
2839 858 63 31 nicht
2922 859 54 31 ſehr
2997 860 84 31 gefiel.
3118 860 49 25 Be⸗

2251 891 106 30 ſonders
2380 891 43 25 der
2446 890 198 32 Waſſergraben
2667 893 48 28 mit
2738 893 203 31 davorgebauter
2962 894 90 30 Hürde
3075 895 92 29 machte

2252 925 50 31 ihm
2326 924 68 29 ſchon
2419 929 45 20 vor
2490 925 55 25 dem
2568 926 80 26 Start
2672 926 35 25 im
2731 926 114 32 Vorlauf
2866 927 225 31 Kopfzerbrechen,
3115 930 53 24 und

2248 967 30 18 er
2302 958 128 29 probierte
2455 959 116 31 zunächit
2596 960 136 31 vorſichtig,
2756 962 47 24 wie
2825 969 30 18 er
2879 969 43 18 am
2947 962 83 30 beſten
3055 962 113 26 darüber

2250 988 165 39 hinwegkam.
2484 992 49 29 Jm
2560 993 111 27 Rennen
2699 995 71 30 ſelbit
2796 996 92 27 erlebte
2917 996 69 25 dann
3015 999 43 22 der
3082 997 84 29 ernſte

2250 1025 96 26 Nurm
2368 1026 69 29 ſchon
2459 1028 66 25 beim
2547 1029 81 27 erſten
2651 1027 115 31 Nehmen
2790 1030 80 30 dieſes
2891 1029 179 31 Hinderniſſes
3089 1032 77 24 einen

2251 1060 147 30 „Reinfall“
2431 1062 36 24 im
2497 1062 124 29 wahrſten
2653 1062 87 26 Sinne
2770 1063 44 26 des
2844 1063 112 28 Wortes,
2986 1064 24 30 ſo
3040 1064 50 32 daß
3119 1065 47 24 das

2250 1101 80 24 ganze
2352 1094 114 28 Stadion
2488 1099 46 22 vor
2554 1097 86 25 lauter
2662 1096 94 30 Lachen
2777 1098 27 25 in
2823 1098 86 28 ſeinen
2931 1097 176 32 Grundfeiten
3128 1106 38 19 er⸗

2249 1130 109 29 zitterte.
2400 1129 50 25 Am
2475 1129 108 28 Graben
2610 1131 151 31 angelangt,
2784 1132 84 26 wollte
2893 1130 95 27 Nurmi
3013 1133 91 24 mitten
3131 1133 34 25 im

2250 1162 111 30 Gewühl
2384 1163 41 25 der
2447 1162 200 28 Konkurrenten
2668 1166 27 24 in
2716 1164 73 31 Ruhe
2812 1165 63 26 über
2896 1166 37 27 die
2955 1166 88 27 Hürde
3065 1166 101 32 ſteigen.

2251 1197 91 25 Ertrat
2366 1197 48 29 auf
2436 1196 37 26 die
2496 1196 98 30 Hürde.
2617 1199 87 26 wurde
2727 1203 49 22 von
2799 1199 82 25 einem
2904 1199 198 26 Konkurrenten
3126 1202 41 24 be-

2250 1230 75 31 rührt
2348 1233 53 23 und
2421 1233 87 24 verlor
2528 1232 36 26 im
2589 1233 82 29 ſelben
2695 1233 148 31 Augenblick
2864 1234 38 27 die
2923 1233 125 30 Balance,
3070 1234 26 32 ſo
3117 1235 50 31 datz

2248 1272 29 19 er
2300 1265 46 24 mit
2368 1261 197 45 ausgeſtredten
2588 1266 97 26 Armen
2709 1268 51 25 und
2782 1267 99 26 Beinen
2904 1268 125 30 rücklings
3051 1269 66 30 platt
3140 1270 25 25 in

2250 1299 46 28 den
2318 1298 198 31 Waſſergraben
2538 1300 106 31 ſtürzte!
2684 1301 51 26 Ein
2753 1302 165 31 homeriſches
2939 1301 134 31 Gelächter
3094 1303 73 31 brach

2250 1333 49 29 los,
2325 1333 43 24 als
2392 1331 44 27 der
2460 1333 146 31 pudelnaſſe
2631 1334 241 34 Weltrelordmann
2896 1337 58 26 eine
2978 1344 81 23 ganze
3083 1336 83 26 Weil

2250 1367 85 31 ſpäter
2355 1367 47 26 mit
2421 1375 48 24 eng
2490 1377 42 17 am
2553 1368 74 27 Leibe
2647 1370 135 25 klebenden
2802 1369 122 27 Kleidern
2944 1371 54 25 und
3017 1372 149 29 verſtörtem

2249 1402 97 31 Geſicht
2372 1402 55 24 dem
2452 1402 203 32 unfreiwilligen
2681 1403 203 30 Schwimmbade
2908 1405 104 30 entitieg
3038 1406 52 24 und
3116 1405 51 31 ſich,

2250 1437 57 30 noch
2327 1443 66 22 ganz
2414 1437 153 25 benommen
2587 1442 49 21 von
2659 1437 43 26 der
2722 1438 147 30 Taucherei,
2889 1446 34 18 an
2945 1439 37 26 die
3003 1438 163 33 Verfolaung

2249 1471 45 24 des
2322 1469 144 29 inzwiichen
2495 1471 198 30 fortgezogenen
2721 1471 93 28 Feldes
2842 1473 101 30 machte.
2985 1472 73 33 Trotz
3085 1473 80 32 dieſez

2249 1503 151 32 aBndicaps
2423 1503 88 27 wurde
2533 1511 31 20 er
2587 1505 103 31 ſicherer
2713 1505 104 33 Sieger.

2560 1568 58 38 Die
2641 1569 213 42 Gegelregaita.

2301 1628 48 25 Am
2370 1627 23 27 2.
2416 1627 199 32 Wettfahrt?tag
2654 1629 43 26 der
2736 1623 202 42 12.Fuß-Jollen
2948 1623 109 42 Klaſſe
3072 1630 92 26 konmnte

2250 1660 170 31 Deutichland
2446 1661 76 28 einen
2547 1661 245 29 bemerkenswerten
2821 1663 105 30 zweiten
2954 1663 70 32 Platz
3051 1663 112 32 belegen.

2250 1694 52 28 Die
2321 1693 160 32 Ergebniſſe:
2523 1695 21 25 1.
2563 1695 120 31 Gruppe:
2722 1696 21 25 1.
2764 1695 150 32 Echweden;
2936 1697 23 28 2.
2978 1689 62 44 Deus
3042 1689 119 44 ſchland;

2250 1728 22 24 3.
2308 1727 131 31 Lettland;
2475 1728 22 27 4.
2532 1727 161 31 Dänemark:
2729 1729 22 26 5.
2787 1729 152 31 Norwegen.
2973 1730 24 26 6.
3033 1731 130 30 Spanien,

2250 1762 24 25 1.
2284 1760 121 32 Schweig.
2423 1761 24 24 2.
2458 1760 121 32 Gruppe:
2599 1762 21 24 I.
2631 1761 124 31 Solfand:
2776 1762 21 25 2.
2809 1761 144 33 Finnland;
2973 1763 23 25 8.
3006 1762 159 31 Südafrika;

2251 1795 22 26 4.
2290 1794 118 33 Jtalien;
2426 1795 23 28 6.
2466 1794 133 33 Amerika;
2618 1796 23 27 6.
2659 1795 133 32 England;
2811 1797 22 24 7.
2854 1796 156 32 Frankreich;
3028 1799 22 24 8.
3068 1796 94 31 Volen.

2299 1828 39 30 Jn
2363 1830 42 28 der
2429 1828 211 31 6Meter-Kaſſe
2683 1829 85 26 lamen
2810 1830 39 27 die
2873 1830 81 27 Boote
2978 1835 27 24 in
3031 1830 131 31 folgender

2252 1860 170 32 Reihenfolge
2437 1868 45 18 am
2498 1861 58 30 Ziel
2572 1861 54 27 ein:
2646 1862 22 25 1.
2683 1861 157 32 Norwegen;
2858 1863 24 24 2.
2898 1862 120 32 Belgien;
3037 1863 23 25 8.
3075 1863 92 26 Däne⸗

2251 1894 90 36 mart;
2370 1894 23 27 4.
2414 1894 132 31 Amerika;
2585 1896 24 25 5.
2630 1895 123 31 Holland;
2792 1896 22 26 6.
2839 1896 116 31 Eſtland;
2996 1897 22 25 1.
3042 1896 117 30 Ungarn;

2250 1928 22 26 S8.
2297 1928 152 30 Schweden;
2473 1929 24 27 8.
2520 1928 162 33 Frankreich;
2708 1930 38 26 10.
2769 1930 134 33 Spanien;
2929 1931 38 24 11.
2989 1929 173 32 Deutſchland

2252 1961 96 32 (Gan);
2368 1962 38 26 12.
2427 1961 139 32 Vortugal.

2300 1995 40 31 Jn
2359 1995 42 26 der
2419 1995 211 32 8Meter⸗Klaſſe
2647 1995 87 28 wurde
2753 2001 49 22 von
2821 1996 56 27 dem
2897 1996 198 33 Schiedsgericht
3116 1997 47 31 fol⸗

2251 2028 79 30 gende
2348 2027 158 32 Blacierung
2524 2028 231 33 bekannigegeben:
2778 2030 22 29 1.
2821 2029 157 32 Frantreich;
2999 2031 82 24 2-6.
3100 2033 62 30 Jta⸗

2251 2063 61 29 lien,
2333 2061 120 32 Solland.
2475 2062 153 32 Norwegen.
2650 2063 148 32 Echweden,
2821 2063 118 31 England
2961 2065 53 25 und
3036 2064 125 27 Amerika.

2301 2095 54 30 Wie
2378 2097 48 26 wir
2448 2096 85 29 bören.
2571 2097 82 30 haben
2676 2097 148 31 Norwegen,
2847 2097 103 31 Jtalien
2974 2100 52 24 und
3050 2098 111 31 Holland

2250 2137 79 25 gegen
2350 2130 65 31 dieſe
2435 2129 185 34 Entſcheidung
2639 2131 101 31 Proteſt
2761 2131 135 32 eingelegt.

2559 2194 58 37 Die
2637 2194 222 42 Auderregatta.

2299 2252 52 27 Die
2374 2252 122 26 weiteren
2522 2253 149 30 Ergebniſſe
2696 2253 35 25 im
2756 2252 205 32 Doppelſkuller:
2987 2254 22 24 2.
3035 2253 127 31 Vorlauf:

2269 2286 154 26 .Amerika
2450 2286 28 25 in
2503 2286 95 28 7146,8,
2641 2286 23 29 2.
2690 2286 113 30 Schweis
2830 2287 26 24 in
2882 2287 75 30 8:02;
3002 2287 22 26 3.
3051 2286 115 31 Vorlauf

2268 2320 138 25 Canada
2428 2321 26 26 in
2478 2320 95 28 7:47,2,
2612 2320 24 25 2.
2660 2320 112 29 Holland
2796 2322 25 26 in
2846 2321 98 27 7147,6;
2985 2321 22 25 4.
3032 2320 127 29 Vorlauf:

2269 2372 6 6 .
2296 2352 154 29 Ceſterreich
2469 2352 28 25 in
2516 2352 94 31 7:55,8,
2629 2352 23 25 2.
2673 2352 121 31 England
2812 2353 27 25 in
2858 2353 97 30 8:00,8;
2993 2354 23 23 5:
3036 2352 127 32 Vorlauf:

2268 2387 151 30 .Vorlauf:
2438 2386 22 24 1.
2478 2384 150 34 Frankreich
2647 2387 27 28 in
2692 2387 94 29 8.08,6,
2805 2387 23 24 2.
2847 2386 104 32 Jtalien
2971 2387 25 27 in
3017 2387 95 28 8:104.

2300 2427 52 27 Die
2375 2426 131 31 Vorläufe
2549 2435 59 23 zum
2651 2426 139 31 Zweier
2814 2427 65 27 mit
2904 2427 258 25 Sreuermann

2253 2461 107 31 mußten
2380 2461 39 26 bei
2438 2460 206 27 volllommenem
2667 2460 173 32 Gegenwinde
2860 2461 175 29 ausgefabren
3056 2460 108 27 werden,

2254 2494 41 27 der
2319 2493 38 26 die
2380 2493 89 30 Zeiten
2511 2493 63 31 ſtark
2613 2493 166 32 beeinflühte.
2820 2493 58 25 Das
2919 2493 112 31 ſchärfſte
3053 2493 110 26 Rennen

2252 2527 120 28 lieferten
2392 2527 43 31 ſich
2452 2527 36 25 im
2504 2527 108 31 zweiten
2630 2526 69 31 Lauf
2714 2526 109 31 Holland
2842 2527 52 25 und
2910 2526 109 31 Velgien
3034 2527 26 25 in
3078 2526 86 25 einem

2252 2560 170 31 aufregenden
2446 2560 81 26 Bord⸗
2531 2554 236 41 an⸗Bord⸗Kampf.
2806 2560 31 23 20
2858 2560 85 25 Meter
2964 2564 45 20 vor
3028 2560 57 25 dem
3106 2558 56 31 Ziel

2253 2593 94 25 machte
2372 2593 44 25 der
2442 2592 162 31 bolländiſche
2629 2593 141 31 Bugmann
2795 2592 95 31 ſchlapp
2914 2595 52 24 und
2990 2593 97 30 brachte
3114 2593 49 25 das

2252 2625 67 26 Boot
2356 2632 60 23 zum
2453 2625 125 26 Kentern.
2639 2626 19 23 1.
2679 2624 126 27 Vorlauf:
2845 2626 22 25 1.
2887 2624 113 31 Schweiz
3021 2624 27 25 in
3069 2624 96 28 8:414.,

2251 2660 24 25 2.
2299 2658 150 30 Frankreich
2474 2661 27 25 in
2524 2660 99 28 8:4144:
2645 2659 23 25 2.
2689 2659 126 30 LVorlauf:
2840 2659 21 26 1.
2885 2659 108 32 Belgien
3017 2658 28 26 in
3068 2659 95 26 8:584.

2252 2694 21 24 2.
2297 2692 124 30 Halland;
2445 2693 24 24 3.
2490 2692 127 30 Vorlauf:
2642 2692 22 25 1.
2682 2691 120 26 Amerika
2824 2692 26 27 in
2871 2692 71 30 8:42,
2961 2692 23 24 2.
3007 2690 104 32 Jtalien
3134 2690 27 26 in

2251 2726 86 25 8:44.8
2359 2725 64 31 (ſehr
2442 2724 81 31 knapp
2543 2726 159 31 gewonnen.)

2302 2765 88 25 Bierer
2414 2765 62 28 ohne
2502 2765 194 26 Steuermann:
2741 2765 21 26 1.
2789 2764 126 31 Vorlauf:
2958 2764 22 25 1.
3006 2763 104 31 Jtalien
3136 2763 25 26 in

2251 2798 95 29 7:24,6,
2364 2798 23 25 2.
2406 2798 112 30 Holland
2533 2798 29 27 in
2580 2798 87 28 7:85,8
2688 2797 147 31 (überlegen
2855 2797 72 31 gew))
2965 2797 49 25 Um
3036 2798 54 26 140
3109 2797 53 30 Uhr

2251 2834 97 26 beaann
2370 2835 43 24 der
2429 2832 23 24 2.
2468 2831 125 28 Lorlauf:
2615 2832 22 24 J.
2657 2830 118 26 Amerika
2795 2833 26 24 in
2838 2831 93 28 7:1648,
2948 2830 23 25 2.
2991 2830 173 30 Deuiſchland

2253 2865 176 30 (Mannſchaft
2447 2864 46 25 des
2508 2864 151 25 Dresdener
2678 2864 225 25 Ruder-⸗Vereins)
2923 2867 25 26 à
2970 2863 87 31 Länge
3076 2862 88 31 zurück

2254 2899 25 27 in
2303 2892 74 40 17121
2383 2911 36 7 —.
2460 2897 173 30 Deutſchland
2658 2897 71 30 hatte
2755 2897 113 29 zunächſt
2895 2896 38 25 die
2959 2896 126 32 Führung
3111 2896 51 26 und

2253 2932 38 25 bei
2315 2931 48 23 250
2383 2929 87 28 Meier
2510 2931 66 28 ſchon
2618 2930 51 28 eine
2710 2931 73 26 halbe
2806 2930 85 30 Länge
2912 2929 161 30 Vorſprung“
3114 2928 48 26 Bei

2253 2965 48 24 500
2324 2964 87 26 Meter
2435 2965 90 29 betrug
2544 2964 44 25 der
2610 2963 108 31 deutſche
2742 2963 149 30 VLarſprung
2914 2963 74 30 ſogar
3010 2963 154 25 anderthalb

2252 2999 113 30 Längen.
2405 2998 81 27 Dann
2511 2997 88 27 kamen
2623 2997 38 27 die
2687 2997 162 26 Amerikaner
2872 2997 80 30 jedach
2976 2996 107 32 mächtig
3108 2996 54 28 auf.

2252 3031 47 25 Be:
2333 3030 63 23 1200
2429 3030 87 24 aeier
2547 3036 89 18 waren
2668 3029 32 29 ſie
2732 3028 107 28 beinahe
2871 3028 47 29 auf
2948 3028 105 30 gleicher
3085 3027 79 31 Höhe.

2253 3066 37 25 bei
2312 3064 62 24 1750
2391 3063 87 26 Meter
2497 3063 87 28 hatten
2605 3063 31 29 ſiz
2656 3063 49 25 das
2727 3063 107 28 deutiche
2852 3063 66 25 Boot
2937 3063 135 30 eingebolt.
3110 3061 52 26 Die

2254 3096 173 28 Amerikaner,
2466 3096 56 27 eine
2546 3096 165 28 Mannſchaft
2749 3095 45 26 des
2816 3096 77 27 Penn
2915 3095 84 30 BVarge
3022 3095 69 25 Club
3112 3099 50 20 von

2253 3129 191 31 Pbiladelyhia,
2461 3133 107 27 gewann
2587 3128 133 31 ſchließlich
2741 3129 35 25 im
2793 3128 111 31 ſcharfen
2920 3128 143 31 Endkampf
3082 3128 81 30 knapp

2254 3165 48 25 mit
2321 3164 26 27 34
2367 3161 95 32 Länge.

2305 3200 92 25 Vierer
2422 3200 48 25 mit
2494 3201 195 27 Steuermann:
2713 3201 22 25 1.
2755 3200 79 32 Lauf:
2859 3201 21 24 1.
2903 3198 146 32 Frankreich
3069 3199 96 28 7:48,8.

2254 3235 23 25 2.
2295 3234 112 26 Monaco
2423 3234 83 29 8:2,4;
2524 3234 23 24 2.
2565 3234 80 31 Lauf:
2666 3235 20 24 1.
2704 3233 117 25 Amerita
2836 3234 70 28 7:43,
2921 3234 22 23 2.
2963 3233 89 30 Japan
3069 3233 94 27 7:61,4.

2305 3274 100 27 Achter:
2431 3275 21 24 1.
2479 3273 81 32 Lauf:
2586 3276 22 22 1.
2632 3273 112 27 Bolland
2767 3274 94 28 6:47,4.
2885 3273 23 25 2.
2933 3272 105 28 Belgien
3062 3272 99 30 647,k;

2253 3309 23 24 2.
2301 3306 79 32 Lauf:
2406 3308 21 24 1.
2451 3306 105 31 Jtalien
2579 3307 95 27 6:678,
2693 3307 23 24 2.
2739 3306 149 31 Frankreich
2910 3306 98 29 6:50,8:
3035 3306 22 24 3.
3080 3305 80 30 Lauf:

2254 3342 21 25 1.
2293 3340 149 28 Dänemark
2455 3340 88 28 5:58,2
2560 3340 46 26 (im
2624 3339 173 31 Alleingang).
2830 3339 56 25 Der
2903 3338 75 30 dritte
2994 3339 116 28 Vorlauf
3127 3339 35 24 im

2252 3374 93 27 Vierer
2364 3373 63 29 obne
2446 3372 183 28 Stenermann
2648 3372 86 30 endete
2752 3373 143 31 zugunſten
2914 3373 146 31 Englands,
3075 3372 88 28 7:44,2

2253 3411 44 23 vor
2319 3405 149 32 Frankreich
2491 3406 96 28 7:48,3.

2483 3460 97 30 Flinich
2601 3459 99 29 ſcheitet
2722 3460 35 26 im
2779 3459 81 26 Einer
2881 3462 58 24 aus.

2304 3509 66 31 Nach
2385 3509 87 32 dieſen
2489 3509 177 31 Vorkämpfen
2682 3510 105 25 wurden
2804 3510 36 27 die
2856 3509 225 33 Hoffnungsläufe
3100 3512 65 22 aus-

2253 3545 129 31 getragen.
2418 3543 47 31 Jm
2486 3543 81 30 erſten
2587 3543 242 32 Befähigungslauf
2848 3543 34 25 im
2900 3543 78 27 Einer
2998 3543 101 30 ſtartete
3118 3544 44 23 der

2255 3577 108 30 deutſche.
2395 3575 107 30 Meiſter
2547 3584 77 24 gegen
2671 3576 45 27 den
2747 3576 96 28 Dänen
2872 3576 132 30 Schwartz.
3050 3575 51 26 Bis
3130 3583 32 23 zu

2255 3609 62 25 1000
2345 3609 87 25 Meter
2459 3609 108 28 konnten
2593 3610 40 26 die
2661 3609 147 31 Franzoſen
2832 3610 73 26 einen
2932 3609 152 31 Vorſprung
3112 3613 50 21 von

2252 3651 36 19 ca.
2308 3643 62 30 zwei
2390 3642 88 27 Meter
2500 3643 215 27 herausarbeiten.
2752 3643 80 28 Dann
2854 3643 67 30 ſetzte
2943 3643 42 26 der
3005 3642 79 26 Däne
3102 3649 61 24 zum

2255 3675 301 32 Entfcheidungsvorſtoß
2582 3683 43 22 an,
2650 3676 57 26 dem
2734 3676 44 25 der
2803 3674 172 32 Frankfurter
3000 3676 65 29 nicht
3090 3676 72 29 mehr

2253 3708 166 32 genügenden
2448 3708 161 31 Widerftand
2655 3709 230 30 entgegenzuſetzen
2930 3709 135 30 vermochte
3111 3709 52 25 und

2252 3741 134 33 ſchlietzlich
2407 3742 48 25 mit
2474 3741 71 29 einer
2563 3742 88 32 Länge
2666 3743 143 31 geſchlagen
2827 3743 74 26 blieb.
2920 3742 51 26 Die
2989 3741 172 31 Hoffnungen

2254 3775 48 31 auf
2326 3776 74 26 einen,
2425 3775 129 30 deutſchen
2578 3775 154 33 Platzerfolg
2758 3776 35 26 im
2819 3776 77 26 Einer,
2921 3775 54 30 ſind,
3000 3775 80 25 damit
3104 3775 59 25 end⸗

2251 3807 82 31 gültig
2353 3806 185 30 geichwunden.
2578 3808 19 24 t.
2617 3807 80 26 Lant:
2720 3810 18 22 J.
2757 3806 150 26 Dönemark
2927 3806 148 31 (Schwartz)
3096 3808 69 25 a:20,

2251 2286 15 124 O
2244 2351 26 27 —

2253 3843 22 23 2.
2311 3840 172 31 Dentſchland
2522 3841 119 32 (Elinſch)
2680 3841 98 28 8:23,4:
2815 3841 22 25 2.
2874 3841 78 30 Lauf:
2994 3843 20 22 1.
3051 3841 112 30 Holland

2254 3874 143 27 (Gunther)
2423 3874 95 30 841.6,
2545 3874 23 25 2.
2598 3874 107 32 Velgien
2737 3874 241 29 Mottarde8117;
3026 3875 22 24 3.
3079 3874 80 32 Lauf:

2253 3909 21 24 1.
2295 3906 112 32 Schweis
2430 3906 177 32 (Caudeveau)
2628 3907 93 29 828,6.
2739 3908 23 25 2.
2782 3907 140 32 Südafrita
2942 3907 81 26 Dekot
3042 3908 70 24 8:50.

2494 3970 52 40 Jm
2569 3969 155 37 modernen
2745 3970 168 42 Fünflampf

2251 4029 54 27 kam
2326 4037 42 18 am
2390 4029 107 32 Freitag
2534 4031 47 29 auf
2617 4032 55 25 dem
2693 4029 188 33 Heidegelände
2900 4030 41 26 bei
2962 4030 138 32 Hilverſun
3120 4029 40 26 die

2251 4063 120 31 ſchwerite
2401 4063 115 30 Uebung,
2548 4063 46 27 das
2624 4062 309 32 Crot-Countri-Laufen
2965 4064 195 31 (Querfeldein—

2251 4097 100 31 laufenz
2372 4104 60 23 zum
2452 4096 122 31 Austrag.
2609 4096 52 29 Die
2681 4098 51 28 drei
2753 4097 127 30 deutſchen
2900 4097 161 30 Teilnehmer
3083 4099 77 29 fielen

2251 4133 24 23 in
2292 4130 78 31 dieſer
2385 4130 165 32 Konlurrenz
2566 4130 62 31 ſtark
2643 4130 91 32 zurück,
2748 4131 30 27 da
2796 4131 30 28 ſie
2844 4138 49 19 nur
2909 4131 83 31 Plätze
3008 4133 34 24 im
3061 4131 101 26 Mittel⸗—

2251 4165 64 31 felde
2332 4171 33 24 zu
2381 4164 103 31 belegen
2502 4164 162 30 vermochten.
2697 4164 71 28 Oblt.
2786 4164 87 29 Fölter
2889 4166 84 26 wurde
2991 4165 37 25 13.
3047 4167 25 25 in
3092 4165 69 28 einer

2253 4198 54 29 Zeit
2328 4202 49 21 dvon
2400 4197 103 28 15:20,4
2542 4198 44 31 für
2622 4198 40 26 die
2685 4197 63 24 4000
2771 4197 87 28 Meter
2880 4198 150 31 betragende
3051 4197 108 25 Strecke.

2250 4218 58 40 Zin
2328 4231 66 30 Kant
2429 4231 86 29 ide
2531 4231 40 26 lp
2593 4231 46 26 mi
2661 4231 97 28 ie
2794 4233 52 24 nd
2866 4231 165 32 Coina
3113 4230 46 26 mit

2252 4265 84 25 16:40.
2369 4265 61 26 Daas
2449 4265 130 30 Ergebnis
2597 4266 44 25 des
2660 4264 286 33 Querſeldeinlaufens:

2300 4307 21 25 1.
2342 4305 177 32 Sceleslomſti
2542 4306 103 30 (Golen)
2668 4306 40 27 14:
2717 4307 61 27 IaE.
2815 4306 21 25 2.
2859 4307 121 28 Lampola
3004 4307 155 31 (Finnland)

2251 4339 109 28 14:24.2.
2396 4339 23 27 3.
2439 4342 57 24 Ltn.
2517 4339 128 28 Lindman
2684 4339 158 30 (Sckaveden)
2866 4340 107 27 14:30,2.
3012 4340 22 26 4.
3057 4339 103 26 Tonnet

2252 4373 131 31 (Golland)
2402 4373 108 30 14:34,4.
2542 4374 21 27 5.
2580 4374 117 30 Paaemg
2715 4373 130 30 Golland)
2866 4373 106 26 14:87.6.
3006 4373 22 26 6.
3044 4374 116 31 Pagnini

2252 4406 127 31 (Aialien)
2401 4406 109 27 14:30,.
2548 4407 22 24 7.
2590 4406 53 28 Bey
2666 4406 159 28 (Schweden)
2848 4406 107 28 14:4046.
2992 4406 23 24 8.
3036 4405 128 26 Newman

2252 4440 140 28 (Amerila)
2418 4440 109 27 14:4346.
2566 4439 22 27 9.
2610 4439 139 31 Totrquand
2778 4439 245 31 (goung-Englandv
3051 4440 110 26 14:48.2.

2251 4477 36 24 10.
2313 4475 123 25 Kettinen
2481 4473 154 32 (Einnland)
2681 4474 91 28 15:2,8.
2818 4475 36 26 11.
2880 4473 80 32 Olſen
2989 4473 169 33 Tänemart)

2252 4507 107 29 15:19,2.

2574 4546 63 37 Der
2658 4546 182 43 Zehnlampf.

2304 4605 46 27 Am
2377 4605 216 33 Freitagmorgen
2615 4607 84 24 wurde
2725 4605 46 27 mit
2795 4605 55 26 dem
2851 4600 77 43 100.
2934 4600 167 43 Meter⸗Lauf
3125 4605 39 26 die

2252 4639 60 30 erite
2332 4639 166 31 Korkurrenz
2520 4640 41 29 für
2579 4639 49 25 den
2648 4638 156 32 Zehnkampf
2825 4641 183 29 ausgetragen.
3042 4638 51 26 Die
3110 4641 52 23 vier

2252 4672 125 31 deutſchem
2402 4671 162 31 Teilnehmer
2587 4671 108 27 konnken
2718 4672 41 31 ſich
2783 4675 25 25 in
2833 4672 69 30 ihren
2927 4672 99 29 Laäufen
3051 4670 112 32 ſämtlich

2251 4705 137 31 placieren.
2426 4705 127 31 Ladewig,
2573 4704 83 30 Barih
2679 4705 51 24 und
2750 4704 92 29 Huben
2862 4705 136 28 erreichten
3021 4704 54 28 118
3096 4703 69 29 Set.,

2254 4739 122 29 während
2400 4738 134 33 Lämperle
2559 4738 72 31 ſogar
2655 4739 54 27 116
2731 4738 60 26 Sek.
2817 4738 167 31 herausholie.
3024 4737 51 26 Die
3100 4738 64 30 beſte

2251 4772 57 31 Zeit
2329 4772 90 29 batten
2445 4770 282 34 Anderſon⸗Schweden
2752 4771 53 25 und
2828 4769 263 33 Viljoen-⸗Südafrita
3115 4770 47 25 mit

2254 4807 22 30 ſe
2292 4806 27 24 11
2336 4805 59 26 Sek.
2411 4805 184 32 aufzuweiſen.
2629 4805 36 25 Es
2682 4804 97 31 folgten
2795 4806 47 24 mit
2859 4804 52 29 112
2929 4804 58 26 Sek.
3005 4804 159 31 Järvinnen⸗

2253 4839 133 31 Finnland
2412 4840 53 23 und
2488 4837 259 28 Steward⸗Amerita.
2789 4838 53 28 113
2868 4837 58 26 Sck.
2949 4837 46 31 lief
3017 4836 145 31 Peroilaw—

2255 4871 187 32 Jugoſlawien.
2503 4872 53 26 114
2580 4871 60 26 Set.
2664 4870 144 31 benötigten
2834 4870 236 32 Hejolä-Finnland
3112 4876 26 18 ur

2251 4905 167 31 Jodn⸗Gaiti,
2447 4905 118 26 während
2596 4903 265 31 Churchitl-Amerita,
2890 4902 274 32 Weffely-Oeſterreich

2253 4938 52 25 uͤnd
2328 4937 275 30 Verlinger-⸗Amerika
2629 4937 53 27 116
2707 4935 59 28 Set.
2792 4936 85 29 liefen.
2917 4936 48 30 Jm
2990 4935 175 32 Weitſprung—

2257 4974 53 25 dem
2334 4972 105 29 zweiten
2462 4971 166 26 Wettbewerb
2650 4971 43 30 für
2712 4971 47 24 den
2781 4970 160 31 Zehnkampf,
2959 4970 102 30 erzielte
3081 4969 83 28 Barth

2252 5005 55 29 67
2337 5004 97 28 Meter,
2460 5004 87 32 Huber
2572 5004 56 24 679
2655 5004 92 28 Meter,
2774 5002 116 32 Ladewig
2915 5003 57 28 6118
2997 5002 87 28 Meter
3111 5001 54 26 und

2254 5038 133 30 Lämperle
2412 5038 56 28 650
2492 5037 93 28 Meter.
2628 5037 50 26 Die
2703 5037 80 28 beſten
2806 5037 122 30 Sprünge
2951 5036 111 30 machten
3087 5035 77 26 Lind-

2254 5070 210 28 blad⸗Schweden
2486 5073 46 25 mit
2553 5071 55 26 6.07
2630 5070 92 28 Meter,
2728 5063 86 41 Toki⸗
2820 5063 87 41 Japan
2930 5069 43 28 mit
2994 5069 57 28 690
3070 5067 94 30 Meter,

2254 5102 211 33 Meier⸗Schweiz
2485 5106 45 25 mit
2552 5103 55 32 6589
2629 5102 93 30 Meter,
2743 5102 258 30 Viljoch⸗Südafrika
3021 5104 52 25 und
3094 5101 69 31 Lan⸗

2256 5138 195 31 ſon⸗Schweden
2475 5137 47 25 mit
2545 5137 24 31 je
2591 5137 56 29 685
2671 5137 84 25 Meter
2781 5136 51 25 und
2856 5134 237 33 Yrjolä⸗Finnland
3118 5135 47 26 mit

2253 5171 55 29 6,72
2328 5171 92 25 Meter.

2303 5211 129 31 Trotzdem
2455 5212 89 27 unſere
2564 5210 53 28 vier
2637 5210 132 27 Vertreter
2804 5209 26 26 in
2869 5211 45 25 den
2954 5209 51 26 drei
3041 5209 122 25 weiteren

2255 5246 139 31 Uebungen
2419 5243 43 29 des
2488 5244 231 31 Zehnkampfrechts
2759 5246 41 24 gute
2824 5243 151 31 Leiſtungen
3000 5243 85 28 boten,
3109 5247 56 32 ver⸗

2255 5279 109 30 mochten
2383 5278 35 31 ſie
2437 5278 43 31 ſich
2500 5278 62 30 nicht
2583 5284 43 19 am
2644 5277 79 26 eriten
2744 5283 68 24 Tage
2833 5278 73 25 unter
2926 5278 45 24 den
2993 5276 62 31 jechs,
3073 5276 89 36 Erſten

2252 5319 31 24 zu
2307 5311 135 29 placieren.
2485 5310 47 30 Jm
2556 5310 58 25 400.
2619 5304 85 45 Meter
2713 5304 73 45 Lauf
2811 5309 116 31 ſchnitten
2952 5308 31 30 ſie
3008 5308 158 37 verhältnis-

2255 5345 84 32 müßzig
2355 5350 45 27 gut
2415 5345 39 26 ab.
2491 5344 54 26 Der
2563 5343 120 27 Berliner
2699 5344 117 31 Ladewig
2834 5342 114 30 erreichte
2965 5342 64 28 524,
3047 5341 119 30 während

2253 5378 136 31 Lämperle
2411 5381 53 25 und
2486 5377 80 31 Barth
2587 5378 47 26 mit
2656 5376 55 29 52,8
2733 5376 73 31 ihren
2829 5377 67 29 Lauf
2914 5379 154 28 gewannen.
3108 5374 55 27 Nur

2256 5412 87 32 Hubèr
2364 5411 45 30 fiel
2428 5413 46 27 mit
2494 5411 55 28 54.,8
2566 5409 93 32 zurüc.
2695 5409 46 32 Jm
2761 5409 158 32 Hocſprung
2939 5408 129 31 ſammelte
3085 5407 80 26 Lade
3152 5403 12 45 ˖-

2257 5445 48 31 wig
2334 5444 205 31 Deutſchland),
2565 5444 42 25 der
2632 5444 59 25 über
2719 5443 54 27 180
2800 5442 84 27 Meter
2928 5442 64 28 kam,
3034 5441 131 36 wertvolle

2257 5478 107 30 Punkte.
2402 5478 125 29 Dagegen
2550 5477 107 29 konnten
2682 5476 80 28 Barih
2785 5477 47 25 mit
2856 5476 53 28 1465
2931 5475 51 27 und
3006 5475 87 31 Huber
3118 5474 46 25 mit

2256 5513 52 28 60
2331 5512 63 29 nicht
2414 5511 130 29 befiechen.
2579 5510 52 26 Die
2654 5510 62 29 beite
2738 5509 118 29 Leiſtung
2878 5508 140 30 überhaupt
3039 5507 47 27 mit
3110 5507 53 30 1.87

2252 5545 86 25 wurde
2357 5549 49 20 von
2424 5542 247 32 Drjolä⸗Finnland,
2688 5541 254 32 Janſon⸗Schweden
2961 5542 52 24 und
3031 5540 136 26 Steward⸗

2257 5578 115 27 Amerilg
2396 5577 150 32 gleichzeitig
2566 5576 156 31 geſchafft.
2721 5590 23 4 —
2766 5575 46 31 Jm
2836 5575 169 37 Kugelſtoßen
3030 5575 71 27 „tand
3123 5575 41 24 der

2254 5611 82 30 Finne
2353 5609 91 32 Yriolä
2463 5610 46 25 mit
2527 5610 67 26 441
2615 5607 86 27 Meier
2718 5609 59 25 weir
2794 5613 44 20 vor
2854 5608 86 31 ſeinen
2957 5606 209 28 Konkurrenten.

2257 5645 85 32 Huber
2362 5643 67 32 warf
2451 5644 77 27 1192.
2545 5643 80 30 Varth
2646 5643 78 28 11.37,
2744 5642 115 30 Ladewia
2881 5642 69 28 10096
2970 5641 93 26 Meter.
3100 5640 65 30 Nach

2254 5679 45 25 den
2326 5677 81 30 erſten
2435 5676 60 31 fünf
2523 5677 141 29 Uebungen
2692 5676 26 29 iit.
2748 5675 40 26 der
2815 5675 174 29 Geſamtſtand
3017 5673 144 38 Felgender:

2257 5714 19 23 1.
2304 5709 255 33 Janſon-Schweden
2586 5710 46 27 mit
2660 5708 112 27 6148.45
2798 5708 128 29 Vunktenz
2952 5709 23 24 2.
3002 5706 163 32 Järvinnen.

2255 5743 132 32 Finnland
2404 5743 46 28 mit
2452 5735 90 44 4.136
2546 5743 36 24 08
2599 5741 126 31 Punlten,
2743 5742 22 26 3.
2785 5740 247 27 Steward⸗Amerita
3051 5740 53 24 411
3127 5739 22 26 ſ

2253 5777 128 30 Kunkten,
2398 5777 22 24 4.
2431 5775 238 31 rjola-Finnland
2686 5774 112 28 4.108,80
2808 5773 127 33 Runkten,
2952 5775 22 23 5.
2985 5772 182 31 Dougherthn-

2255 5809 249 30 Amerifasg.i557
2523 5809 127 32 Vunkten,
2668 5809 23 26 6.
2711 5807 271 38 Weffeln-Oeſterreich
3002 5807 13 25 3
3018 5806 95 26 86045
3132 5804 31 31 B.

2427 5875 58 37 die
2506 5873 222 48 Fech:meiſlerin
2750 5873 104 40 elene
2876 5873 107 42 Maher

2253 5943 54 19 war
2325 5943 42 18 am
2387 5928 103 38 reitag
2512 5934 32 25 im
2563 5933 110 28 Siadion
2689 5933 41 28 bei
2747 5932 40 29 der
2803 5931 104 33 Ehrung
2924 5932 41 27 der
2983 5931 179 37 Siegerinnen

2253 5970 36 27 im
2320 5968 176 30 Olnmviſchen
2526 5966 339 31 Damen
2620 5960 17 46 ⸗
2640 5966 225 31 Floren⸗Turnier
2914 5970 40 23 der
3001 5964 163 38 Gegenitand

2253 6003 91 34 crotzet
2370 6002 146 31 Ehrungen.
2558 6001 48 26 Als
2632 6001 59 31 nach
2714 6000 58 28 dem
2798 5998 141 33 Oochgehen
2964 6000 43 24 der
3033 5997 130 33 deutichen

3226 677 54 26 und
3300 676 139 32 engliſchen
3461 677 87 31 Fohne
3570 685 34 17 an
3623 678 48 25 den
3694 678 195 31 Siegesmaſten
3910 677 110 26 bekannt
4041 676 95 27 wurde.

3225 710 48 30 daß
3290 709 39 26 die
3347 710 78 31 junge
3442 710 121 31 Deuiſche
3580 710 45 31 auf
3644 712 41 24 der
3700 711 117 26 Tribüne
3835 711 137 29 anweſend
3989 710 43 30 ſei,
4049 711 86 23 wurde

3225 742 32 29 ſe
3272 746 49 21 von
3335 746 50 24 den
3401 742 162 31 Zuſchauern
3577 747 50 23 und
3644 744 247 30 Teilnehmerinnen
3909 749 51 21 aus
3977 744 42 27 der
4034 749 102 23 gumen

3223 775 69 29 Welt
3313 776 171 33 ſtürmifch
3502 777 157 32 begrüßt
3679 778 68 27 und
3767 777 172 33 gefeiert.

3427 840 69 36 Das
3517 841 422 41 Mannſchafls⸗Oegenfechten.

3271 897 50 26 Am
3347 898 191 31 Freitagabend
3560 899 134 32 begannen
3718 900 36 25 im
3779 900 170 30 Fechterhaus
3973 900 39 25 die
4036 899 102 26 Mann⸗

3223 930 194 32 ſchaftstämpfe
3446 932 35 25 im
3510 932 193 31 Degenfechten.
3747 933 51 28 Die
3828 933 308 30 Ausſcheidungskämpfe

3222 964 113 30 nahmen
3354 964 134 31 folgenden
3507 966 124 31 Verlauf:
3652 969 20 23 1.
3691 967 107 30 Grappe
3816 966 322 31 Frankreich—Griechen⸗

3222 998 62 24 land
3305 998 68 28 12:4.
3392 994 231 40 Tſchechoſlowakei
3634 994 210 40 —Griechenland
3865 1000 68 27 10:9,
3954 999 184 31 Frankreich-

3221 1030 234 32 Tſchechoſlowakei
3496 1032 72 31 1041:
3616 1033 23 24 2.
3679 1033 120 30 Gruppe:
3841 1031 296 31 Belgien
3959 1026 21 42 —
3983 1031 154 31 Dänemark

3223 1063 69 28 12:4,
3309 1063 150 31 Spanien-
3465 1059 151 41 Dänemark
3633 1066 67 27 10:6,
3715 1066 108 30 Belgien
3840 1065 115 31 Freilos;
3973 1066 23 24 3.
4013 1066 122 29 Gruppe:

3222 1096 105 31 Jtalien
3347 1098 53 25 und
3419 1098 76 25 Kuba
3515 1098 114 32 Freilos;
3649 1100 22 24 4.
3691 1099 120 30 Gruppe:
3832 1092 138 42 Schweden
3977 1092 158 42 -Portugal

3224 1129 54 28 8:8.
3302 1125 184 43 Portugal-
3491 1125 110 43 Gölland
3646 1132 53 27 837.,
3714 1125 142 43 Holland
3868 1125 161 43 Schweden
4075 1132 60 28 98;

3221 1163 23 26 5.
3271 1162 122 31 Gruppe:
3421 1164 290 31 Norwegen-Schweiz
3740 1166 67 27 11i5,
3835 1165 302 29 England
3965 1158 21 41 —
3989 1165 148 29 Narwegen

3220 1195 55 28 9:6.
3294 1196 269 33 Schweis
3416 1191 23 43 —
3438 1196 122 33 England
3582 1199 73 30 14:1;
3690 1198 22 26 6.
3731 1198 120 30 Gruppe:
3878 1197 113 26 merika
4004 1197 130 30 -ungarn

3224 1229 69 28 1155.
3322 1225 175 41 Amerika-
3504 1230 129 32 Aegnpten
3662 1231 54 27 9:7,
3742 1225 160 41 Aecgypten
3913 1225 134 41 -—Unmarn
4075 1231 60 31 327;

3221 1263 23 27 1.
3270 1262 121 30 Gruppe
3418 1263 356 30 Deutſchländ-Rumänien
3799 1265 54 26 977.

3271 1294 40 31 Jn
3340 1295 44 25 der
3410 1296 336 32 Vorentſcheidung
3773 1298 87 24 wurde
3886 1296 173 30 Deutſchland
4086 1300 49 22 von

3221 1328 105 31 Jtalien
3351 1329 47 25 mit
3423 1331 61 23 u4
3505 1330 150 33 geſchlagen.
3694 1330 89 30 Gegen
3805 1330 122 29 Spanien
3951 1330 91 25 konnte
4065 1329 71 26 dann

3222 1360 39 26 die
3288 1361 110 31 deutſche
3426 1361 163 32 Mannſchaft
3617 1363 189 30 unentſchieden
3833 1363 45 24 8r8
3905 1363 101 30 (21:21)
4033 1363 103 30 fechten.

3221 1393 51 26 Die
3294 1395 148 30 Ergebniſſe
3465 1396 77 26 dieler
3563 1396 109 30 Kämpfe
3693 1402 87 19 waren
3801 1396 129 30 folgende:
3970 1397 21 24 1.
4013 1396 121 29 Gruppe:

3208 1422 121 43 Belgien
3341 1422 255 43 DTſchechoſlowakei
3624 1430 67 27 11:5,
3716 1422 231 43 Tichechoſlowakei
3972 1422 163 43 DTRumänien

3223 1461 73 29 10:6;
3349 1461 23 24 2.
3398 1461 121 30 Gruppe:
3523 1457 155 42 Jtalien-
3677 1457 180 42 Deutſchland
3886 1464 68 26 1144,
3980 1462 157 30 Spanien
4108 1457 28 42 —

3222 1493 131 32 Aeghypten
3381 1494 54 28 9:6,
3443 1489 151 41 Jtalien—
3602 1496 129 30 Aegypten
3761 1496 68 27 11:5,
3858 1489 142 41 Spanien—
4001 1494 135 30 Deutſch⸗

3221 1527 63 24 land
3304 1527 59 29 88:
3406 1528 24 24 3.
3452 1528 119 28 Gruppe:
3575 1523 199 41 Frankreich-
3779 1523 112 41 Schweiz
3913 1529 54 26 96,
3990 1528 146 30 Holland-

3221 1559 114 31 Schwei
3354 1560 73 30 1046;
3462 1561 22 25 4.
3502 1561 120 31 Gruppẽ:
3641 1554 161 43 Portugal-
3805 1554 120 43 Amerita
3942 1562 54 28 8:7,
4015 1560 120 26 Amerita

3219 1592 181 33 Norwegen
3427 1594 55 26 817.

3460 1650 130 42 Büchner
3611 1650 98 37 drilter
3730 1651 29 36 in
3781 1653 61 33 400
3861 1662 37 25 m.

3271 1708 51 27 Die
3342 1708 387 33 400⸗Meter⸗Vorentſcheidung
3748 1709 86 29 lommt
3851 1710 94 27 wieder
3965 1712 76 25 unter
4061 1710 72 27 deut⸗

3223 1741 61 31 ſcher
3303 1742 166 31 Beteiligung
3490 1751 59 23 zum
3566 1743 123 31 Austrag.

3272 1774 48 31 Jm
3344 1776 78 30 erſten
3443 1775 66 32 Lauf
3531 1777 86 29 itartet
3638 1777 77 30 Siorz
3737 1777 47 29 auf
3805 1778 42 25 der
3867 1775 171 33 Jnnenbahn.
4076 1776 58 28 Ter

3220 1808 136 31 Hallenjer
3373 1810 45 29 lief
3435 1809 63 30 nicht
3515 1810 24 30 ſo
3555 1810 85 33 flüſſig
3658 1810 51 25 und
3725 1811 68 28 leicht
3810 1810 48 27 wie
3875 1818 42 17 am
3934 1810 120 30 Vortage.
4080 1809 50 25 Bis

3221 1848 58 23 zum
3301 1841 134 32 Eingange
3473 1844 26 26 in
3518 1844 37 28 die
3575 1844 147 31 Zielgerade
3743 1844 60 32 liegt
3824 1854 26 17 er
3870 1843 59 27 noch
3947 1845 26 26 in
3995 1843 135 30 Führung,

3221 1876 63 31 muß
3307 1875 62 27 aber
3391 1877 48 30 auf
3463 1876 46 28 den
3534 1878 85 28 letzten
3644 1878 45 23 100
3714 1877 104 26 Meteru
3843 1877 46 27 den
3915 1877 129 28 Kanadier
4070 1876 61 28 Bell.

3221 1910 52 25 und.
3309 1910 127 28 Barbutti
3461 1910 136 32 (Amerika)
3635 1911 173 31 vorbeiziehen
3830 1911 86 31 laſſen.
3955 1911 60 27 Den
4039 1912 92 26 dritten

3221 1941 70 33 Platz
3308 1943 54 30 hält
3382 1954 25 20 er
3424 1943 81 30 jedoch
3522 1944 74 30 ſicher
3632 1945 50 26 Ein
3702 1944 83 31 feines
3803 1944 110 27 Rennen
3931 1944 69 29 Liuft
4018 1946 113 29 dagegen

3220 1976 92 28 wieder
3335 1976 117 30 Büchner
3477 1977 192 32 (Magdeburg),
3691 1980 42 27 der
3757 1978 125 30 ebenfalls
3906 1978 39 25 die
3969 1978 163 30 Jnnenbahn

3219 2010 132 31 ausgeloſt
3377 2011 53 29 hat.
3468 2011 67 30 Nach
3556 2011 169 31 ſpannendem
3748 2012 95 30 Kampf
3864 2010 60 32 ſiegt
3947 2022 27 17 er
3997 2013 46 26 mit
4066 2012 65 24 über

3220 2042 16 25 3
3254 2044 87 27 Meter
3360 2044 149 33 Vorſprung
3526 2049 44 22 vor
3589 2044 101 31 Philips
3712 2045 137 30 (Amerita)
3867 2048 52 24 und
3939 2045 92 25 Rinkel
4052 2044 80 29 (Eng—

3220 2075 81 27 land.
3338 2077 140 31 Ergebnis:
3518 2079 20 25 1.
3560 2078 80 29 Lauf:
3680 2079 21 24 1.
3722 2078 58 25 Bell
3819 2078 129 30 GKanada)
3988 2078 27 24 in
4054 2077 75 30 14816;

3220 2110 23 26 2.
3264 2109 122 26 Barbutt!
3428 2111 152 29 (Amerita;
3619 2111 23 26 3.
3666 2112 78 31 Storz
3768 2112 198 30 (Deurſchland).
4006 2111 21 26 2.
4053 2111 76 28 Lauf:

3220 2143 21 26 1.
3265 2143 116 30 Büchner
3405 2144 190 32 (Deutſchland)
3620 2147 28 26 in
3670 2145 75 30 48:6;
3785 2145 23 27 2.
3834 2144 103 32 Philips
3978 2143 153 32 (Amerika)

3219 2176 23 25 8.
3259 2175 89 27 Rinkel
3368 2177 151 31 (England).

3268 2209 68 30 Nach
3357 2211 56 25 dem
3435 2210 129 32 Ergebuis
3587 2212 42 26 der
3650 2211 199 32 Zwiſchenläufe
3870 2212 69 28 hatte
3961 2212 174 30 Deutſchland

3218 2247 62 28 zwei
3298 2244 136 27 Verireter
3450 2246 35 24 im
3502 2245 286 30 400Meter-Endlauf.
3822 2246 100 27 Wieder
3941 2247 97 25 einmal
4057 2246 76 31 ſchien

3219 2277 41 27 ein
3283 2278 126 30 deuticher
3433 2278 63 33 Sieg
3518 2281 26 24 in
3565 2279 176 32 allernächiter
3760 2279 72 28 Nähe
3854 2288 32 24 zu
3908 2281 92 30 liegen,
4022 2281 61 24 aber
4103 2286 30 18 es

3219 2312 88 26 wurde
3331 2313 81 29 nichts
3438 2311 106 28 daraus.
3585 2314 115 27 Büchner
3724 2315 68 30 hatte
3818 2315 37 25 die
3880 2315 84 24 dritté.
3990 2314 81 32 Storz
4079 2314 49 25 die

3219 2346 79 25 vierte
3321 2345 78 31 Bahn
3418 2348 138 29 ausgeloſt.
3593 2348 84 26 Gleich
3697 2348 42 26 der
3760 2349 61 27 erſte
3843 2348 79 25 Start
3945 2349 101 31 gelang.
4084 2348 50 25 Bis

3220 2379 48 36 500
3299 2379 86 27 Meter
3415 2381 126 25 verlieren
3571 2389 52 18 nur
3652 2382 103 29 Philipz
3785 2382 141 27 (Amerika)
3959 2383 53 24 und
4043 2382 81 30 Storz

3220 2412 194 32 (Deutſchland)
3437 2422 34 18 an
3493 2414 97 29 Boden.
3610 2415 122 29 während
3752 2416 124 29 Büchner,
3897 2416 125 25 Barbutti
4047 2416 87 30 (Ame⸗

3219 2447 64 30 rika)
3312 2448 53 24 und
3392 2448 56 26 Vell
3477 2448 130 30 (GKanada)
3635 2450 39 25 bis
3702 2450 74 27 dahin
3804 2451 60 28 jtets
3890 2451 48 29 auf
3964 2451 71 24 einer
4063 2450 70 30 Höhe

3220 2481 91 31 liegen.
3350 2482 83 25 Dann
3457 2483 113 29 gewinnt
3593 2484 42 25 der
3658 2484 125 30 fabelhaft
3807 2485 134 29 ſpurtende
3964 2484 169 25 Amerikaner

3217 2515 77 25 einen
3315 2515 99 27 kleinen
3434 2516 159 31 Voriprung.
3629 2518 66 30 Auch
3715 2518 41 25 der
3776 2518 131 25 Kanadier
3927 2518 57 25 Bell
4004 2519 66 24 kann
4091 2518 43 29 ſich

3218 2557 36 18 an
3273 2549 117 29 Büchner
3409 2551 213 29 vorbeiarbeiten,
3640 2553 51 24 und
3710 2553 27 25 in
3756 2553 79 29 dieſer
3855 2552 166 30 Reihenfolge
4043 2552 91 29 paſſie,

3219 2591 45 17 ren
3284 2584 38 24 die
3340 2583 99 30 Läufer
3458 2585 35 25 im
3513 2585 123 27 Abſtande
3656 2591 48 20 von
3724 2589 61 28 zwei
3805 2586 107 27 Metern
3933 2587 46 24 das
4001 2586 132 28 Zielband.

3219 2617 118 26 Büchner
3355 2618 67 25 kann
3442 2619 45 26 den
3508 2619 92 26 dritten
3620 2620 70 30 Platz
3709 2627 76 25 gegen
3806 2621 46 26 den
3873 2621 62 28 ſtark
3956 2621 178 29 aufkommen—

3219 2652 46 25 den
3284 2651 153 30 Engländer
3456 2653 87 26 Einkel
3561 2654 161 29 verteidigen,
3739 2655 85 29 hinter
3844 2656 54 23 dem
3919 2654 80 29 Storz
4018 2654 115 28 Fünfter

3209 2679 82 38 wird.
3357 2686 21 24 1.
3405 2686 124 26 Barbutti
3556 2687 139 28 (Amerikaſ
3722 2689 26 25 in
3773 2688 63 28 47,s.
3860 2689 22 24 2.
3907 2688 57 25 Bell
3992 2688 142 30 (Kanada),

3218 2719 22 25 5.
3262 2718 117 29 Buchner
3401 2719 200 33 (Deutſchland).
3638 2722 163 30 Unnlaziert:
3824 2721 21 30 4.
3867 2721 91 26 Rinkel
3981 2722 152 31 England).

3219 2752 22 27 5.
3270 2752 81 32 Storz
3380 2753 201 32 (Deutſchland),
3605 2755 23 26 6.
3654 2755 103 32 Philips
3785 2756 150 31 (Amerita).

3620 2811 233 41 J

3270 2868 56 29 Nur
3347 2869 58 30 noch
3426 2871 97 31 wenige
3546 2869 215 33 Entſcheidungen
3801 2870 83 29 ſtehen
3923 2872 25 29 in
3972 2870 45 27 der
4040 2871 89 26 Leicht—

3221 2902 103 29 athletit
3341 2907 60 20 aus.
3438 2903 48 25 Am
3509 2903 101 31 Freitag
3631 2903 102 29 ſtanden
3753 2911 50 19 nur
3825 2905 37 26 die
3885 2905 92 29 Finale
3999 2905 34 24 im
4054 2904 75 23 5000

3222 2934 96 29 Meter-
3341 2939 53 24 und
3414 2930 56 42 4005
3475 2930 161 42 Meter-Lauf
3673 2940 46 28 auf
3758 2938 54 25 dem
3851 2938 160 29 Proaramm.
4051 2938 79 24 Ueber

3220 2969 64 24 5000
3307 2969 87 25 Meter
3414 2971 109 25 ercberte
3546 2970 131 30 Finnland
3698 2971 234 32 traditionzgemsz
3954 2974 38 24 die
4014 2971 116 26 Goldene

3220 3004 53 24 und
3295 3003 121 31 Silberne
3440 3004 130 29 Medaille,
3609 3013 50 18 nur
3679 3007 47 30 daß
3748 3006 93 25 Nurmi
3865 3007 46 24 aut
3932 3009 57 24 dem
4011 3007 22 23 2.
4057 3007 71 27 Piatz

3221 3035 83 28 hinter
3326 3038 93 26 ſeinem
3443 3038 180 32 ebenbürtigen
3645 3039 168 27 Landsmann
3836 3040 88 26 Ritola
3950 3042 48 27 fag.
4037 3039 93 26 Oddie—

3221 3070 120 30 England
3366 3071 43 32 lag
3435 3071 56 31 kurz
3515 3072 59 30 nach
3599 3072 52 27 dem
3675 3072 77 27 Start
3774 3077 43 20 vor
3845 3072 85 27 Smich
3956 3074 39 25 (l.
4021 3073 33 25 S.
4079 3074 49 26 A.,

3220 3103 94 26 Murmi
3330 3108 52 24 und
3398 3104 97 26 Ritola.
3526 3105 81 28 Dann
3624 3106 138 26 übernahm
3781 3106 40 29 für
3840 3109 68 26 kurze
3926 3107 57 29 Zeit
4002 3109 126 25 Lermond

3221 3135 141 31 (Amerita)
3382 3137 37 28 die
3438 3137 91 32 Spitze,
3546 3140 52 25 und
3612 3139 62 26 auch
3689 3139 126 29 Jobnſton
3834 3140 142 26 (Enland)
3997 3142 52 22 kam
4069 3141 58 27 nach

3220 3173 77 23 vorne
3314 3170 73 29 durch
3417 3171 47 25 mit
3483 3173 44 25 den
3547 3171 135 28 Schweden
3703 3173 70 26 Wide
3792 3173 51 25 und
3863 3172 79 30 Cklöf.
3970 3173 95 24 Nurmi
4078 3176 51 24 und

3220 3202 89 26 Ritolg
3329 3204 156 32 verdrängen
3523 3205 37 26 die
3583 3204 167 29 Amerikaner
3771 3211 48 22 von
3842 3206 47 26 den
3913 3208 80 28 erſten
4016 3206 111 28 Plären.

3219 3236 55 27 Der
3293 3236 148 37 Engländer
3458 3237 81 26 Oddie
3557 3239 53 29 aibt
3628 3239 56 27 auf.
3718 3239 50 26 Die
3787 3240 220 28 raumireſienden
4021 3241 107 25 Schritte

3220 3268 109 38 Lurmis
3348 3270 80 28 kaben
3448 3278 45 20 zur
3510 3271 86 31 Folge,
3614 3272 50 30 daß
3681 3272 47 24 das
3748 3272 61 27 Feld
3826 3273 41 28 ſich
3887 3273 59 25 bald
3964 3273 55 30 ſehr
4038 3275 27 24 in
4086 3274 38 24 die

3219 3302 85 36 Sänge
3325 3303 73 31 zieht.
3436 3304 66 27 Auch
3520 3304 43 28 der
3586 3305 117 26 Schwede
3726 3306 70 30 Eklöf
3819 3305 172 31 verſchwindet
4013 3312 48 20 von
4086 3309 41 25 der

3219 3334 145 39 Bildfläche.
3400 3337 59 25 Das.
3477 3337 177 31 Dreigeſpann
3673 3338 118 26 Nurmi-
3790 3330 101 47 Ritola
3910 3339 53 28 und
3982 3339 69 30 Wide
4072 3342 55 28 geht

3220 3374 45 31 mit
3284 3370 103 26 weitem
3406 3370 146 32 Vorſprung
3572 3376 43 25 vor
3634 3372 47 28 den
3699 3373 110 28 anderen
3829 3375 28 24 in
3877 3373 39 26 die
3936 3374 66 26 letzte
4023 3374 102 25 Runde.

3220 3402 87 31 Hiet
3332 3403 145 31 ſpurtet
3503 3404 127 26 Ritofa
3655 3405 125 31 feinen
3814 3406 172 31 Gegnern
4012 3408 115 24 davon

3221 3435 54 37 und
3290 3436 61 32 ſiegt
3371 3436 46 27 mit
3435 3437 85 26 klaren
3538 3439 60 27 zehn
3617 3438 104 29 Metern
3740 3440 147 29 Vorſprung
3905 3445 42 24 vot
3966 3440 102 28 Rurmi,
4087 3442 42 25 der

3222 3468 71 30 Wide
3311 3471 92 31 gerade
3424 3472 46 30 mit
3487 3471 152 31 Bruitbreite
3660 3473 45 27 auf
3725 3475 46 25 den
3792 3474 91 27 dritten
3903 3473 70 30 Platz
3991 3475 136 25 verweifen

3222 3501 73 30 fann.
3334 3504 21 26 1.
3377 3503 89 27 Ritold
3490 3506 87 29 t4:38;
3616 3506 23 26 2.
3662 3506 95 28 Nurmi
3799 3507 169 32 EFinnland);
4009 3508 23 26 3.
4057 3508 72 26 Wide

3223 3535 168 33 (Schweden).

3301 3591 110 42 Körnig
3433 3592 96 42 behaͤlt
3550 3593 53 37 den
3626 3593 101 37 drilten
3749 3595 70 42 platz
3841 3595 71 36 über
3933 3597 61 33 200
4010 3607 37 24 m.

3269 3650 48 31 Jm
3337 3650 281 34 200Meter⸗Endlauf
3639 3654 59 31 ging
3719 3654 153 28 bekanntlich
3892 3656 47 30 auf
3959 3656 55 25 dem
4036 3656 95 28 dritten

3220 3683 71 33 Blatz
3317 3684 100 32 Körnig
3446 3685 190 32 (Deutjchland)“
3663 3689 148 30 zuͤſammen
3838 3690 46 25 mit
3911 3689 104 30 Jackſon
4041 3690 90 31 Scholz

3221 3717 142 33 (Amerita)
3383 3720 35 24 im
3437 3722 68 24 toten
3523 3720 109 27 Rennen
3652 3723 71 30 dürch
3742 3723 46 25 das
3806 3722 63 31 Ziel.
3905 3724 47 25 Um
3972 3727 45 24 den
4036 3725 95 25 dritten

3208 3748 81 46 Vlas
3310 3759 32 25 zu
3360 3754 140 28 ermitteln,
3519 3759 54 22 war
3591 3756 44 30 für
3653 3756 105 32 Freitag
3779 3758 41 26 ein
3839 3757 293 32 Ausſcheidungstampf

3220 3787 130 30 angefetzt.
3398 3787 117 26 Amerita
3545 3790 142 30 verzichtete
3717 3791 79 28 iedoch
3825 3791 43 30 für
3901 3792 88 31 Scholz
4017 3793 47 29 auf
4094 3794 37 24 die

3220 3820 183 36 Austragung,
3422 3822 23 32 ſo
3465 3823 47 31 datz
3533 3825 128 30 nunmehr
3679 3824 98 34 Körnig
3797 3826 36 26 die
3853 3826 135 31 Brongene
4008 3826 123 28 Madeille

3221 3853 93 31 erhält.

3490 3897 67 37 Das
3578 3898 286 43 Rnglampfturnier.

3253 3953 66 40 Am
3344 3952 119 46 Freitag
3501 3958 134 32 begannen
3673 3959 38 26 die
3751 3959 304 32 Ausſcheidungskämpfe
4096 3960 35 26 im

3219 3991 275 37 riechiſca⸗römiichen.
3532 3991 154 32 Ringtampf
3726 3994 41 24 der
3809 3994 322 31 Schwergewichtoilaſſen.

3219 4023 45 37 Jm
3286 4024 192 32 Mittelgewicht
3496 4027 88 27 konnte
3601 4027 111 32 Kuswitz
3731 4028 169 30 (Auſtralien)
3919 4031 54 23 dem
3991 4030 140 30 Deutſchen

3222 4064 96 19 Simon
3339 4059 59 26 eine
3424 4059 233 33 Vunktniederlage
3682 4062 155 31 beibringen.
3877 4062 128 32 Jacobſen
4033 4064 98 28 (Täne—

3220 4092 81 37 marh
3327 4094 68 31 warf
3418 4092 133 32 Nouribay
3577 4095 114 30 Cürkei)
3717 4097 25 24 in
3767 4097 14 22 7
3806 4096 133 28 Minuten.
3979 4099 86 30 Gleich
4090 4099 36 25 im

3217 4122 82 38 erſten
3322 4122 96 48 Nampi
3443 4128 42 25 der
3507 4128 350 33 Halbſchwergewichtsllaſſe
3879 4131 105 30 jtanden
4005 4132 43 30 ſich
4071 4133 61 29 zwei

3219 4154 53 38 alte
3298 4159 112 40 Rivalen
3436 4162 25 25 in
3488 4161 93 32 Rieger
3606 4163 191 32 (Deutſchland)
3824 4167 51 24 und
3900 4166 104 30 Hanſen
4032 4166 100 26 (TDäne—

3220 4193 80 32 marh)
3318 4195 152 31 gegenüber;
3505 4196 57 26 Aus
3578 4197 90 30 dieſem
3685 4198 108 30 Treffen
3812 4199 59 32 ging
3888 4199 95 32 Rieget
4002 4200 130 31 (Teutſch⸗

3220 4223 71 40 land)
3315 4225 61 46 nach
3398 4229 32 24 20.
3452 4229 124 27 Minuten
3598 4233 42 24 als
3662 4232 200 30 einwandfreier'
3885 4233 167 33 Punktſieger
4075 4235 58 30 her-

3218 4266 53 35 vor.
3311 4262 84 39 Einen,
3419 4264 101 30 ſchönen
3543 4265 64 32 Sieg
3629 4266 90 26 konnte
3741 4267 116 32 Gehring
3880 4268 193 30 (eutſchland)
4096 4271 37 24 im

3206 4291 219 40 Schwergewicht
3450 4297 198 38 herausringhen.
3691 4300 64 27 Sein
3781 4302 104 29 Geguͤer
3910 4301 97 32 Larfen
4033 4302 99 30 (äne—

3220 4330 80 29 mark)
3327 4330 89 38 mutzte
3442 4332 121 28 während
3586 4333 40 26 der
3651 4341 97 23 ganzen
3773 4335 179 30 Kampfdauer
3978 4337 37 24 die
4038 4337 94 25 Ueber—

3219 4364 126 38 legenheit,
3365 4366 43 24 des
3428 4365 139 32 Deutſchen
3585 4368 170 26 anerkennen.
3791 4369 38 29 Jn
3849 4371 41 24 der
3909 4371 97 24 vierten
4026 4369 107 28 Minnte

3219 4400 97 35 gelingt
3345 4399 118 32 Gehring
3492 4403 39 24 ein
3561 4401 253 32 Oberarmfaligriff,
3843 4404 41 25 der
3914 4403 96 32 Larjen
4039 4405 27 25 in
4094 4406 38 26 die

3218 4431 93 27 Brücke
3335 4433 103 30 zwingt,
3461 4434 37 26 die
3514 4433 124 33 Gehring
3661 4436 129 31 eindrückt.

3240 4465 84 38 Am
3340 4465 200 60 Jrſabenz
3558 4473 108 22 wurden
3684 4468 41 27 die
3742 4469 178 33 Ringkämpfe
3938 4471 36 27 im
3991 4471 140 33 griechiſch⸗

3223 4498 138 38 tömiſchen
3384 4499 48 27 Stif
3470 4500 35 26 im
3528 4500 289 33 Schwerathletikhaus
3841 4503 148 38 fortgeſetzt
4022 4504 40 33 Jn
4086 4506 45 25 der

3222 4533 111 30 zweiten
3360 4531 98 39 Runde
3485 4533 113 27 konnten
3625 4534 27 26 in
3679 4534 48 27 den
3754 4535 306 34 Leichtgewichtsffaſſen
4088 4539 41 25 die

3222 4563 132 33 deutſchen
3383 4564 171 38 Teilnehmer
3582 4566 188 33 entſcheidende
3799 4568 83 36 Siege
3909 4570 134 26 Eringen.
4081 4570 49 34 Jm

3222 4597 231 33 Bantamgewicht
3476 4599 155 26 entwickelte
3654 4600 41 33 ſich
3716 4601 118 32 zwiſchen
3856 4602 100 32 Leucht,
3978 4603 153 32 Kürnberg.

3221 4626 51 28 und
3300 4630 55 24 dent
3386 4631 162 28 Argenfiner
3576 4632 69 25 Vcse
3671 4641 41 17 Li.
3742 4635 159 25 vnmender
3928 4636 104 30 Kampf.
4076 4636 56 27 Der

3225 4661 122 66 d
3372 4663 105 39 brachte,
3505 4665 74 31 durch
3608 4665 95 31 flottes
3731 4667 149 33 Angreifen
3908 4667 89 31 ſeinen“
4027 4669 106 32 Gegnet

3224 4695 128 32 mehrfach
3370 4703 28 19 in
3416 4697 155 35 gefährliche
3588 4698 96 28 Situat
3691 4699 85 27 ionen
3801 4701 111 26 Bereits
3930 4701 60 32 nach
4008 4702 44 27 45
4074 4703 57 26 Mi⸗

3225 4730 90 36 nuten,
3328 4728 94 28 konnte
3440 4730 90 32 Leucht
3549 4732 48 26 den
3616 4731 175 27 Argentinier
3811 4733 74 32 durch
3896 4732 237 34 Selienaufreißer

3224 4760 48 32 auf,
3290 4765 42 22 die
3351 4761 92 27 Matte
3462 4762 82 33 legen.
3571 4763 68 32 Auch
3684 4764 84 33 Steinig
3789 4765 73 32 hatte
3883 4766 36 26 im
3939 4766 192 34 Federgewicht

3226 4793 27 27 in
3274 4792 99 34 Rery
3395 4794 217 32 Vaxecdellu
3635 4797 77 25 einen
3735 4797 177 33 Rrgentinier
3934 4806 59 26 zuͤm
4017 4775 115 59 E3

3224 4827 50 25 den,
3293 4833 28 19 er
3342 4827 27 26 in
3388 4828 44 27 95
3441 4828 142 36 Minnten
3604 4828 174 33 kentſcheidend
3797 4831 117 33 beſiegte.

3273 4859 215 39 Eutopameiſter
3512 4860 131 34 Sperling
3682 4864 80 25 tonnte
3787 4863 68 32 ſelne
3881 4865 62 32 erſte
3970 4866 161 34 Niederlage

3223 4891 76 33 durch
3316 4900 79 20 einen
3414 4892 68 35 Sieg
3501 4893 64 27 über
3584 4895 49 25 den
3652 4894 139 34 Jtaliener
3819 4892 97 68 oſtz
3939 4899 97 26 wieder
4056 4903 76 23 weit⸗

3224 4925 112 33 machen.
3364 4927 112 37 Bereite
3496 4926 27 38 in
3541 4927 44 27 25
3607 4927 129 28 Minuten
3757 4929 54 26 blieb
3850 4937 27 19 er
3898 4931 74 31 durch
3994 4932 137 31 Zammer,

3212 4953 51 47 lot
3283 4954 172 47 erfolgreich.
3473 4959 51 27 Die
3546 4960 129 31 deutſchen
3697 4961 171 32 Teilnehmer
3890 4964 86 30 haben
4000 4966 60 30 nach
4081 4967 49 25 den

3224 4987 156 41 bishetigen
3423 4987 136 48 Kämpfen
3595 4993 121 33 folgende
3758 4995 193 33 Fehlerpunkte
3994 4999 135 28 erhalten:

3224 5023 91 38 Feucht
3343 5025 15 25 9
3386 5025 112 31 Vunkte
3525 5025 99 39 Simòn
3651 5028 15 25 à.
3693 5027 112 32 Vunkte
3833 5029 112 33 Steinig
3975 5031 155 33 QKuntie,

3223 5055 100 35 Rieger
3340 5059 14 26 1
3371 5057 99 34 Punkt,
3487 5057 132 35 Sperling
3635 5061 14 25 3
3666 5060 112 34 Puͤnkie,
3796 5061 121 35 Gehting
3935 5064 15 25 5
3969 5063 112 33 Buule.

3518 5118 68 37 Leni
3606 5119 92 37 Aadle
3721 5121 115 41 erzählt.

3273 5177 61 32 „Jch
3353 5177 44 31 lief
3413 5175 62 33 nicht
3491 5179 48 28 auf
3557 5177 64 32 Zeit,
3637 5178 106 32 ſondern
3759 5180 48 30 auf
3825 5179 73 34 Sieg,
3916 5182 43 26 der
3976 5182 156 27 Weltrekord

3223 5215 55 21 war,
3306 5211 50 24 mir
3382 5212 54 29 egal,
3464 5216 51 25 und
3536 5211 32 31 ich
3592 5211 68 31 hätte
3686 5213 91 28 immer
3800 5216 58 27 noch
3881 5219 82 20 eiwas
3987 5223 143 25 zuzuregen

3206 5240 114 45 gehabt,
3337 5241 65 43 wenn
3430 5244 32 28 ich
3477 5245 47 30 auf
3524 5241 59 44 den
3602 5246 83 27 letzten
3702 5247 109 28 hundert
3826 5247 85 26 Meter
3929 5249 67 28 hätte
4013 5250 116 30 kämpfen

3223 5277 111 38 Müſſen.
3375 5274 46 37 Als
3451 5273 33 45 ich
3509 5279 61 30 mich
3595 5281 54 25 dort
3677 5280 136 28 umblickte,
3854 5281 42 30 ſah
3922 5282 40 29 ich,
4005 5283 48 31 daß
4078 5285 51 24 alle

3221 5310 185 31 Gegnerinnen,
3427 5311 139 33 geſchlagen
3588 5317 85 21 waren
3695 5314 50 26 und
3767 5313 86 28 konnte
3872 5315 74 31 jogar
3967 5320 56 27 noq
4044 5318 84 23 Ttwas

3221 5344 146 37 ahſtephen.
3408 5343 46 32 Jch
3475 5346 82 26 wollte
3580 5346 143 31 gewinnen,
3744 5347 32 30 ich
3799 5347 88 31 mußte
3910 5348 145 31 aewinnen,
4077 5352 53 23 und

3223 5377 33 30 ich
3280 5377 63 30 habe
3369 5377 44 32 für
3440 5378 68 28 mein
3533 5378 143 29 Vaterland
3700 5380 52 27 und
3775 5380 43 32 für
3843 5381 61 32 mich
3929 5383 48 26 den
4002 5383 65 32 Sieg
4091 5391 37 18 er—

3220 5410 122 28 rungen.“

3271 5419 49 55 Ei
3342 5444 104 32 fünften
3469 5444 80 32 Jahre
3570 5447 46 29 erſt
3636 5446 73 27 treibt
3730 5445 73 33 Frau
3825 5447 82 28 Radke
3928 5449 89 29 Sport.
4055 5449 74 32 Reich

3222 5483 35 31 an
3279 5477 94 37 ſtolaen.
3399 5478 123 30 Erfolgen,
3545 5479 27 30 iſt
3594 5479 63 31 dieſe
3682 5479 55 30 Zeit
3758 5481 121 30 geweſen.
3918 5482 57 29 Erſt
3998 5482 45 30 ſeit
4068 5484 61 24 1927

3223 5510 27 29 iſt
3271 5510 32 29 ſie
3324 5510 124 32 glückliche
3469 5512 122 31 Eheirau.
3629 5512 104 30 Jmmer
3750 5515 60 26 äber
3831 5515 119 28 während
3973 5516 40 26 der
4033 5524 96 22 ganzen

3224 5543 137 30 Laufbahn
3390 5544 27 29 iſt
3446 5545 38 29 ihr,
3509 5545 87 28 Kaun
3623 5546 37 28 ihr
3687 5546 83 25 Leiter
3796 5549 52 23 und
3874 5548 109 28 Trainer
4008 5550 121 30 gencfen.

3224 5572 65 46 Auch
3329 5577 51 29 jetzt
3419 5578 34 27 im
3491 5578 165 32 Nordſeebad,
3693 5584 37 20 wo
3750 5584 27 22 es
3800 5582 59 24 aber
3881 5585 43 21 vor
3946 5582 42 24 der
4012 5583 117 29 ſchweren

3221 5610 121 32 heutigen
3354 5610 117 32 Aufgabe
3497 5620 50 21 nur
3573 5611 115 33 zweimal
3701 5613 80 30 leichte
3794 5613 86 26 Arbeit
3891 5622 42 17 am
3948 5615 113 27 Strande
4073 5618 56 30 gab.

3263 5678 179 24 Nenandbund
3464 5680 130 26 Samsurg.

3632 5680 90 25 Nächſte
3759 5681 136 22 Manderun
3950 5687 37 18 am
4013 5683 118 22 Vonntag.

3220 5703 102 24 Abfabrt
3346 5706 50 22 633
3853 5687 58 24 iee

3434 5708 45 19 von,
3504 5706 262 28 vamourxeai
3732 5702 47 37 di.
3803 5707 95 24 Tre'ſen
3922 5709 24 20 ins
3972 5709 160 21 Winſerieär

3220 5730 42 20 vor,
3300 5729 51 22 dem
3383 5729 119 31 Lahngot.
3511 5725 155 39 „Sonntaas
3671 5733 57 19 atie
3765 5732 20 22 4.
3810 5732 36 22 Al.
3871 5732 160 23 Einiermoor
4070 5735 62 24 tbſen

3222 5754 60 24 2.40.
3304 5756 47 23 6.,
3366 5750 80 37 Nar
3452 5750 133 37 cleiſtung
3600 5755 28 22 26
3650 5756 51 22 Enm.

3257 5779 165 31 Eeretniteunq
3438 5781 180 21 Nordreutſcer
3632 5781 136 25 wanderer,
3783 5785 20 18 e.
3820 5781 38 23 .
3875 5782 131 26 „Samburg.
4025 5784 29 24 ci.
4072 5784 61 21 Lor-

3221 5804 114 24 ſitender:
3357 5805 65 23 Emü
3445 5805 110 23 Stender.
3593 5800 100 37 Lercinè
3698 5800 72 37 hautò:
3809 5807 80 23 Gſrot
3912 5808 62 21 ofeασ
4071 5810 63 21 NReu.

3221 5830 143 30 antnadmen,
3402 5833 46 20 von
3472 5830 90 23 Tamen
3585 5832 47 21 und
3654 5832 88 24 Lerten
3780 5832 117 23 ſchrifuicb
3933 5833 67 22 ducch
4021 5834 111 22 Witheim

3221 5857 85 21 Stenn.
3323 5856 128 24 Goßlerftt.
3470 5856 33 22 ſ.
3533 5855 121 25 Anfragen
3672 5856 125 23 Rucvorto
3817 5857 116 23 beifiaen.
3965 5858 91 24 Ruüchſte
4074 5861 60 20 Ker—

3220 5881 119 21 anſtaltung
3375 5881 118 24 Sonntaa.
3509 5880 19 22 5.
3545 5880 98 26 Auauſt:
3662 5882 162 23 manderunq;
3843 5883 169 23 Mntermoor.
4029 5885 104 24 Engerè.

3221 5906 103 23 muühlen,
3367 5906 64 24 Fintel,
3453 5906 121 24 Keneloh.
3595 5907 114 22 Scheezel:
3745 5907 173 22 Marfcleiſttung
3953 5911 61 19 etwa
4031 5910 101 21 därRm.

3219 5931 102 23 ii
3343 5915 487 41 Edina
3890 5933 119 23 e
4031 5935 102 21 nn

3220 5960 68 17 mogt
3324 5957 49 28 „vor,
3405 5957 51 20 dem,
3479 5956 119 25 Bahnbat.
3637 5956 190 25 Sonniggataric.
3868 5957 78 22 At.
3971 5959 162 21 Rintermost

3222 5981 60 28 Ei
3298 5981 45 29 Q.
3351 5981 72 21 eten.
3452 5981 223 26 cietamtfatrroſten
3688 5980 22 25 2.
3712 5981 28 23 Mi
3755 5982 36 23 4.
3820 5982 104 25 Fuhrer?
3939 5984 100 25 Riqard
4054 5985 78 27 Sinta

3220 6006 70 25 Gäſte
3313 6006 165 24 willtommen.
4102 6016 30 21 2

4230 232 10 21 B

4225 389 16 29 ſ

4229 420 10 14 —

4228 438 10 12 D

4228 469 11 18 2

4227 491 11 19 E

4227 519 9 9 E

4354 2182 11 45 1
4345 1789 20 16 nt

4346 2676 19 11 e
4346 2595 19 31 1
