3508 5310
257 135 65 40 Tee
335 137 61 36 vnd
409 136 87 36 deren
511 134 199 45 Erſatzmitiel.
731 132 47 37 S.
799 143 45 26 m.
864 132 31 36 b.
909 130 200 48 z

260 182 153 43 aß)
426 185 83 30 umer
520 179 128 41 Angaͤbe
664 180 50 32 det
727 177 129 43 Menge,
878 179 52 33 des
943 175 148 44 bezahlten
1106 172 88 52 Einke

258 228 107 40 preiſe⸗
378 227 59 32 uͤnd
452 226 52 32 des
518 222 329 42 Aufbewahrungsoris
867 215 100 59 unver
986 215 77 59 glich
1084 226 185 33 anzuzeigen;

264 272 59 38 ——
485 267 97 53 —
615 266 23 42 ⏑
651 266 289 46 —
1006 262 38 39 —
1080 256 34 68 ⏑⏑
1119 260 150 50 —

251 309 148 42 —
412 310 212 46 —⏑
635 309 150 35 —
779 298 16 62 ⏑
836 309 128 41 —
970 304 93 43 —
1083 302 186 43 —

258 357 107 33 bendes
384 354 165 45 Fotmulat
557 348 43 56 zu
607 352 160 43 benutzen.

340 399 58 33 Als
420 396 503 43 Einführender
653 390 57 56 im
709 390 103 56 Sinne
816 390 127 56 dieſer
945 394 242 48 Beſtimmungen
1210 391 60 39 gili⸗

257 453 61 23 wer
353 443 71 41 nach
447 440 145 46 Eingang
623 441 50 34 der
694 440 94 34 Wate
819 443 42 30 im
882 437 122 43 Jnland
1022 447 61 39 g
1094 434 175 50 Verfuͤzung

257 484 72 36 —
341 483 434 45 —
667 472 12 63 :
787 483 60 40 —
867 481 248 50 —
1135 478 43 39 —
1207 476 62 33 —

259 531 89 41 findel
378 529 51 42 ſich
462 529 50 33 der
531 527 359 43 Verfagungsberechtiste
919 525 72 40 nicht
1012 533 44 23 im
1076 522 131 42 Jnland,
1238 520 32 39 ſo

233 573 242 49 ixitt
332 567 45 59 an
386 573 89 49 ſeine
487 571 99 41 Sielle
605 573 55 35 der
675 571 197 41 Empfanser.

323 627 85 43 382.
413 613 83 61 Wer
495 613 82 61 aus
592 626 64 31 de
666 623 141 33 Ausland
814 623 112 41 Aaffee,
942 620 70 41 auch
1027 613 43 61 in
1068 617 196 50 Miſchungen

235 657 79 59 mit
320 657 152 59 anderen
476 657 213 59 Etzenguiſſen,
702 657 143 59 einfũhrt,
868 665 53 40 hat
941 663 50 40 ihn
1016 672 40 23 an
1078 664 53 31 den
1142 661 126 38 Axiegs⸗

253 708 141 46 aueſchuß
408 723 32 30 zu
465 712 109 39 liefcen.
604 709 45 34 Er
663 710 51 38 hat
727 710 51 39 ihn
793 710 50 30 dis
862 717 49 31 zur
925 707 163 49 Abnahme,
1104 704 90 39 durch
1214 704 54 32 den

241 743 175 60 Jtieg⸗du⸗
416 743 85 60 ſchuß
519 754 55 33 mit
571 743 65 60 der
638 743 143 60 Soegfalt
787 752 77 32 eines
876 749 188 40 ordentlichen
1070 747 199 40 aufmann⸗

486 799 38 32 in
533 794 252 44 handelsũbũcher
797 793 95 40 Weiſe
906 804 37 31 zu
959 792 156 40 verñchern
1135 791 64 50 und
1216 789 53 41 auf

253 810 88 68 —
354 841 58 42 zu
428 840 171 39 verladen.
610 838 45 36 Et
669 839 53 40 hat
735 839 53 41 ihn
802 838 53 40 auf
876 836 174 40 Berlangen
1072 836 52 32 des
1143 834 126 40 Ariess⸗

235 884 196 44 ausſchuſſes
454 896 40 22 an
510 882 100 45 einem
631 893 77 24 vom
725 881 89 41 dieſen
836 892 33 31 zu
884 878 386 44 beſtimmenden
1115 874 88 58 Orte
1207 874 59 58 zur

235 928 220 43 Beſichtigung
475 939 34 31 zu
529 928 104 41 ſtellen.

303 982 59 42 8
382 982 50 32 3.
455 977 62 36 Der
536 978 261 42 Aiegsausſchuß
820 979 56 39 hat
904 977 51 41 ſich
978 973 196 45 unverzuslich
1197 973 72 40 nach

233 1025 182 42 Empfang
428 1014 59 57 der
495 1014 136 57 Anzeige
651 1021 34 44 (8
708 1022 25 42 JJ
746 1014 34 57 zʒu
809 1022 139 35 erklären,
977 1020 40 33 ob
1022 1014 48 57 er
1084 1014 59 57 den
1165 1018 105 40 Kaffee

235 1067 215 43 bernehm̃en
465 1057 71 59 wim
550 1066 102 40 Sehi
669 1066 111 32 binnen
786 1057 99 59 einer
899 1057 103 59 Woche
1023 1063 72 39 nach
1111 1061 158 51 Empfang

229 1109 79 44 der
316 1101 122 58 Anzeige
446 1111 55 41 die
514 1109 165 40 Ecklarung
701 1109 72 40 nicht
796 1110 54 35 ein,
871 1109 69 32 oder
960 1107 103 32 erklart
1084 1107 48 31 der
1145 1105 124 39 Kriegs⸗

253 1211 79 7 —

318 1242 87 23 —
451 1264 16 4 ——
651 1241 10 15 2
1053 1241 26 16 2

301 1265 137 60 Die
451 1240 299 84 Penſion
772 1237 133 70 des
951 1235 250 72 Glücks.

246 1321 73 55 (10.
328 1352 132 14 Fortf.)
480 1331 122 34 Roman
619 1337 66 30 von
705 1328 88 39 Fritz
815 1325 247 41 Uhlenhorſt.

331 1377 83 58 Was
427 1400 69 30 war
522 1392 74 30 denn
607 1390 67 31 loz?
694 1388 72 33 War
775 1388 64 31 dem
861 1386 51 31 ein
926 1385 87 45 deſt?
1034 1383 59 33 En
1107 1381 146 45 Geburts⸗

234 1443 109 16 tag?
358 1428 79 35 War
463 1432 49 29 der
531 1429 83 35 ſelige
631 1428 76 35 Serr
726 1425 169 35 Sũdekamp
917 1425 110 43 wieder
1057 1422 136 43 lebendia
1208 1428 45 27 ge

253 1471 138 33 —
409 1470 59 31 —⏑
546 1467 61 35 —
611 1475 16 22 ⏑
652 1475 10 27 :
679 1474 33 22 —
730 1455 28 55 ⏑
776 1462 152 36 —
957 1471 12 22 E
1043 1459 210 35 —EE—

238 1508 230 38 Senmgetenct
485 1507 77 34 oder
567 1496 83 54 hatte
668 1504 47 31 ein
732 1502 96 34 Ontel
845 1504 59 29 aus
921 1500 164 46 Amerita⸗
1133 1498 23 31 U

350 1547 152 33 BSWar
522 1545 62 32 Enc
603 1543 84 36 Jdec.
714 1540 175 38 Raturlich/
905 1548 61 23 eine
986 1536 155 36 Erbſchaft.
1172 1535 80 37 Das

250 1595 87 24 war
356 1586 56 32 das
431 1582 95 38 Gſck,
544 1591 59 24 von
621 1581 64 32 dem
703 1589 31 23 er
753 1580 87 35 ibnen
868 1577 77 37 batte
969 1577 86 36 ſagen
1075 1574 88 35 laſien
1192 1574 60 31 und

273 1632 100 29 Degen
391 1623 92 34 deffen
501 1621 36 36 ſie
556 1621 78 34 hatte
652 1620 117 32 weinen
783 1617 117 36 müſſen,
928 1616 59 32 und
1013 1623 62 24 num
1095 1613 100 35 ſollten
1216 1612 64 35 ſie

274 1664 121 32 dem
402 1648 114 55 Glůce
526 1658 180 36 teilnehmen
725 1657 60 32 und
805 1673 25 5 —
829 1656 72 43 ſie
915 1654 55 37 gab
991 1652 48 46 ein
1057 1652 76 36 Feſt

347 1700 70 33 Bas
437 1708 63 23 war
519 1696 97 37 hübi
636 1704 57 24 don
712 1694 53 38 ipt.
786 1694 67 36 ſebr
866 1692 105 46 hübjch.
988 1691 69 45 Bie
1071 1690 68 32 aber
1151 1688 100 35 wuchs

259 1741 71 32 das
349 1738 147 36 Siaqumen
525 1737 48 30 As
593 1736 37 35 fie
657 1734 78 35 felbit
763 1733 117 35 eintrat.
907 1740 33 23 in
971 1739 94 36 einem
1098 1724 74 55 zwar
1184 1728 68 31 alt⸗

236 1777 202 37 ADdiſchen.
457 1776 67 31 aber
542 1775 68 34 noch
631 1774 102 31 immer
752 1770 181 45 wundervoll
950 1769 125 36 ſchõnen.
1094 1768 158 35 ſchwarzen

275 1815 193 35 SEendenkleid.
505 1813 65 33 Und
591 1813 46 35 ihr
655 1812 154 35 Sahnchen
838 1810 31 31 in
893 1817 91 36 einem
1004 1816 102 26 neuen.
1125 1804 127 37 famoſen

262 1855 268 35 Mactofenanzug.
550 1852 54 33 mit
624 1852 89 31 einem
734 1849 139 44 blendend
894 1846 113 36 weiten
1026 1846 126 43 Kragen

352 1893 69 39 Sa
439 1892 83 36 fagen
542 1890 57 33 Sie
618 1891 66 34 mir,
713 1889 80 36 Ftau.
814 1887 177 34 Sudekamp.
1021 1887 66 29 mas
1116 1884 32 33 ilt
1177 1883 75 31 denn

237 1933 116 33 los?
382 1931 76 34 Was
486 1930 42 34 iff
546 1930 76 31 denn
650 1927 164 37 geſchehen?
856 1925 93 34 Wozu
982 1923 66 33 darf
1078 1930 69 23 man
1176 1922 76 30 denn

311 1965 159 48 atuliexen?

252 1981 162 59 Staneſ
496 2006 140 35 ſrablend
656 2013 53 24 var
728 2003 112 35 greude
859 2002 58 31 und
940 2000 101 33 Glid:
1071 1998 72 45 gu.
1154 1998 97 43 Mem.

274 2050 67 30 wes
362 2046 58 33 Sie
446 2054 56 24 nur
531 2044 114 36 wollen,
677 2051 65 27 zum
773 2049 109 28 ganzen
909 2039 106 35 Leben,
1047 2038 57 31 das
1136 2039 58 33 jett
1223 2043 28 28 ſo

274 2084 179 35 wundervoll
473 2083 76 35 ſchõn
570 2082 58 35 iſt.

351 2124 68 38 Ja,
439 2122 66 32 aber
524 2121 151 34 wodurch?
707 2119 179 33 Wodurch?“
988 2155 6 6 m

351 2163 80 37 Das
454 2162 73 31 ann
545 2159 41 34 6
606 2159 99 35 Jhnen
726 2158 73 33 mickt
819 2158 91 34 lagen.
940 2155 87 37 Nein,
1042 2153 132 46 wirllich,
1195 2152 57 32 alle

263 2202 97 37 Jhte
371 2201 112 35 Fragen
504 2198 57 34 ſind
581 2198 36 31 da
638 2197 128 44 umionit.
805 2196 55 36 Jch
881 2195 87 32 werd'
998 2197 32 29 es
1061 2192 73 35 nicht
1158 2191 94 37 ſagen,

275 2241 69 31 Beil
363 2239 67 34 ich's
450 2238 72 33 nicht
541 2237 82 35 ſagen
643 2236 90 33 darf..
956 2272 52 6 J

350 2277 72 39 Na
441 2274 151 39 jedenfalls
614 2274 85 34 laſſen
719 2273 58 32 Sie
797 2273 49 34 ſich
877 2272 140 44 herzlichit
1045 2271 206 45 gratulieren,

258 2317 81 36 Und
360 2316 84 36 jeder,
465 2315 74 31 einer
558 2313 67 33 nach
646 2314 62 31 dem
729 2312 118 34 andern,
876 2320 68 27 ging
977 2311 50 34 hin
1057 2310 59 32 und
1145 2310 107 31 drückte

273 2355 47 36 ihr
338 2355 45 32 die
401 2354 94 35 Hand.

347 2393 91 32 Dann
459 2391 85 34 nahm
564 2398 69 23 man
653 2389 87 35 Vlas.

346 2431 80 35 Frau
450 2430 166 35 Euͤdekamp
646 2428 103 32 druͤckte
778 2427 52 32 auf
859 2428 52 30 den
941 2426 172 34 elektriſchen
1142 2425 109 37 Knopf,

273 2471 86 32 imd
407 2470 73 31 da
511 2468 79 33 hörte
619 2467 43 30 die
690 2465 221 36 Weltgeſchichte
944 2465 63 33 auf!
1048 2464 59 32 Ein
1135 2465 116 35 junges,

290 2508 128 35 ſerliches
438 2506 249 33 Stubenmädchen
706 2507 59 29 trat
786 2505 45 31 ein
851 2505 58 30 und
929 2503 111 34 brachte
1060 2504 46 30 die
1119 2502 131 35 Schũm̃el

272 2519 106 63 —
422 2545 72 33 Eine.
527 2543 128 35 Schüſel
687 2544 54 30 mit
768 2542 203 36 prachtollem
1000 2541 160 35 Aufſchnitt
1190 2541 61 31 und

273 2585 117 36 feinſten
411 2583 199 36 Delikateſſen,
638 2582 57 32 und
716 2582 54 31 mit
799 2582 50 30 der
875 2581 69 35 ging
973 2580 37 34 ſie
1043 2580 52 34 erit
1115 2589 33 26 zu
1169 2580 82 36 Frau

270 2623 169 35 Suͤbekamp
460 2622 58 32 und
538 2620 58 36 ließ
615 2621 129 34 nehmen,
772 2620 79 31 dann
880 2628 35 26 zu
934 2619 143 35 Fräulein
1094 2618 71 35 Seil
1191 2619 60 31 und

270 2669 38 29 ſu
320 2661 56 32 der
394 2661 125 32 vlonden
538 2660 91 35 Frau,
648 2657 105 34 darauf
771 2667 35 27 zu
827 2658 55 31 der
911 2657 54 31 mit
993 2657 123 34 offenem
1136 2655 116 33 Munde

269 2699 180 36 daſwenden.
468 2698 30 31 in
518 2697 92 35 ißrem
631 2696 139 35 drolligen
793 2695 137 32 Staunen
950 2704 72 26 ganz
1044 2694 105 36 köſtlich
1180 2697 70 29 aus⸗

266 2737 138 35 fehenden
422 2736 109 32 Heinen
551 2734 130 32 Meinert
700 2734 58 31 und
781 2734 77 31 dann
879 2742 33 27 zu
933 2734 55 31 den
1006 2733 102 31 beiden
1126 2734 123 34 Herren.

266 2775 49 36 Su
333 2775 74 36 Fritz
423 2775 104 35 Hagen
546 2774 102 36 zuletzt.

340 2813 67 32 Und
427 2813 74 31 ales
521 2812 139 34 fcũttelte
681 2811 44 32 die
745 2811 94 33 Köufe
858 2810 59 32 und
938 2810 47 34 ſah
1006 2819 35 27 zu
1055 2810 81 35 Frau
1150 2809 99 32 Süde⸗

265 2853 85 35 lamp
369 2852 50 35 hin
438 2852 58 31 und
517 2850 87 35 ſchien
623 2851 55 30 wie
697 2859 57 22 von
775 2849 92 31 einem
881 2848 129 32 Traume
1029 2848 133 34 befallen
1157 2844 24 48 .
1182 2848 68 32 Nur

255 2883 110 53 Franz
373 2883 143 53 Wallner
533 2889 84 35 nicht,
646 2890 48 30 der
717 2888 54 31 mit
792 2889 91 30 einem.
905 2887 262 36 Donnerwetter?
1189 2887 60 43 ſich.

267 2929 30 35 jo
316 2930 57 31 vicl
393 2937 31 22 er
441 2937 57 22 nur
518 2928 110 33 konnte,
647 2935 56 23 von
725 2926 48 32 der
793 2926 66 32 noch
881 2926 103 31 immer
1001 2925 96 32 vollen
1118 2925 131 34 Schũſfel

269 2967 52 35 auf
339 2967 94 33 ſeinen
452 2966 96 32 Teller
567 2966 97 35 nahm,
691 2965 59 31 und
771 2965 45 30 die
835 2964 104 34 Haände
965 2963 128 33 darũber
1122 2964 127 36 ſpreiste,

268 3007 49 31 als
336 3006 78 36 hätte
433 3013 29 23 er
481 3004 112 36 Furcht,
615 3004 54 31 alle
690 3004 44 30 die
752 3002 183 35 Leckerbimñen
966 3003 131 35 könnten.
1128 3002 55 32 wie
1207 3002 41 32 im

268 3043 212 36 orientaliſchen
511 3042 147 35 Märchen,
686 3041 216 34 verſchwinden.
951 3040 57 35 Na.
1038 3042 58 30 und
1128 3040 53 36 daß
1212 3041 37 34 ſie

267 3082 123 36 wirklich
411 3082 101 31 wacker
531 3081 222 33 verſchwanden,
773 3080 86 32 daſür
879 3080 92 35 ſorgte
991 3080 46 31 die
1051 3079 119 35 mahlich
1185 3078 63 36 auf⸗

266 3121 122 32 tauende
409 3119 183 36 Stimmung,
620 3127 33 27 zu
674 3119 49 31 der
743 3118 48 32 der
810 3118 85 32 Wein
924 3118 81 34 wohl
1033 3117 94 34 jeinen
1147 3117 101 32 Anteil

268 3160 55 32 mit
340 3159 121 37 beitrug.

341 3197 66 32 Und
426 3198 78 32 dann
523 3197 61 31 kam
605 3195 108 33 Marie.

345 3235 225 36 Glückftrahlend
599 3236 66 32 auch
692 3235 43 32 ſie.
775 3233 64 33 Mit
865 3233 118 36 weiſer,
1013 3233 235 37 vorgebundener

271 3273 127 37 Schũrze
417 3275 58 31 und
496 3275 30 31 in
547 3274 91 31 ihrem
658 3273 239 35 Sonntagsſiaat.
937 3272 46 36 Jn
1003 3272 102 32 beiden
1122 3273 125 33 Handen

270 3313 68 34 aber
353 3314 61 31 eine
426 3312 113 36 ſchwere
561 3310 127 35 Schuſſel
715 3313 53 29 mit
794 3312 91 31 einem
905 3310 157 34 prachtvoll
1083 3311 164 37 duſtenden,

269 3351 180 37 dollſaftigen
470 3351 118 33 Braten.
610 3350 46 31 der
678 3351 53 30 das
752 3350 116 40 ſtumme
883 3347 138 34 Staunen
1043 3350 49 31 der
1112 3351 134 35 anderen

269 3391 56 31 das
344 3390 71 34 ſtille
433 3389 117 33 Laͤcheln
565 3388 72 34 Frib
649 3389 120 34 Hagens
791 3389 58 30 und
869 3388 43 31 die
927 3389 78 30 laute
1019 3388 225 36 Bewunderung

240 3429 117 34 Hans
376 3428 148 32 Wahlners
545 3427 132 34 erweckte,
698 3427 47 31 der
766 3426 227 35 aufgeſnrungen
1015 3436 63 22 war
1098 3428 58 29 und
1181 3429 63 29 dem

269 3466 112 34 Braten
402 3465 197 34 enthuſiaſiiiſch
620 3466 52 30 mit
693 3466 47 30 der
760 3464 95 32 Gabel
877 3465 274 34 entgegenfuchtelte.

345 3504 71 37 „Ach
437 3504 81 34 Gott,
538 3512 60 22 wer
618 3506 31 28 es
670 3512 55 22 nur
745 3505 54 28 alle
813 3503 80 35 Tage
912 3503 29 34 ſo
961 3504 106 33 hätte“
1090 3503 70 32 Das
1181 3512 64 22 war

259 3543 91 35 wohl
368 3544 54 31 der
436 3542 153 36 allgemein
603 3541 122 36 geiuͤblte
739 3540 118 34 Bunich
877 3543 58 29 und
956 3541 77 33 ſelbit
1055 3542 45 30 die
1113 3541 132 36 Wangen

270 3582 51 31 der
339 3580 107 35 blaſfen
465 3580 79 35 Frau
565 3579 94 34 halten
681 3579 47 32 ſich
758 3579 79 33 ſchon
867 3580 45 29 ein
944 3587 71 26 gans
1036 3580 72 30 klein
1130 3578 114 35 bißchen

271 3619 117 36 gerötet,
409 3618 114 34 obwohl
543 3618 35 33 ſie
598 3617 121 33 wirllich
740 3626 57 22 von
818 3618 62 29 dem
901 3616 101 32 Weine
1022 3626 57 22 nut
1099 3617 109 34 nippte.

344 3656 75 34 Auch
425 3650 78 49 Elſe
515 3650 74 49 Heil
610 3664 62 22 war
692 3664 71 26 ganz
786 3654 189 36 faſſungslos.
1014 3654 78 35 Auch
1112 3656 31 30 in
1164 3655 81 33 ihren

270 3694 103 37 Augen
392 3694 95 36 glühte
508 3694 43 30 die
573 3693 109 35 Freude
702 3694 57 30 und
782 3694 52 29 mit
864 3693 45 32 ihr
940 3694 44 30 die
1004 3694 107 30 wieder
1131 3694 114 34 erhöbte

269 3732 194 35 Lebenskraft,
482 3734 58 29 und
561 3731 36 34 ſie
618 3731 101 32 drückte
740 3731 71 35 Frit
825 3731 100 34 Hagen
947 3732 56 29 mie
1023 3732 156 33 verſtohlen
1200 3732 45 31 die

269 3771 87 35 SHand
374 3771 58 31 und
452 3770 123 32 flũſterte
594 3770 58 30 ihm
673 3778 71 25 ganz
775 3769 64 31 leiſe
864 3778 47 26 zu:
944 3769 73 34 „Oh,
1039 3770 37 31 ich
1098 3768 48 32 bin
1169 3769 27 31 ia
1217 3769 28 34 ſo

270 3808 134 37 glücklich,
422 3808 56 34 daß
497 3808 78 35 Jhre
594 3807 124 36 Ahnung
740 3807 57 31 Sie
824 3808 31 30 in
882 3807 101 34 dieſem
1005 3807 83 35 Falle
1108 3807 72 34 nicht
1200 3807 45 31 be⸗

243 3849 127 34 trogen
390 3848 78 33 hat!“

343 3884 99 38 „Wird
463 3884 34 34 ſie
519 3888 31 27 es
572 3885 72 30 denn
665 3885 29 29 in
715 3883 142 35 Jhrem?“
880 3883 91 36 fragte
991 3893 39 22 er.

343 3923 52 32 Da
414 3923 66 31 aber
499 3922 140 35 ſchüttelte
658 3922 35 34 ſie
711 3922 53 31 mit
786 3923 61 29 dem
862 3922 100 33 Kopfe.
1003 3922 164 35 „Srrechen
1187 3923 57 31 wir

270 3962 95 32 danon
382 3960 81 36 nicht,
484 3961 56 33 ietzt
559 3961 82 32 nicht.
678 3959 100 34 Lajjen
800 3960 55 31 Sie
877 3963 57 28 uns
952 3969 59 22 nur
1031 3970 36 21 an
1088 3963 54 30 das
1158 3961 86 32 Glück

270 4000 111 34 denken,
402 3999 53 31 das
476 3999 59 34 hier
554 4007 57 23 von
632 3999 87 30 einem
735 3998 148 35 geſchaben
904 4001 107 28 wurde.

345 4036 80 39 „Der
438 4037 109 31 Braten
568 4045 63 22 war
650 4037 107 30 delitat.
797 4036 76 34 Alig.
889 4035 109 36 Maxie,
1013 4037 57 30 wir
1084 4037 88 33 haben
1194 4038 47 31 bis

271 4076 82 35 heute
372 4076 27 33 ja
420 4084 51 26 gar
490 4074 72 33 nicht
582 4074 121 35 gewußt,
725 4074 53 33 daß
800 4074 56 32 Sie
872 4075 119 32 wirllich
1007 4076 98 31 kechen
1125 4076 116 31 fönnen.

272 4113 74 31 Aber
366 4113 56 31 Sie
441 4113 58 33 ſind
521 4113 59 29 eine
602 4112 93 33 Berle.
736 4112 71 31 Eine
838 4112 26 34 ſo
897 4113 132 32 herrliche
1059 4112 97 35 Perle,
1187 4113 55 36 daß

252 4151 59 34 ich
329 4152 67 34 noch
416 4160 48 21 um
485 4151 44 30 ein
545 4150 146 33 Stückchen
706 4150 110 32 Braten
832 4150 87 31 bitten
935 4150 77 35 muß,
1028 4152 213 36 vorausgeſetzt,

247 4189 81 35 daß
348 4189 37 34 ich
407 4188 87 33 dari

345 4226 99 37 „Eſſen
466 4226 64 35 Sie,
551 4226 84 34 ſoviel
657 4226 55 31 Sie
734 4236 53 21 nur
807 4228 134 33 wollen“,
961 4227 74 34 ſagte
1052 4227 77 32 Frau
1145 4227 96 31 Süde⸗

270 4266 90 35 kamp,
379 4265 45 31 die
443 4266 32 35 in
493 4267 61 28 dem
576 4265 111 30 Anblic
707 4267 47 28 der
774 4265 188 35 allgemeinen
978 4265 111 34 Freude
1105 4267 99 34 gerade
1209 4275 33 25 zu

270 4303 151 36 ſchwelgte,
441 4304 56 30 und
529 4303 43 32 ihr
594 4302 149 32 Söhnchen
774 4303 80 34 innig
886 4312 36 21 an
944 4303 47 33 ſich
1022 4313 61 26 zog,
1113 4306 54 28 das
1189 4304 53 31 mit

271 4341 115 36 großen,
408 4341 174 30 leuchtenden
605 4341 98 34 Augen
725 4350 55 22 von
801 4341 90 30 einem
918 4350 65 25 zum
1005 4342 107 30 andern
1135 4342 106 34 hiniab,

271 4378 85 36 gleich
376 4380 47 29 als
444 4379 96 30 wollte
562 4387 28 21 er
611 4379 40 30 bei
676 4378 84 33 jedem
785 4379 50 30 den
857 4379 137 31 Eindruck
1017 4380 80 31 ſehen
1118 4380 57 30 und
1197 4380 44 30 be—

272 4417 140 32 obachten.
432 4418 51 30 den
505 4420 53 27 des
574 4416 128 32 Feſtauf
724 4416 47 31 ihn
794 4417 111 33 machte.
945 4417 65 30 Und
1032 4426 28 21 er
1081 4419 98 29 konnte
1195 4427 45 25 zu⸗

271 4454 108 34 frieden
399 4454 65 35 ſein,
485 4456 71 29 denn
572 4455 107 30 überall
700 4454 45 32 jah
766 4463 29 21 er
810 4464 55 21 nur
880 4455 86 33 frobe,
982 4457 48 28 der
1045 4455 119 34 Freude,
1178 4459 62 28 dem

271 4492 134 35 Genuſſe,
424 4493 60 31 dem
505 4491 92 32 Leben
619 4492 228 36 zurüdgegebene
866 4492 148 35 Geſichter,
1037 4495 53 29 wie
1105 4493 135 34 Wilhelm

271 4530 100 32 Raabe
390 4530 28 33 fo
439 4531 176 30 wundernoll
638 4530 65 35 ſagt.
743 4531 63 31 Und
825 4532 66 29 nach
906 4532 60 30 dem
982 4531 123 35 Deſſert,
1120 4549 31 5 —
1168 4534 72 29 denn

271 4568 141 33 Nachtiſch
433 4568 52 36 gab
508 4570 30 28 es
562 4568 256 33 iwerſtändlich
834 4570 73 33 auh,
929 4571 54 29 wie
1005 4579 66 22 man
1093 4570 27 35 ja
1136 4570 104 32 deutſch

270 4606 83 37 ſagen
373 4606 105 36 mußte,
499 4607 92 31 dachte
613 4616 63 21 imnan
698 4616 62 24 zum
783 4607 83 33 eriten
880 4610 45 28 nal
950 4608 105 30 wieder
1075 4608 47 34 ſeit
1142 4610 99 34 lenger

268 4645 65 70 d
358 4654 51 25 gar
439 4654 67 22 unm
540 4654 96 23 ean,
657 4645 325 35 auseinanderzugehen,
1013 4648 117 30 ſundern
1161 4647 78 32 Frau

302 4684 133 32 üdelamp
459 4683 137 43 entiprac
618 4686 134 31 aetadesu,
783 4688 58 26 dem
869 4685 196 36 allgemcinen,
1096 4689 142 33 unausge-

269 4722 163 35 ſprochenen
455 4721 139 36 WMimiche,
617 4726 45 26 ais
690 4722 32 33 ſie
753 4722 81 35 ſagte,
866 4724 150 34 „vielleicht
1049 4728 116 27 rauchen
1195 4725 44 31 die

264 4774 111 35 —
868 4781 55 28 .
1179 4784 58 32 9

264 4814 142 34 plaudern
427 4817 56 26 ui
505 4821 162 25 mutizieren
691 4817 44 29 ein
756 4815 140 33 biſtchen“.

340 4850 58 33 Dier
417 4853 111 31 Herren
550 4856 128 27 raugten
700 4862 57 22 nun
773 4856 159 34 allerdings
953 4857 80 35 nicht,
1051 4857 116 33 ſondern
1181 4869 57 22 nur

265 4889 46 45 ein
330 4890 77 43 Herr
427 4892 56 29 und
515 4899 77 25 swar
612 4891 84 30 Haus
718 4891 138 35 Wammeret
887 4895 135 31 wulrend
1044 4895 71 34 Fris
1135 4898 102 34 Sagen

263 4928 55 30 mit
337 4936 30 22 in
382 4929 51 30 den
451 4928 133 33 Salon“
601 4929 75 36 ging,
692 4930 28 31 in
741 4932 47 29 der
801 4931 157 36 Hoſinung.
974 4933 64 34 Elje
1051 4934 67 34 Heü
1133 4928 105 40 wieder

263 4965 96 36 ſingen
379 4975 34 25 zu
434 4968 94 29 hiren.

310 5004 83 45 Em
415 5005 122 31 natiten
558 5005 80 36 Tage
657 5006 72 31 beim
752 5007 144 35 Frühſtück
911 5025 34 5 —
960 5010 53 31 das
1036 5019 36 23 an
1088 5010 76 33 Güte
1179 5013 58 32 und

247 5037 246 54 Reichbaltigkent
529 5046 56 41 das
621 5045 112 36 aeſirige
767 5045 60 45 Feſt
860 5048 139 36 geradezu
1032 5048 138 36 fortfezen
1203 5060 34 27 J

248 5080 118 47 wolleg
387 5081 86 35 ſchien
486 5098 33 29 —
532 5089 139 38 ereignete
684 5083 47 34 ſich
747 5087 105 30 wieder
871 5089 93 31 etwas
978 5096 74 29 gans
1064 5087 172 38 Serfame⸗.

326 5119 52 44 Es
399 5121 62 34 tam
481 5129 47 27 ein
549 5121 92 38 Brief.

782 5152 42 10 —
866 5155 54 8 ——
959 5155 31 8 —
1077 5158 16 5 —

1072 1204 57 6 —
1160 1202 267 9 —
1231 1190 80 28 —
1317 1190 80 28 —
1434 1200 86 6 —

1284 2049 7 55 —

1310 564 68 33 das

1314 126 79 85 7
1480 143 109 67 —
1739 176 20 30 —

1519 125 46 44 s
1582 121 238 53 EA
1822 93 92 91 ldGn
1925 93 209 91 Merrcimen
2153 122 73 39 mil
2247 122 32 41 ſo
2285 93 31 91 e

1404 213 61 43 Ba
1496 215 49 33 der
1562 214 259 44 n
1844 199 56 68 die
1909 203 203 52 Abernahme
2131 211 213 48 Elangt,
2290 199 52 68 ſo

1320 259 77 34 kann
1430 259 56 31 der
1509 257 73 42 nach
1603 257 25 44 8
1629 252 28 53 2
1647 259 132 39 dieſer
2066 253 31 35 V

1319 301 144 43 Eeiftlich
1485 291 342 53 anfio⸗
1583 287 56 67 de
1666 287 74 67 den
1739 291 88 53 Aaffe
1890 299 110 42 Szaneh
2110 254 237 84 Jn

1422 312 11 22 i
1827 312 31 23 ee
1871 309 211 33 abzmnehmen.
2297 307 49 22 me

1316 335 57 60 hat
1376 335 163 60 inerhalb
1553 343 63 34 vier
1636 335 125 60 Wochen
1770 335 96 60 naͤch
1870 343 160 42 Empfang
2051 343 51 31 der
2122 339 224 43 Arfforderung

1320 399 33 31 zu
1372 389 137 39 erfolgen.

1406 432 74 42 3
1522 430 61 33 Der
1603 432 258 41 Xriegsausſchus
1892 433 67 39 ſetzt
1983 430 56 33 den
2072 419 274 50 ſibernahmepreis

1320 476 146 40 endgũltig
1486 475 138 40 jeſt.

1404 519 24 38 S
1448 520 31 31 5.
1521 517 122 42 Erfolgt
1664 519 46 33 die
1738 519 152 41 Lieferung
1911 517 75 39 nicht
2018 516 157 42 freiwillig,
2205 514 31 40 ſo
2269 515 77 32 wird

1399 553 161 49 Eigentum
1582 562 57 40 auf
1660 562 121 42 Antrag
1801 563 53 33 des
1857 549 124 59 Ariegs
1980 549 187 59 ausſchuſſes
2179 559 84 40 durch
2279 557 67 33 An-

1321 608 135 37 ordnung
1471 606 49 31 der
1534 606 187 40 zuſtaändigen
1736 606 137 41 Behoͤrde
1888 604 55 39 auf
1963 605 54 40 ihn
2037 604 71 33 oder
2130 603 45 33 die
2196 612 61 23 von
2280 601 66 41 ihm

1319 651 31 31 in
1373 650 66 32 dem
1462 648 117 41 Antras
1600 649 191 41 bezeichneten
1811 649 152 42 Perſonen
1983 648 187 40 abertragen.
2202 645 58 34 Die
2280 645 66 33 An⸗

1320 694 136 38 ordnung
1471 692 31 38 iſt
1529 703 40 21 an
1591 692 58 32 den
1667 703 52 31 zur
1741 692 153 41 Lieferung
1922 692 220 40 Verpflichteten
2177 701 34 30 zu
2232 689 114 41 richten.

1321 735 69 34 Das
1406 735 161 41 Eigentum
1582 736 70 40 geht
1665 736 82 37 uber,
1763 737 102 39 ſobald
1880 736 45 32 die
1938 735 191 39 Anordnung
2148 734 67 40 ihm
2236 732 111 42 zugeht.

1404 787 23 43 8
1450 789 30 31 6.
1512 787 55 33 Die
1581 787 148 41 Sablung
1744 788 53 38 ſoll
1811 789 30 31 in
1859 788 51 32 der
1931 786 93 39 Vegel
2042 786 47 32 bei
2109 785 51 32 der
2174 784 173 41 Abnahme,

1323 832 96 40 jedoch
1442 831 153 39 ſpaͤteſtens
1615 831 64 32 vier
1701 831 129 42 Wochen
1852 830 73 40 nach
1946 829 165 40 Abnahme
2131 829 141 40 erfolgen.

1404 883 23 44 S
1448 885 30 31 .
1519 881 56 34 Die
1596 882 108 41 hoͤhere
1723 881 342 41 Verwaltungsbehoͤrde
2069 876 135 55 entſchei
2211 881 46 32 det
2278 881 69 32 end⸗

1321 929 90 40 guͤltig
1432 928 71 31 über
1517 926 57 32 alle
1587 924 219 42 Streitigkeiten,
1828 928 45 32 die
1887 927 50 40 ſich
1947 924 136 43 zwiſchen
2104 925 55 32 den
2173 924 175 40 Beteiligten

1321 973 71 31 uͤber
1414 971 43 32 die
1485 969 160 41 Lieferung.
1677 969 260 44 Aufbewahrung.
1969 967 209 42 Verſicherung
2207 967 59 33 und
2292 968 55 31 den

1321 1013 331 42 Eigentumsübergang
1674 1014 134 40 ergeben.

1405 1057 23 43 8
1450 1059 29 31 8.
1523 1055 251 41 Ausgenommen
1811 1067 61 23 von
1907 1056 54 32 den
1983 1055 246 42 Beſtimmungen
2261 1054 88 37 dieſer

1320 1100 280 41 Bekanntmachung
1621 1100 64 42 ſind
1707 1101 202 41 geringfũgige
1931 1099 151 40 Mengen,
2114 1098 45 32 die
2180 1099 49 32 als
2250 1097 97 41 Reiſe⸗

2396 164 125 38 werden,
2542 163 98 44 ſofern
2661 165 53 33 die
2729 163 133 44 Einfuhr
2882 164 76 43 nicht
2974 175 36 32 zu
3029 163 259 45 Handelszwecken
3308 166 108 44 erfolt

2480 216 25 42 8
2524 218 32 31 9.
2596 216 67 34 Der
2681 217 101 41 Erlaß
2802 227 63 23 von
2877 216 199 45 Vorſchriften
3096 218 72 32 über
3177 211 65 55 die
3245 215 165 47 Durchfut

2396 271 64 23 von
2478 261 109 41 Aaffee
2605 261 93 33 bleibt
2716 260 201 42 vorbehalten.
3414 276 43 27 1

2483 311 24 43 8
2530 313 50 32 10.
2621 312 59 34 Die
2696 312 369 43 Landeszentralbehorden
3087 313 184 40 beſtimmen,
3291 323 62 23 wer
3371 308 73 43 als

2396 357 108 50 hoͤhere
2524 356 420 51 Hewakungsbekoͤrde
2864 352 79 59 anð
2963 357 50 33 als
3033 357 165 42 ʒuſtandige
3217 356 139 42 Sehörde
3373 360 41 34 im

2395 399 98 34 Sinne
2514 399 87 40 dieſer
2619 395 290 56 Bekanntmrachung
2913 395 174 56 Anzuſehen
3109 402 45 38 iſt.
3406 415 48 22 1

2481 451 25 42 S
2521 454 50 31 LI.
2603 452 68 33 Mit
2676 447 196 52 Gefängnis
2875 447 70 52 bis
2956 462 35 32 zu
3011 453 77 40 ſechs
3102 452 155 33 Monaten
3279 452 69 34 oder
3367 459 50 32 mit

2398 496 168 39 Geldſtrafe
2586 496 49 32 bis
2655 505 36 31 zu
2712 495 257 41 fünfzehntauſend
2990 495 99 34 Mark
3108 496 76 33 wird
3204 496 129 41 beſtraft.
3366 508 53 26 wer!

2467 538 343 44 Beſtimmungen
2710 531 61 55 im
2779 531 37 55 8
2831 541 17 30 1
2852 539 82 39 Abſ.
2951 542 16 30 1
2987 538 74 43 Satz
3082 541 18 31 1
3120 540 61 33 und
3205 539 65 43 82
3289 542 130 40 ʒuwider⸗

2409 580 117 49 andelt.

2482 626 107 35 Neben
2605 627 48 33 der
2666 625 104 39 Strafe
2784 627 111 33 kõnnen
2917 627 48 33 bei
2979 625 337 44 Zuwiderhandlungen
3329 622 88 48 gegen

2400 671 46 32 die
2466 670 143 42 Anzeige⸗
2630 671 61 32 und
2715 669 271 42 Lieferungspflicht
3006 671 46 33 die
3072 665 151 57 Vorraͤte,
3227 665 62 57 auf
3310 670 45 34 die
3374 674 84 44 ſc1

2399 714 45 32 die
2459 714 145 41 ſtrafbare
2618 713 163 42 Bandlung
2794 714 115 41 bezieht,
2932 714 172 41 eingezogen
3121 714 131 37 werden,
3274 714 76 41 ohne
3362 715 56 36 Umn

2399 757 135 40 terſchied,
2558 757 44 32 ob
2619 758 37 39 ſie
2678 756 67 33 dem
2769 755 93 35 Tãter
2884 757 124 41 gehoͤren
3029 758 72 32 oder
3119 757 87 41 nicht.

2484 808 24 43 8
2530 810 51 32 12.
2623 808 88 38 Dieſe
2724 809 284 42 Bekanntmachung
3029 811 62 32 tritt
3110 811 55 32 mit
3188 810 67 33 dem
3271 809 88 43 Tage
3377 813 41 36 der

2398 852 201 42 Verkuͤndung
2618 853 32 32 in
2671 853 101 39 iraft.

2485 914 177 37 Berlin,
2684 914 56 32 den
2762 915 30 33 6.
2814 914 88 41 Apirl
2926 916 80 33 1916

2501 973 81 38 Der
2604 973 292 38 Etellvertreter
2915 975 70 37 des
3006 975 317 45 Reichskanzlers.

2808 1028 211 35 Delbruck.

3344 1180 19 14 —
3364 1179 17 15 —

1411 1238 58 31 Ein
1490 1236 126 34 Eilbrief
1636 1244 39 23 an
1695 1235 145 36 Jrãulein
1862 1233 64 35 Elſe
1944 1233 80 36 Heil.
2036 1231 238 44 Nuſil⸗Elevin.

1411 1276 58 32 Ein
1489 1274 174 36 dringendex
1684 1273 136 35 Eilbrief.

1411 1314 58 32 Ein
1489 1313 136 32 wiolcttes
1646 1312 163 36 Briefchen,
1830 1320 59 24 von
1913 1311 64 31 dem
2000 1310 48 31 ein
2071 1309 92 34 feiner
2180 1307 151 36 Beilchen⸗

1335 1352 64 35 duft
1420 1352 126 35 ausging
1566 1352 61 31 und
1649 1352 55 30 den
1722 1360 111 27 ganzen
1854 1349 101 32 Raum
1976 1358 36 27 zu
2032 1348 125 34 erfallen
2176 1347 98 34 ſhien.

1411 1391 81 36 Far
1504 1390 107 33 mich?
1629 1389 95 37 fragte
1740 1389 64 35 Elſe
1817 1389 70 35 Heil
1901 1396 74 28 ganz
1989 1387 136 35 exſtaunt.
2155 1386 88 36 Wer
2257 1387 74 31 kann

1335 1430 59 32 mit
1413 1429 175 34 jchreiben?⸗
1629 1427 63 33 Sie
1711 1428 106 35 öffnete
1836 1428 55 31 den
1913 1426 95 36 Brief,
2038 1425 131 35 überflog
2192 1426 45 31 die
2257 1433 74 27 paar

1335 1470 31 30 in
1387 1469 79 30 einer
1485 1465 186 38 unglaublich
1702 1467 119 35 kleinen,
1851 1465 101 40 feinen
1975 1463 116 36 Schrift
2119 1463 212 37 geichriebenen

1334 1507 103 36 Zeilen
1456 1507 58 31 und
1536 1505 71 34 hielt
1625 1505 125 36 beinahe
1770 1506 53 31 den
1843 1503 87 33 Atem
1952 1512 47 23 an.

1410 1544 105 38 Mein
1536 1543 85 36 Gott,
1642 1546 67 28 was
1730 1543 33 35 iſt
1783 1544 103 34 Jhnen
1906 1541 115 32 denn?⸗

1411 1583 129 37 Michts,
1561 1591 53 28 gar
1633 1582 108 35 nichts.
1778 1581 88 35 Leſen
1887 1580 59 32 Sie
1967 1579 107 35 ſelbſt.

1409 1622 60 31 Sie
1489 1621 99 34 reichte
1608 1620 75 35 Fris
1702 1620 105 35 Gagen
1827 1613 55 52 den
1891 1613 107 52 Brief,
2019 1618 59 32 und
2100 1618 89 35 dieſer
2207 1617 49 34 ſab
2271 1626 60 33 vor

1335 1660 86 32 allem
1465 1660 50 33 erſt
1557 1659 69 32 nach
1667 1660 50 30 der
1756 1657 197 36 Unterichriſt.
2008 1656 323 38 „Greiner⸗Grünert?

1334 1693 78 82 Jit
1425 1698 32 32 iſt
1478 1698 90 32 das?“
1590 1697 98 36 fragie
1708 1706 31 23 er
1758 1698 56 30 mit
1833 1698 51 31 der
1902 1695 227 37 unſchuldigſten
2156 1695 105 33 Miene
2282 1695 51 31 der

1375 1747 10 21 e

1411 1775 104 37 Leſen
1534 1774 59 32 Sie
1612 1783 59 23 mit
1692 1799 8 6 .
1719 1799 8 6 .
1732 1766 17 50 .
1777 1782 31 23 er
1827 1773 34 35 iſt
1881 1781 58 24 von
1966 1773 51 31 der
2041 1772 210 35 berühmteſten
2272 1770 59 34 Ge⸗

1335 1814 215 37 ſangslehrerin
1571 1813 117 34 unſerer
1709 1812 102 32 Stadt.
1850 1811 68 32 Und
1938 1812 29 34 ſo
1987 1813 49 30 las
2058 1820 31 21 er
2108 1811 82 35 denm,
2212 1812 69 30 was
2302 1819 31 22 er

1335 1854 93 35 laͤngft
1446 1853 30 34 ja
1496 1853 77 33 ichon
1599 1852 109 34 wuzte.
1749 1851 78 36 „Die
1858 1850 151 35 berühmte
2038 1848 294 37 Geſangskünſtlerin

1335 1893 78 34 hatie
1439 1891 73 35 Zeii.
1551 1891 65 30 Und
1648 1891 37 30 da
1716 1890 77 34 hatte
1824 1891 50 30 der
1902 1889 89 34 Krieg
2023 1888 45 35 ihr
2100 1888 53 30 den
2174 1886 159 33 Gedonken

1336 1930 180 35 eingegeben,
1536 1929 31 31 in
1589 1928 90 34 dieſer
1699 1927 67 36 Zeit
1786 1927 150 35 irgendein
1958 1926 107 32 Talent
2097 1935 36 26 zu
2151 1926 100 35 ſuchen
2270 1927 60 30 und

1335 1969 202 34 auszuͤbilden.
1576 1966 142 36 Jemand
1741 1968 49 30 der
1810 1965 192 36 Gelegenheit
2033 1966 86 34 haite,
2141 1964 58 32 Sie
2220 1964 112 32 einmal

1335 2016 35 26 zu
1391 2007 98 35 hören,
1509 2006 49 35 hat
1578 2005 60 31 mir
1657 2007 128 34 geraten,
1801 2004 59 31 Sie
1879 2005 133 31 kommen
2026 2012 36 26 zu
2076 2003 98 34 laſſen,
2188 2012 51 22 um
2252 2002 79 36 Jlre

1334 2045 133 32 Stimme
1497 2044 57 32 und
1581 2043 79 36 Jhre
1680 2043 164 36 Begabung
1876 2051 35 27 zu
1940 2042 116 35 prüfen.
2095 2042 147 31 Kommen
2262 2041 68 32 Sie.

1335 2083 45 33 Es
1410 2084 51 34 foll
1482 2083 68 31 mich
1580 2082 112 34 freuen,
1722 2083 33 29 in
1774 2082 104 35 Jlmen
1910 2081 45 31 die
1976 2080 160 34 Schülrrin
2165 2080 100 35 finden
2296 2088 36 28 zu

1334 2124 119 33 könner,
1474 2122 43 31 die
1537 2121 40 32 ich
1597 2121 60 31 mir
1676 2120 103 35 ſuche.

1410 2160 94 36 „Ol)“,
1524 2160 75 35 ſagte
1620 2169 40 26 er,
1691 2159 47 35 ihr
1768 2159 54 31 den
1841 2157 88 34 Brief
1958 2157 127 36 ſorgfam
2116 2157 215 36 zurückgebend.

1336 2199 88 37 „Das
1441 2199 30 34 in
1485 2198 163 35 ellerdings
1663 2199 47 29 ein
1724 2197 87 35 außer
1818 2196 189 34 ordentlicher
2020 2195 105 35 ſuiaſl
2135 2196 59 30 unz
2210 2196 121 33 hornent⸗

1334 2238 52 34 üich
1407 2239 45 29 ein
1474 2236 176 34 ebenſolches
1670 2235 89 31 Giuck
1778 2261 6 6 .
1806 2260 5 6 .
1834 2235 89 36 Aber,
1942 2238 68 28 was
2032 2236 85 34 ſagen
2137 2234 59 32 Sie
2215 2235 61 35 jetzt
2296 2243 36 27 zu

1333 2276 125 32 meinem
1478 2274 343 36 Ahnungsvennögen?⸗

1410 2313 129 38 „Jſticts,
1559 2316 49 28 als
1630 2313 57 35 das
1708 2313 40 33 ich
1769 2312 151 36 wünſchte,
1940 2311 59 32 Sie
2026 2312 106 32 aurten
2152 2312 61 35 jent
2234 2313 95 30 etwas

1334 2353 79 33 ſelbſt
1440 2353 46 33 jür
1509 2352 76 34 ſich..
1626 2352 81 30 Aber
1728 2352 92 31 damit
1851 2351 76 33 hatte
1953 2351 35 34 ſie
2019 2351 56 31 das
2095 2350 167 35 Unrickige
2284 2359 45 26 ge⸗

1333 2391 114 35 troffen,
1468 2392 73 30 denn
1562 2391 58 32 ſein
1642 2389 113 35 Gſicht
1783 2389 175 35 verdüſterte
1988 2389 60 35 ſich,
2080 2390 57 29 und
2167 2398 31 20 ex
2228 2390 102 30 komtte

1333 2430 49 34 ſich
1412 2431 74 32 micht
1516 2431 147 33 enthalten
1694 2437 35 26 zu
1759 2428 98 36 ſagen:
1889 2427 77 38 Oh,
1995 2428 80 31 mein
2095 2426 87 33 Glück
2212 2427 35 33 iſt
2271 2428 58 35 jest

1333 2469 102 31 weiter
1454 2468 48 31 als
1522 2468 52 36 je.“

1408 2506 78 35 Auch
1515 2507 82 31 beute
1627 2506 69 36 ging
1728 2505 61 34 ihm
1819 2506 32 30 in
1880 2505 106 34 ſeinem
2007 2503 123 33 Bureau
2160 2504 45 31 die
2225 2503 107 33 Arbeit

1334 2554 72 28 ganz
1428 2545 246 35 außerordentlich
1695 2553 58 23 von
1773 2544 102 33 ſtatten
1895 2545 60 30 und
1986 2546 66 29 was
2084 2544 59 35 ihm
2175 2542 72 36 ſonſt
2271 2543 60 31 viel

1335 2593 35 26 zu
1389 2584 58 31 diel
1467 2583 126 36 geweien
1613 2592 75 24 war,
1709 2583 137 35 erledigte
1868 2592 29 22 er
1919 2584 141 33 geradezu
2075 2581 134 36 ſpielend,
2229 2581 29 35 ſo
2274 2582 56 35 daß

1335 2632 30 22 er
1384 2622 124 33 wirklich
1529 2622 131 35 auiſtand
1681 2624 61 29 und
1766 2631 36 25 zu
1822 2620 163 37 Weigelein
2004 2621 102 35 junor
2135 2620 194 36 hinüberging

1334 2661 59 31 und
1414 2661 50 33 ihn
1484 2660 102 36 fragte,
1606 2660 38 31 ob
1674 2669 32 22 er
1734 2659 61 35 ihm
1825 2659 78 32 keine
1933 2660 106 30 andere
2069 2658 104 32 Arbeit
2201 2658 130 36 abgeben

1333 2700 100 33 könne,
1454 2708 30 22 er
1503 2699 36 33 ſei
1560 2699 55 31 mit
1635 2699 51 31 der
1707 2698 93 33 ſeinen
1822 2698 79 33 ſchon
1923 2697 97 36 fertig.

1408 2737 66 32 Der
1494 2737 47 34 ſah
1562 2737 49 34 ihn
1644 2746 57 22 nur
1731 2736 128 34 erſlaunt
1888 2744 39 23 an
1955 2738 61 29 und
2043 2735 56 36 gab
2120 2735 62 35 ihm
2201 2735 127 35 wirllich

1333 2775 103 32 Arbeit
1458 2775 130 35 hinüber.
1628 2775 128 31 Seinem
1759 2769 107 47 Vater
1869 2775 93 35 ſagte
1983 2783 44 22 er:
2049 2773 83 37 „Mit
2145 2775 65 30 dem
2222 2775 107 34 Hagen

1332 2815 35 33 iſt
1395 2815 30 34 ja
1455 2815 61 30 eine
1545 2814 212 35 merkwuͤrdige
1786 2812 214 37 Veränderung
2031 2821 215 28 vorgegangen.
2288 2812 41 32 Er

1332 2852 103 35 ſcheint
1454 2861 35 27 zu
1510 2852 101 36 ahnen,
1633 2852 58 34 daß
1712 2852 73 34 ſeine
1807 2851 174 36 Entlaſſung
2003 2851 29 34 ſo
2058 2851 126 35 ziemlich
2204 2860 55 23 vor
2280 2852 49 30 der

1332 2890 65 34 Tür
1417 2891 105 34 ſland.

1408 2930 119 36 „Stund
1548 2930 35 35 ſie
1598 2930 94 31 das?“
1720 2932 81 32 fragte
1816 2930 50 31 der
1884 2930 58 30 alte
1955 2928 78 35 Herr
2047 2928 169 36 Weigelein.

1363 2967 54 36 ußt
1438 2969 36 30 du
1496 2968 56 32 dich
1573 2969 90 31 irren.
1702 2967 55 37 Jch
1778 2967 78 35 weiß
1878 2971 95 28 davon
1994 2968 120 34 nichts.“

1407 3007 62 32 Die
1488 3007 143 36 gehobene
1652 3006 177 35 Stimmung
1845 3006 75 35 Fritz
1932 3007 124 36 Hagens
2078 3006 79 31 erxlitt
2178 3006 62 31 eine
2254 3014 74 28 ganz

1333 3046 89 31 kleine
1456 3045 141 36 Einbube,
1631 3046 49 30 als
1711 3055 31 22 er
1772 3045 65 33 Elie
1865 3044 69 36 Heil
1967 3046 82 33 heute
2080 3045 72 33 nicht
2177 3045 68 32 traf.
2286 3045 42 31 Er

1331 3085 122 30 wartete
1474 3084 61 31 eine
1548 3093 91 27 ganze
1653 3084 103 35 Weile,
1774 3084 70 31 aber
1858 3083 36 33 ſie
1916 3084 61 31 kam
1997 3084 84 33 nicht.
2120 3083 67 32 Und
2208 3083 28 34 ſo
2257 3085 70 35 ging

1334 3132 30 22 et
1384 3123 129 36 langſam
1533 3123 67 34 nach
1619 3122 106 35 Hauſe.
1765 3122 54 36 Ja,
1851 3131 30 22 er
1911 3123 78 35 ging,
2022 3124 72 29 denn
2123 3131 65 26 zum
2209 3121 118 36 Fahren

1333 3161 78 35 hatte
1432 3171 30 21 er
1481 3163 75 29 keine
1570 3162 77 34 Luſt,
1667 3163 59 30 und
1749 3162 35 30 ob
1805 3170 30 22 er
1858 3169 66 27 zum
1939 3161 85 33 Effen
2044 3170 35 26 zu
2101 3161 62 34 ſpät
2184 3161 72 36 kam,
2271 3163 56 29 das

1332 3199 99 36 ſpielte
1451 3201 75 30 keine
1546 3199 96 33 Rolle.
1683 3200 43 31 Es
1758 3201 108 32 machte
1896 3200 60 33 ihm
1983 3199 101 36 Spaß,
2114 3200 109 31 einmal
2254 3200 73 32 recht

1332 3239 104 31 mitten
1456 3239 83 33 durch
1560 3239 55 31 das
1638 3237 263 37 Mittagsgetriebe
1921 3238 51 31 der
1991 3237 97 33 Stadt
2107 3247 35 26 zu
2162 3239 90 34 gehen
2266 3239 60 31 und

1332 3276 50 35 ſich
1402 3277 92 34 dieies
1514 3278 57 35 jetzt
1592 3278 55 30 mit
1667 3286 92 23 neuen
1774 3277 105 37 Augen
1900 3276 169 37 anzuſehen,
2084 3276 54 32 mit
2151 3276 56 32 den
2220 3275 106 38 Augen

1332 3315 53 32 des
1406 3314 143 37 Mannes,
1569 3317 49 30 der
1641 3317 70 35 kam,
1732 3324 85 23 wenn
1839 3324 31 23 er
1890 3316 73 31 will.

1405 3355 66 31 Und
1493 3356 35 30 da
1548 3354 99 35 mußte
1668 3364 32 22 er
1719 3355 70 31 über
1809 3363 54 27 gar
1883 3355 94 31 vieles
1999 3354 117 32 lächeln.

1406 3393 93 36 Alles,
1533 3396 66 28 was
1631 3402 29 22 er
1691 3395 33 29 da
1757 3394 56 34 ſah,
1844 3394 80 33 ſtand
1955 3402 33 25 zu
2021 3392 90 34 ſeiner
2140 3392 185 36 Verfügumg.

1330 3430 103 36 Nichts
1455 3432 75 35 hätte
1551 3441 29 22 er
1601 3432 50 34 ſich
1672 3441 36 26 zu
1722 3432 136 34 vericgen
1879 3431 161 37 gebraucht.
2080 3431 111 31 Keinen
2207 3431 118 35 Genn.
2295 3426 24 46 z.

1330 3470 76 31 keine
1440 3470 121 35 Freude,
1598 3471 132 30 keinerlei
1768 3470 189 35 Vergnuͤgen.
2007 3469 113 33 Nichts.
2168 3470 67 31 Und
2270 3473 54 29 das

1328 3507 121 34 Lächeln
1479 3509 40 30 all
1549 3509 48 30 der
1628 3508 116 33 ſchönen
1766 3509 118 34 Frauen
1907 3510 75 32 hätte
2003 3508 61 34 ihm
2085 3509 94 34 gelten
2205 3510 119 31 können,

1329 3546 59 31 und
1410 3547 44 30 die
1475 3546 89 32 Blicke
1585 3547 50 30 der
1655 3546 120 35 Töchter
1796 3549 68 29 auch
1893 3548 60 32 ihm
1982 3548 60 29 und
2065 3547 43 30 die
2130 3546 194 33 Sehnſuchts⸗

1330 3584 126 35 wünſche
1477 3585 27 33 ſo
1525 3587 132 30 manches
1679 3585 88 34 dieſer
1788 3585 43 33 oſt
1851 3585 83 34 ſicher
1948 3585 74 32 recht
2043 3585 144 34 berzloien
2199 3586 124 33 Herzen.

1330 3621 79 32 Aber
1429 3626 65 27 was
1515 3632 63 22 war
1598 3625 56 29 das
1674 3623 131 36 Laächeln,
1835 3626 68 28 was
1925 3624 45 30 die
1995 3623 149 35 heißeſten,
2164 3624 76 30 alles
2261 3633 63 21 ver⸗

1329 3660 182 34 ſprechenden
1525 3661 90 32 Blicke
1630 3671 88 26 gegen
1741 3663 52 29 den
1814 3662 156 34 einſachen,
1991 3662 120 34 innigen
2128 3662 194 36 Händedruck,

1330 3699 54 31 den
1405 3708 29 22 er
1454 3699 106 35 geſlern
1580 3701 92 30 abend
1694 3701 149 33 erhalten?

1404 3737 80 31 Dort
1505 3747 63 21 war
1588 3739 55 30 das
1664 3738 178 35 vornehmſte
1863 3737 177 35 Reſtaurant
2062 3741 48 27 der
2130 3738 104 32 Stadt.

1404 3775 79 32 Auto
1503 3785 49 22 um
1574 3776 79 31 Auto
1674 3777 68 32 fubr
1761 3786 62 22 vor.
1866 3776 65 32 Der
1952 3777 131 30 lipricrt?
2102 3776 121 34 Vortier
2244 3777 78 32 hatte

1329 3812 92 34 nichts
1443 3824 34 24 zu
1497 3817 60 32 tun,
1578 3817 48 29 als
1648 3815 199 34 fortwährend
1874 3816 45 30 die
1939 3814 91 35 Wagenz
2046 3815 92 31 iren
2168 3824 35 26 zu
2223 3815 98 34 öffnen

1329 3853 58 30 und
1409 3852 50 31 mit
1488 3854 48 29 der
1557 3853 95 34 Mütze
1683 3855 28 29 in
1743 3857 48 28 der
1810 3854 90 33 Hand
1931 3855 53 29 den
2015 3856 175 30 rurnehmen
2211 3853 109 33 Gänten

1329 3891 53 30 den
1403 3891 133 35 Eingang
1558 3901 34 25 zu
1614 3893 116 33 weiſen:
1759 3894 61 29 und
1851 3893 67 30 drin
1946 3893 112 32 verlien
2090 3892 44 31 die
2156 3892 164 34 erleſenſten

1328 3928 101 33 Weine
1462 3930 29 30 in
1522 3932 51 28 den
1604 3931 157 33 prachtooll
1791 3929 197 36 geſchlifienen
2023 3930 124 33 Giaiern
2183 3932 57 30 und
2275 3932 45 30 die

1327 3967 122 33 Auſtern
1471 3970 117 29 wurden
1614 3978 64 24 zum
1701 3969 149 33 Frülſtück
1879 3968 147 36 geſczlürft
2060 3971 57 29 und
2147 3969 75 31 ables
2252 3973 66 28 was

1327 4008 51 33 gut
1397 4008 59 29 und
1478 4015 64 22 was
1563 4011 79 26 teuer
1663 4017 72 26 war,
1766 4010 101 29 wurde
1894 4015 172 27 genommen.
2116 4007 71 32 Das
2208 4010 111 35 tomite,

1326 4052 85 23 wenn
1434 4053 29 21 er
1483 4045 106 34 woilte,
1610 4048 66 30 auch
1700 4056 37 21 er.

1400 4082 79 31 Aber
1499 4084 91 29 keiner
1620 4093 56 22 von
1708 4085 75 30 allen
1815 4087 90 28 denen
1932 4087 36 28 da
1998 4085 123 30 dringen
2152 4085 77 30 bictte
2250 4085 67 35 auch

1327 4129 55 22 nux
1403 4122 66 41 balb
1490 4121 27 31 jo
1538 4121 108 34 archen
1668 4123 107 34 Gennß
1798 4124 55 29 mwie
1876 4133 38 23 er,
1940 4132 85 21 wenn
2048 4132 29 20 er
2097 4131 38 22 an
2157 4124 16 28 h
2222 4123 95 31 iresd-

1326 4159 93 43 pollen
1436 4159 139 33 Geſichter
1597 4161 102 34 dachte,
1721 4162 44 30 die
1780 4162 30 30 in
1826 4164 49 28 der
1890 4161 128 34 Benſon
2034 4163 158 33 eingetehit
2208 4170 110 29 waren,

1327 4206 29 21 in
1378 4199 49 28 der
1447 4207 29 21 er
1498 4199 78 30 lebte.

1400 4235 69 31 Run
1491 4239 66 28 aber
1588 4238 76 29 hatte
1695 4247 28 21 er
1755 4238 48 33 ſich
1831 4237 179 37 wahrbaftig
2041 4246 92 27 genug
2167 4239 149 32 rerſpãtet.

1325 4272 70 31 Nun
1416 4277 59 31 alt
1498 4282 48 35 es,
1560 4276 43 29 die
1617 4277 65 31 Zeit
1705 4278 217 33 einzubringen,
1943 4279 59 28 und
2068 4278 125 28 elaubte
2216 4286 30 21 et.i

1326 4312 71 43 denn
1421 4321 62 25 zum
1505 4320 85 24 eriten
1613 4314 85 30 Wale
1720 4318 52 27 den
1791 4318 102 31 Lucus
1916 4316 79 29 eines
2018 4313 199 36 Tucamet
2172 4309 62 46 es.
2246 4317 69 30 Bten

1324 4349 130 32 ſeinem
1478 4353 193 32 erworbenen.
1694 4354 70 30 nicht
1787 4362 57 22 von
1872 4356 61 27 dem
1956 4353 130 30 ererbten
2107 4352 101 32 Gelbe.
2249 4354 66 30 Und

1324 4387 43 31 bei
1390 4390 60 28 dem
1473 4389 153 32 Gedanten
1661 4391 97 34 mußte
1788 4400 30 22 er
1850 4391 116 31 lüchein.
2008 4390 148 36 Ubrigens
2188 4393 75 31 hatie
2286 4401 29 22 er

1323 4435 57 35 von
1401 4429 62 29 dem
1485 4428 126 30 ererbten
1627 4427 76 33 Geld
1718 4431 67 29 auch
1807 4430 68 31 noch
1890 4439 52 26 gur
1958 4429 103 31 nichts.
2082 4433 58 27 und
2154 4438 103 22 ew
2278 4430 37 34 .

1324 4472 55 36 wie
1399 4467 84 41 lange
1504 4468 52 28 das
1579 4468 126 35 dauerte,
1734 4469 47 32 ehe
1813 4477 29 22 er
1871 4469 53 30 den
1943 4468 188 35 Hamburger
2152 4468 112 34 Santic
2270 4470 45 30 c

1324 4504 61 33 hier
1406 4505 30 28 in
1456 4504 75 31 Geld
1552 4505 143 35 umgeſett
1716 4507 105 30 bekam.

1397 4541 70 44 Das
1500 4542 103 44 Rätjel
1631 4545 49 29 der
1719 4545 249 34 Suͤdekampſchen
2001 4544 209 37 Fregebig?it.
2249 4554 65 22 ar

1323 4580 71 42 ghen
1417 4589 101 34 immer,
1538 4582 105 33 größer
1662 4585 164 33 geworden,
1858 4584 74 31 denn
1962 4584 68 30 endh
2056 4586 81 28 heute
2163 4586 73 30 hatte
2258 4587 54 27 naιι

1324 4616 82 32 Eñen
1438 4619 144 30 denſelben
1604 4620 138 34 ſeſtchen
1764 4622 167 35 Etzarakter,
1953 4623 53 30 den
2029 4627 32 25 en
2080 4622 106 35 geſtern
2208 4624 106 34 gehadt

1323 4656 83 31 hatte.
1442 4658 49 41 Es
1512 4658 135 32 ichmeckte
1667 4669 73 25 aanz
1761 4660 186 33 wunderbar,
1977 4663 69 28 avar
2072 4660 43 30 die
2138 4660 70 31 liebe
2230 4660 83 35 Frau

1322 4689 85 53 ſchien
1430 4694 47 34 ſich
1499 4697 88 30 einem
1611 4698 207 32 emichirdenen
1834 4698 123 35 Jrrtum
1972 4699 187 33 hinzugeben,
2181 4700 73 30 denn
2277 4699 35 31 z

1321 4732 85 43 ſchien
1429 4737 74 29 wehl
1526 4743 32 25 zu
1580 4738 134 32 glausen,
1745 4736 55 35 daß
1821 4738 66 34 alle,
1918 4737 55 30 wie
2005 4736 34 34 ſie
2063 4739 34 29 da
2118 4745 108 27 weèreu,
2258 4738 54 31 mit

1321 4780 89 22 einem
1434 4773 82 30 Male
1539 4774 27 29 in
1589 4776 48 29 der
1659 4779 75 31 Lane
1756 4776 109 33 wären,
1895 4776 81 29 mehr
2006 4776 48 30 als
2080 4775 100 31 bisber
2210 4784 34 26 zu
2266 4776 46 31 ke⸗

1320 4811 108 33 zahlen.
1449 4816 57 25 und
1528 4820 82 22 wenn
1634 4812 33 32 ſie
1690 4815 66 29 auch
1778 4814 94 30 nichts
1902 4813 175 35 deraleichrn
2107 4813 104 36 geſagt,
2242 4819 70 26 oder

1320 4850 65 29 auch
1407 4858 55 21 nur
1483 4853 166 32 angedeutet
1672 4855 85 31 punte,
1778 4852 29 33 ſo
1829 4860 62 22 war
1908 4854 31 28 es
1962 4853 65 31 doch
2043 4860 72 27 ganz
2137 4853 174 35 unmöglich,

1319 4888 203 42 anzunehmen,
1554 4887 55 34 daß
1641 4889 33 32 ſie
1706 4892 45 28 ein
1782 4890 106 34 ſolches
1921 4889 94 36 Eſſen,
2044 4899 63 22 end
2136 4889 85 33 ſeiche
2253 4891 56 32 Be.

1318 4925 143 43 foſtigung,
1484 4925 46 33 füt
1550 4927 129 33 dasielbe
1702 4927 74 34 Geld
1807 4929 91 34 geben
1928 4929 98 33 tonne,
2057 4931 58 28 und
2146 4930 66 30 nuch
2236 4931 74 31 duzu

1319 4971 28 21 in
1371 4964 50 29 den
1443 4965 133 31 ichwmeren
1598 4966 202 35 Kriegszeiten
1831 4966 55 31 mit
1917 4965 80 35 ihren
2029 4966 51 33 inſt
2101 4967 208 37 unerſchwing⸗

1319 5001 86 34 lichen
1428 5001 125 33 Breiſen.

1393 5039 91 45 WVaß,
1513 5041 124 44 glauben
1667 5043 95 32 Sie?“
1795 5043 94 36 fragte
1919 5042 129 34 Wallnet
2076 5043 96 35 Herr
2192 5045 116 36 Hagen.

1316 5078 48 32 als
1386 5077 35 36 ſie
1440 5079 67 35 nach
1528 5079 78 36 Tiſch
1636 5083 74 35 ohne
1740 5083 44 32 die
1810 5085 111 30 andern
1942 5082 83 33 einen
2046 5081 170 39 Augenblic
2237 5085 70 36 lang

1316 5116 162 37 zuſammen
1498 5124 106 31 waren
1812 5150 34 9 J
1936 5146 63 6 —
2059 5147 102 7 ——

2258 2928 71 37 „Da

2493 1219 72 37 Jch
2597 1220 65 36 age
2691 1220 120 41 nichts.
2837 1219 49 37 Jn
2917 1220 92 35 iedem
3038 1219 70 36 Fall
3140 1219 70 32 aber
3240 1219 97 35 ſchein

2417 1259 136 31 keinerlei
2573 1257 150 35 Abſichten
2742 1267 36 27 zu
2798 1258 103 36 haben,
2921 1261 61 29 uns
3010 1259 34 30 in
3071 1258 186 43 irgendeiter
3268 1257 180 36 Vei1

2415 1297 131 36 ſteigern,
2566 1296 72 35 ſonſt
2659 1297 78 34 haͤtte
2767 1296 36 35 ſie
2833 1300 33 29 es
2887 1299 59 30 uns
2976 1296 93 36 laͤngſt
3095 1303 87 29 ſagen
3200 1296 59 32 und
3279 1299 53 29 unt

2415 1336 101 33 unſere
2536 1335 98 36 eigene
2654 1334 115 36 Anſicht
2788 1336 105 36 fragen
2911 1334 137 36 müſſen.

2492 1374 86 36 „Hm,
2600 1374 36 36 ja,
2659 1373 106 35 ſtimmt
2786 1374 39 35 ja.
2863 1373 81 32 Aber
2962 1373 194 37 merkwürdig
3184 1373 43 33 iſt
3249 1373 47 32 die
3316 1373 63 31 Eor

2415 1412 78 33 denn
2512 1413 65 34 doch
2599 1415 58 29 und
2679 1413 85 35 lange
2784 1413 100 32 balten
2902 1412 76 32 wird
2993 1413 36 33 ſie
3043 1412 50 35 ſich
3110 1421 75 27 ganz
3198 1412 97 36 gewiß
3309 1419 65 23 nir

2491 1451 73 35 Daß
2585 1451 66 34 Eilſe
2670 1451 75 34 nicht
2765 1452 54 30 mit
2839 1451 45 31 bei
2903 1451 95 34 Tijche
3017 1451 137 36 geweien
3165 1460 74 26 war.
3260 1454 143 30 wundere

2415 1491 61 31 und
2505 1490 192 35 beunruhigte
2725 1490 48 34 ihn
2805 1490 83 31 nicht.
2931 1488 176 37 Zweifellos
3135 1498 66 23 war
3228 1489 39 35 ſie
3296 1498 35 24 zu
3359 1491 46 32 der

2415 1528 247 36 Geſanglehrerin
2695 1537 148 28 gegongen
2875 1528 60 32 und
2968 1528 79 34 hatte
3077 1528 49 33 die
3143 1523 107 47 fuxze
3264 1523 64 47 Zeit
3359 1528 44 33 der

2414 1585 225 39 Mittagsvenſe
2669 1584 75 36 dazu
2772 1584 118 36 benutzt.
2930 1584 67 32 Und
3026 1592 75 27 ganz
3131 1582 156 37 abgeteben
3319 1581 88 34 davon

2412 1635 67 23 war
2502 1629 32 28 en
2555 1626 29 35 ja
2615 1624 67 33 cuch
2703 1632 73 28 ganz
2797 1618 61 50 aut,
2874 1622 68 36 daß
2972 1622 36 35 ſie
3037 1622 76 34 gicht,
3142 1623 166 34 gekommen
3339 1630 95 27 war.)

2413 1666 77 31 denn
2514 1666 29 30 in
2564 1664 62 32 dem
2647 1663 134 36 Zirzner,
2810 1665 52 29 des
2892 1662 110 35 jungen
3022 1660 171 44 Mädchens
3209 1661 70 35 ging,
3300 1660 116 44 allerkin

2414 1703 169 33 Seltames
2604 1711 63 23 vor.
2707 1701 62 32 Die
2789 1700 107 32 Möbel
2923 1699 125 33 wurden
3076 1699 168 43 vertanicht.
3272 1697 135 35 Terviche
3450 1705 2 3 1

2412 1742 125 31 Hurden
2557 1743 104 34 gelegt,
2690 1739 161 36 Vorhänge
2874 1737 181 36 aufgemacht
3084 1737 60 31 und
3164 1736 108 33 Bilder
3299 1744 39 23 un
3366 1736 75 33 die!

2412 1780 99 32 Wand
2531 1779 135 36 gehaͤngt.
2706 1770 89 49 Vund
2800 1770 108 49 erbare
2937 1775 114 34 Bilder.
3098 1774 86 34 Nicht
3212 1774 106 36 gerade
3345 1774 62 35 koit⸗

2412 1818 56 31 bar
2498 1826 36 22 ar
2566 1817 58 36 ſich,
2653 1816 82 36 wonl
2764 1815 70 32 aber
2861 1814 177 36 prechtoohe
3066 1813 259 33 Reproduktionen
3353 1822 54 24 dvon
3439 1829 18 17 ?

2412 1856 246 32 Meiſerwerten.
2680 1855 46 31 die
2745 1854 58 32 alle
2823 1854 52 34 auf
2894 1853 46 32 die
2959 1852 99 35 Muſik
3071 1852 100 36 Bezug
3193 1852 109 34 hatten.
3340 1851 66 33 Das

2412 1904 71 23 wun
2488 1893 148 36 dervoliſte
2642 1893 69 32 aber
2717 1902 119 22 marein
2854 1892 131 36 Pianino,
2998 1892 48 41 ein
3052 1891 155 36 herrliche?
3215 1890 191 37 Jnſtrument,

2411 1942 62 24 von
2493 1932 128 36 grogen
2642 1932 102 34 edlem,
2763 1931 89 34 ſeiten
2871 1930 127 36 ſchönem,
3018 1929 69 33 Ton
3107 1929 59 32 und
3186 1929 110 44 Mang.

2491 1972 42 31 Er
2583 1970 69 35 Bußte
2672 1971 57 31 das
2750 1969 86 37 alles,
2855 1970 98 35 wonte
2981 1968 70 32 aber
3075 1968 68 35 doch
3162 1967 86 37 nicht,
3268 1966 68 36 auch
3354 1976 53 23 nur

2412 2011 44 31 im
2476 2010 49 33 L
2634 2008 72 36 ehen
2735 2009 85 31 einen
2839 2007 82 34 Blie
2940 2007 107 44 hinein
3060 2015 37 28 zu
3107 2005 299 38 werfen
3219 2001 73 54 aus
3296 2005 110 38 Zurcht,
3442 2022 3 2 4

2412 2049 65 32 eine
2499 2047 129 37 Neugeer
2649 2056 35 23 zu
2704 2051 146 32 perraren,
2870 2046 46 32 die
2937 2046 61 35 ihm
3015 2046 80 34 nicht
3113 2045 112 44 ziemte.

2489 2087 70 32 Den
2591 2085 186 42 Nachmittag,
2810 2085 73 31 über
2913 2093 67 23 war
3011 2093 31 35 er
3071 2082 128 45 iemlich.
3219 2084 120 43 nexrõs,
3358 2082 48 33 alle

2411 2125 123 36 mählich
2556 2125 69 31 aber
2654 2124 152 35 pernhigte
2834 2123 53 35 ihn,
2915 2123 46 31 die
2976 2121 198 45 gleichmẽig
3197 2121 210 44 dahingehende
3415 2117 27 54 1

2442 2164 76 31 ebeit
2536 2164 61 31 und
2622 2164 49 30 als
2692 2162 46 32 die
2757 2162 69 36 Zeit.
2848 2161 102 36 ichlug,
2970 2163 37 40 da.
3031 2161 110 35 verließ
3162 2170 32 21 er
3213 2162 56 29 das
3290 2162 150 30 Suregu!

2412 2203 43 31 im
2476 2201 200 37 Bewuſmein,
2696 2209 113 28 nerem,
2829 2200 139 34 fremdein
2990 2199 103 32 Gläcke
3114 2199 140 43 entgenen
3263 2207 36 27 zu
3311 2197 142 45 gehn.?

2412 2240 61 33 Ein
2494 2239 95 43 Glück
2611 2240 56 32 das
2686 2239 110 36 freilich
2818 2239 56 33 den
2893 2240 171 35 lintergang
3088 2238 72 32 aller
3180 2237 93 37 ſeiner
3293 2245 113 28 eigenen
3431 2258 15 18 !

2412 2273 84 48 Glüe
2504 2273 132 48 straͤume
2659 2277 136 36 einſchoß.

2487 2317 49 33 Ob
2558 2327 30 21 er
2609 2317 36 35 ſie
2664 2317 82 34 traf?

2488 2356 55 36 Ja,
2565 2365 31 22 er
2614 2355 61 35 traf
2695 2355 60 35 fie.
2778 2354 68 33 Und
2876 2364 39 23 an
2945 2355 63 31 dem
3027 2352 142 36 Leuchten
3199 2353 80 35 ihrer
3299 2351 137 38 Augen.!

2410 2402 41 25 an
2472 2396 50 30 der
2540 2394 103 36 freien.
2674 2393 245 36 ſeibſtbewußzten,
2948 2392 166 38 gehebenen
3141 2392 136 36 Hetung
3304 2391 47 36 ſah
3371 2401 34 28 er,

2410 2433 60 35 daß
2489 2433 36 31 ſie
2546 2433 84 31 einen
2650 2432 120 37 großen,
2789 2432 190 35 herechligten
3000 2431 105 44 Erfolg
3125 2430 105 45 gehabt
3251 2430 85 35 halte.

2487 2471 78 39 —
2584 2473 120 30 —
2723 2470 128 36 —
2891 2470 59 33 —
3020 2470 21 35 :
3081 2479 31 27 ——
3186 2470 78 43 ——
3274 2469 132 44 —

2390 2510 79 32 wie
2490 2510 57 32 keb
2567 2510 59 32 und
2648 2511 54 36 gut
2721 2510 59 31 und
2813 2510 59 31 wie
2903 2507 251 38 außerordentlich
3189 2508 46 31 die
3267 2507 83 36 Frau
3368 2508 37 33 iſt

2410 2549 62 32 Sie
2492 2549 58 36 ließ
2569 2548 72 37 mich
2675 2548 77 32 alles
2786 2547 183 34 Erdenlliche
3001 2548 108 36 ſingen.
3161 2545 71 34 Bon
3254 2545 60 45 den
3330 2545 76 33 Ton

2409 2587 108 32 leitern
2547 2588 62 31 und
2641 2586 259 37 Stimmübungen
2933 2595 48 28 an,
3011 2585 107 33 Lieder
3145 2585 63 32 und
3225 2584 106 33 Lieder
3349 2585 56 31 und

2409 2625 97 33 Arien
2524 2626 63 32 und
2607 2627 50 31 als
2678 2625 41 36 ich
2739 2625 120 36 geendel
2889 2625 88 37 hatte,
3008 2624 104 34 wiñen
3131 2623 70 37 Sie,
3216 2626 82 41 was
3317 2623 37 34 ſie
3372 2623 34 32 da

2408 2664 67 31 tat?
2515 2664 140 31 Umarmt
2674 2664 52 35 hat
2745 2663 37 36 ſie
2801 2663 72 35 mich
2901 2663 61 31 und
2992 2663 113 35 geküßt,
3131 2663 70 43 und
3224 2661 115 38 Kind
3361 2661 45 35 lat

2409 2703 39 34 fie
2468 2702 106 36 geſagt,
2597 2702 32 31 in
2662 2702 96 31 einem
2789 2701 99 36 Jahre
2914 2700 55 37 biſt
2998 2701 39 32 du
3066 2701 47 31 die
3131 2701 104 37 größte
3255 2699 150 37 Sangerin

2409 2740 226 71 Fn
2675 2739 81 33 Aber
2774 2739 62 33 Sie
2849 2740 86 36 ſagen
2953 2740 31 36 ja
3002 2739 116 36 nichts?
3157 2739 60 33 Sie
3235 2738 103 36 freuen
3357 2738 46 37 ſich

2408 2788 32 28 ja
2459 2788 61 23 nicht
2559 2780 13 12 ?“

2485 2817 112 38 „Doch,
2617 2817 61 33 Sie
2696 2817 82 36 ſehen
2797 2817 41 36 ja,
2856 2817 59 32 wie
2935 2816 40 36 ich
2996 2816 71 35 mich
3095 2815 107 38 freue?,
3235 2816 169 32 antwortete
3434 2837 2 3 1

2409 2866 32 23 er
2461 2856 60 32 und
2542 2865 30 23 er
2590 2856 103 36 wußte
2712 2855 178 37 wabrhaftig
2911 2855 85 36 nicht,
3028 2864 117 23 warum
3173 2855 78 36 ſeine
3275 2855 128 32 Stimme

2408 2895 30 35 ſo
2460 2894 82 33 dabei
2579 2896 115 35 zitterte
2726 2895 60 32 und
2818 2902 118 24 warum
2967 2894 77 36 ſeine
3072 2893 107 38 Augen
3202 2893 30 36 ſo
3252 2892 151 37 ſonderbar

2407 2934 94 36 feucht
2521 2935 132 31 wurden.

2484 2971 72 34 Den
2576 2980 112 29 ganzen
2708 2970 71 38 Weg
2800 2971 73 32 über
2892 2971 95 37 ſprach
3015 2971 39 36 ſie
3076 2979 60 25 von
3155 2970 96 36 nichts
3280 2971 49 32 als
3348 2979 54 24 von

2407 3011 97 35 ihrem
2534 3010 98 36 Glück
2665 3011 81 36 ihrer
2775 3010 102 35 Kunſt.
2928 3011 85 37 „Und
3047 3010 101 35 wiſien
3167 3010 70 37 Sie,
3262 3012 69 30 was
3350 3010 51 32 das

2405 3049 174 37 Serrlichſte
2600 3049 54 35 iſt?
2702 3048 56 36 Jch
2788 3048 120 36 brauche
2932 3049 76 35 nicht
3037 3049 112 33 einmal
3167 3049 83 36 mehr
3269 3049 52 31 ins
3348 3047 54 35 Ge⸗

2408 3088 88 36 ſchaft
2516 3097 36 27 zu
2570 3088 100 37 gehen.
2702 3088 62 32 Die
2796 3087 166 38 Meiſterin,
2991 3088 77 44 demn
3098 3087 28 35 ſo
3155 3087 72 36 muß
3260 3087 41 35 ich
3322 3087 36 36 ſie
3375 3088 27 35 ja

2406 3128 84 35 wohl
2521 3135 124 28 nennen,
2680 3126 51 35 hat
2759 3126 84 37 ſogar
2876 3126 87 34 dafüx
2995 3128 121 35 geiorgt.
3177 3126 61 32 Sie
3276 3126 53 35 bat
3360 3126 42 32 ein

2407 3166 200 36 Stipendium
2626 3174 38 28 zu
2682 3164 142 38 vergeben
2843 3165 60 32 und
2923 3165 58 32 das
3000 3164 66 33 will
3086 3165 36 35 ſie
3152 3166 60 31 mir
3237 3165 163 36 zuwenden

2411 3204 62 34 Ein
2505 3204 110 37 großes
2654 3203 206 38 Stipendium,
2893 3204 57 32 das
2982 3203 72 35 nrich
3087 3203 173 37 beſſerſtellt,
3288 3204 49 31 als
3357 3203 72 32 der!

2406 3243 164 36 Verdienſt/
2604 3243 54 32 den
2692 3242 60 33 mix
2781 3243 97 31 meine,
2910 3242 146 36 Stellung
3088 3242 155 36 verichaft.
3282 3242 50 44 Jt
3350 3242 58 32 das
3432 3249 17 27 1

2405 3282 78 35 nicht
2503 3281 130 38 herrlich,
2667 3280 35 36 iſt
2730 3281 56 32 das
2813 3281 77 35 nicht
2917 3281 199 33 wunderbar?
3154 3281 81 33 Aber
3255 3280 29 36 ſo
3304 3288 96 28 freuen

2407 3320 61 34 Sie
2468 3314 81 56 ſich.
2558 3314 97 56 doch/
2656 3319 61 33 Sie
2735 3319 158 45 Unmenich
2913 3319 60 33 Sie

2483 3358 91 39 „Gie
2600 3359 53 34 ſoll
2685 3358 42 35 ich,
2760 3358 72 45 mich
2864 3358 130 37 freuen?,
3025 3357 79 39 ſagte
3137 3367 39 30 er,
3210 3367 107 30 wenn
3346 3358 55 38 zett

2406 3397 86 36 umſer
2510 3396 269 37 Zuſammengehen
2799 3405 47 23 ein
2867 3396 83 33 Ende
2969 3397 88 35 hat?-

2483 3436 96 37 Oh⸗,
2582 3430 91 54 ſagte
2681 3430 54 54 ſie.
2774 3436 93 32 daran
2882 3435 77 35 batte
2971 3436 40 33 ich
3024 3435 128 35 wirklich
3170 3436 78 36 nicht
3260 3435 139 37 gedacht

2483 3474 48 42 Zu
2550 3473 90 36 Haus
2662 3476 67 30 eilte
2749 3460 37 50 ſic
2806 3474 101 35 ſen
2926 3474 52 34 gai
2999 3475 46 35 it
3064 3474 142 36 Ziner
3246 3474 61 33 Ein
3325 3474 75 32 Eiz

2406 3512 53 36 ruf
2477 3515 50 30 der
2547 3512 217 36 Aberraſchung
2795 3513 117 34 entfuhr
2933 3512 54 36 ihr.
3027 3512 108 38 „Mein
3162 3512 87 37 Gott.
3277 3522 49 22 wo
3355 3512 45 32 bin

2404 3552 42 33 ich
2468 3552 75 31 denn
2564 3551 228 44 hingergten?⸗
2812 3550 130 36 Schnell.
2962 3551 49 31 als,
3031 3552 81 31 wäre
3125 3551 37 36 ſie
3174 3552 128 33 wirklich
3322 3551 76 36 falich

2405 3599 162 35 gegangen,
2587 3592 61 30 trat
2667 3589 38 35 ſie
2724 3591 98 34 zurück
2840 3590 60 31 und
2920 3590 48 35 ſah
2983 3589 50 36 ſich
3054 3598 73 29 ganz
3149 3590 128 35 erſlaunt
3296 3591 32 30 in
3340 3590 58 32 dem

2403 3630 151 31 Korridor
2572 3636 59 24 um.

2481 3667 55 36 Ja,
2557 3666 57 32 das
2633 3674 67 24 war
2714 3665 68 45 doch
2801 3666 46 32 die
2859 3665 67 33 Tür
2945 3675 36 27 zu
3001 3666 93 35 ihrem
3108 3666 152 36 Zimmer?
3285 3667 67 31 Und
3366 3666 31 32 da

2404 3706 83 36 ſtand
2526 3706 68 34 auch
2633 3705 33 31 in
2707 3704 159 33 demielben
2905 3704 175 36 Augenblick
3116 3706 85 36 Frau
3232 3705 165 34 Sũdefamp

2405 3744 129 33 lãchelnd
2555 3743 93 32 neben
2668 3743 49 35 ihr
2735 3745 59 31 und
2816 3743 88 37 ſagte:
2933 3743 191 38 „Hoffentlich
3138 3743 104 37 gefällt
3255 3746 34 30 es
3302 3744 96 36 Jhnen
3420 3767 3 4 1

2402 3783 63 36 jetzt
2483 3782 117 35 beſſer.“

2480 3820 74 38 „Ja,
2582 3820 52 35 ſoll
2654 3820 77 31 dem
2751 3821 57 31 das
2828 3820 126 34 wirklich
2983 3820 50 34 für
3052 3820 70 36 mich
3143 3820 79 35 ſein?
3260 3820 61 37 Ob,
3345 3820 84 32 Sie!

2403 3859 84 36 liebe/
2518 3859 67 36 gute
2605 3858 82 35 Frau
2708 3857 181 37 Sudekamp,
2913 3858 85 32 Sie.“
3038 3859 68 32 Und
3135 3859 51 35 ehe
3213 3860 46 31 die
3285 3861 112 30 wackere
3411 3853 32 48 ?

2403 3898 85 36 Frau
2508 3897 50 35 ſich
2580 3897 92 33 deſſen
2693 3897 109 35 verſal,
2824 3897 77 33 hatte
2922 3896 64 36 Elje
3004 3898 72 35 Heil
3096 3898 35 34 ſie
3151 3898 117 36 umfaßt
3288 3898 58 32 und
3365 3897 31 35 ſie
3428 3898 20 29 d

2404 3937 48 31 ein
2473 3937 113 33 dutzend
2608 3934 71 34 Mal
2699 3935 149 37 abgelaßt.

2479 3974 153 34 Natürlich
2652 3974 122 34 munten
2795 3974 112 31 abends
2937 3974 57 32 alle
3020 3975 56 31 das
3098 3974 132 36 Zimmer
3250 3975 90 37 fetzen,
3368 3974 27 32 in

2403 4014 67 31 dem
2490 4021 53 28 gar
2563 4013 61 31 kein
2645 4012 72 32 Beit
2737 4012 89 36 ſtand,
2846 4013 122 33 jonzern
2987 4022 58 22 nur
3066 4014 81 31 eines
3168 4015 81 32 jener
3267 4014 128 31 wunder

2402 4052 99 31 vollen
2522 4050 110 35 Sofas,
2653 4051 47 31 die
2721 4059 68 23 man
2810 4051 54 31 mit
2887 4053 90 30 einem
2993 4051 82 36 Griff
3095 4053 31 30 in
3147 4053 46 31 ein
3214 4052 106 34 ſolchkes
3339 4060 56 24 ver⸗

2402 4089 139 33 wandeln
2561 4090 82 30 kenn.

2478 4128 72 32 Das
2571 4127 157 37 Entzüden
2756 4127 73 32 über
2858 4128 55 31 daz
2945 4128 123 34 wirklich
3096 4129 113 35 reizend
3230 4129 164 37 gewordene
3410 4123 32 47 1

2401 4166 133 37 Zimmer
2554 4175 65 23 war
2638 4166 166 36 allgemen.

2479 4205 84 37 „Und
2584 4213 122 27 morgen
2727 4205 106 31 konmt
2852 4205 61 35 Jor
2935 4204 131 37 Zimmer
3087 4206 120 36 daran“,
3227 4206 77 36 ſagte
3320 4206 73 36 Frau

2402 4243 171 34 Sũdelamꝰ
2595 4243 77 35 ſtols.

2479 4281 85 38 „Alch,
2586 4281 78 31 mein
2683 4280 85 37 Goit,
2789 4281 125 37 meins?,
2935 4282 105 32 meinte
3052 4282 68 32 aber
3140 4282 47 32 die
3208 4282 86 37 junge
3314 4281 80 35 blaſſe
3420 4302 2 4 1

2401 4320 93 36 Fraun.
2543 4320 75 36 „Um
2645 4320 114 31 meines
2792 4320 80 31 wäre
2905 4323 33 28 es
2971 4322 142 34 geradezu
3145 4320 94 36 ſchade
3272 4321 47 32 bei
3349 4322 45 30 der

2401 4358 115 34 Arbeit,
2534 4358 47 31 die
2601 4358 39 44 ich,
2662 4358 114 33 maben
2798 4358 97 35 muß.“

2478 4396 84 37 „Und
2583 4396 77 32 wir?
2700 4396 144 32 Kommen
2875 4397 57 31 wir
2961 4397 67 36 auck
3050 4397 110 32 dran?“
3192 4397 95 37 fragte
3311 4398 81 35 Hand

2401 4434 141 32 Wallner.

2478 4472 84 38 Alle
2583 4473 129 31 konmen
2728 4473 82 35 dran,
2832 4473 55 32 alle
2902 4474 58 31 und
2975 4473 84 36 ſagar
3079 4475 56 31 das
3150 4473 104 33 Schild
3268 4474 124 35 drauzen

2400 4512 77 31 wird
2499 4520 57 23 neu
2577 4513 159 35 vergoldet.
2776 4511 73 34 Das
2880 4512 88 36 große
2990 4512 104 35 Schild
3122 4513 52 35 auf
3204 4515 65 30 dem
3289 4513 103 37 groben

2400 4549 142 34 Balton.

2476 4587 78 46 „Sie
2573 4588 109 34 müſſen,
2703 4588 30 36 ja
2753 4587 163 33 Millionen
2945 4589 97 36 geerbt
3072 4589 91 36 haben
3193 4591 60 31 ind
3283 4596 107 25 warum
3423 4608 3 5 !

2399 4626 85 38 ſagen
2504 4626 60 44 Sie
2585 4627 116 44 nichts?
2739 4627 124 32 Warum
2884 4628 131 35 erzählen,
3037 4628 59 32 Sie
3114 4628 133 36 nichtse

2477 4664 95 38 „Weil
2593 4665 39 34 ich
2653 4666 96 33 nichts
2770 4674 36 26 zu
2827 4666 131 36 erzühlen
2980 4665 71 33 babe
3071 4668 59 32 und
3152 4667 40 32 ich
3205 4667 104 36 nichts,
3329 4665 61 33 aber

2399 4703 68 34 auch
2489 4712 53 26 gar
2561 4703 94 33 nichts
2671 4704 102 42 geerbt
2793 4704 99 36 habe.

2468 4741 121 45 Dann
2618 4742 123 33 verſtebe
2761 4742 39 33 ich
2830 4742 83 33 nicht.
2954 4742 93 33 Dann
3076 4743 60 35 ſind.
3167 4743 59 33 Sie
3256 4744 56 32 mit
3331 4744 56 31 dem

2398 4779 172 45 Teufel,
2526 4775 50 53 im
2586 4779 115 37 Bunde,
2722 4781 74 30 denn
2818 4781 31 30 in
2867 4783 51 29 der
2938 4780 66 36 Zeit
3024 4783 52 30 des
3098 4781 141 35 Tiſchtein
3260 4783 57 31 deck
3335 4780 52 34 dic
3430 4783 11 25 1

2397 4819 62 31 und
2481 4818 114 33 Eielejn
2615 4818 76 33 ſtreck
2711 4819 58 32 dich
2791 4819 60 33 ſind
2872 4820 57 30 wir
2948 4820 66 34 doch
3036 4819 73 35 nicht
3129 4821 91 35 mehr.

2475 4855 106 45 MNee
2612 4856 76 45 ſagte
2715 4856 143 36 Fräulein
2888 4857 133 32 Meinert
3052 4860 30 30 in
3114 4858 80 36 ihrer
3218 4858 109 35 döſtiich
3346 4864 41 25 nr⸗

2397 4895 160 35 wũchgen
2568 4894 133 45 Manier,
2723 4896 93 35 alles
2837 4896 74 32 wird
2932 4896 173 37 heutzutage
3123 4897 135 37 geſtreckt,
3277 4905 57 24 nur
3348 4895 39 32 die

2398 4932 66 37 Eſel
2483 4928 114 55 ſtrecken
2607 4928 72 55 ſich
2687 4933 76 42 nicht
2783 4934 109 34 mebr.

2446 4970 106 45 Auch
2585 4971 90 44 Hieſer
2709 4971 102 33 Abend
2843 4972 104 35 verlief,
2978 4973 141 36 geradesn.
3152 4973 113 35 feſtlich
3322 4972 65 33 Das

2397 5009 91 34 Glijck
2507 5010 50 31 der,
2577 5009 140 45 Benſion.
2737 5019 54 23 vor
2815 5011 86 32 allein
2932 5011 69 31 aber
3030 5012 56 31 das
3107 5012 89 34 Glück
3221 5012 66 35 Elſe
3305 5011 81 36 Heil⸗

2395 5047 102 37 mußte
2524 5047 121 39 gefeiert
2675 5049 127 45 werden.
2841 5049 71 34 Das
2941 5050 125 33 lavier
3093 5049 101 39 mußte
3221 5048 166 42 eingeweiht

2396 5087 120 43 werden
2533 5087 64 41 und
2617 5085 65 40 Elſe
2701 5087 71 38 Seil
2790 5087 102 40 mubte
2909 5087 156 39 ſmaen..

2736 5143 198 46 Gortſebung
2955 5143 99 47 lolgt

3329 5111 32 8 —
