<?xml version="1.0" encoding="UTF-8"?>
<alto xmlns="http://www.loc.gov/standards/alto/ns-v3#" xmlns:xlink="http://www.w3.org/1999/xlink" xmlns:xsi="http://www.w3.org/2001/XMLSchema-instance" xsi:schemaLocation="http://www.loc.gov/standards/alto/ns-v3# http://www.loc.gov/alto/v3/alto-3-0.xsd">
	<Description>
		<MeasurementUnit>pixel</MeasurementUnit>
		<sourceImageInformation>
			<fileName>			</fileName>
		</sourceImageInformation>
		<OCRProcessing ID="OCR_0">
			<ocrProcessingStep>
				<processingSoftware>
					<softwareName>tesseract v4.1.0-elag2019</softwareName>
				</processingSoftware>
			</ocrProcessingStep>
		</OCRProcessing>
	</Description>
	<Layout>
		<Page WIDTH="2517" HEIGHT="3670" PHYSICAL_IMG_NR="0" ID="page_0">
			<PrintSpace HPOS="0" VPOS="0" WIDTH="2517" HEIGHT="3670">
				<TextBlock ID="block_0" HPOS="0" VPOS="888" WIDTH="22" HEIGHT="2780">
					<TextLine ID="line_0" HPOS="0" VPOS="888" WIDTH="22" HEIGHT="2780">
						<String ID="string_0" HPOS="0" VPOS="888" WIDTH="22" HEIGHT="2780" WC="0.95" CONTENT=" "/>
					</TextLine>
				</TextBlock>
				<TextBlock ID="block_1" HPOS="81" VPOS="244" WIDTH="1125" HEIGHT="3185">
					<TextLine ID="line_1" HPOS="92" VPOS="244" WIDTH="1114" HEIGHT="42">
						<String ID="string_1" HPOS="92" VPOS="245" WIDTH="99" HEIGHT="39" WC="0.80" CONTENT="Hinz."/><SP WIDTH="28" VPOS="245" HPOS="191"/>
						<String ID="string_2" HPOS="219" VPOS="244" WIDTH="94" HEIGHT="36" WC="0.79" CONTENT="Otto,"/><SP WIDTH="26" VPOS="244" HPOS="313"/>
						<String ID="string_3" HPOS="339" VPOS="244" WIDTH="132" HEIGHT="39" WC="0.90" CONTENT="Heizer,"/><SP WIDTH="26" VPOS="244" HPOS="471"/>
						<String ID="string_4" HPOS="497" VPOS="244" WIDTH="72" HEIGHT="41" WC="0.85" CONTENT="geb."/><SP WIDTH="28" VPOS="244" HPOS="569"/>
						<String ID="string_5" HPOS="597" VPOS="245" WIDTH="66" HEIGHT="32" WC="0.90" CONTENT="den"/><SP WIDTH="29" VPOS="245" HPOS="663"/>
						<String ID="string_6" HPOS="692" VPOS="246" WIDTH="46" HEIGHT="31" WC="0.0" CONTENT="lL4."/><SP WIDTH="27" VPOS="246" HPOS="738"/>
						<String ID="string_7" HPOS="765" VPOS="247" WIDTH="30" HEIGHT="30" WC="0.91" CONTENT="2."/><SP WIDTH="27" VPOS="247" HPOS="795"/>
						<String ID="string_8" HPOS="822" VPOS="246" WIDTH="39" HEIGHT="31" WC="0.57" CONTENT="94"/><SP WIDTH="27" VPOS="246" HPOS="861"/>
						<String ID="string_9" HPOS="888" VPOS="255" WIDTH="44" HEIGHT="31" WC="0.89" CONTENT="zu"/><SP WIDTH="27" VPOS="255" HPOS="932"/>
						<String ID="string_10" HPOS="959" VPOS="244" WIDTH="247" HEIGHT="42" WC="0.61" CONTENT="Jakonowken."/>
					</TextLine>
					<TextLine ID="line_2" HPOS="173" VPOS="288" WIDTH="390" HEIGHT="39">
						<String ID="string_11" HPOS="173" VPOS="288" WIDTH="33" HEIGHT="35" WC="0.43" CONTENT="E."/><SP WIDTH="20" VPOS="288" HPOS="206"/>
						<String ID="string_12" HPOS="226" VPOS="294" WIDTH="55" HEIGHT="27" WC="0.52" CONTENT="IIi."/><SP WIDTH="20" VPOS="294" HPOS="281"/>
						<String ID="string_13" HPOS="301" VPOS="289" WIDTH="32" HEIGHT="34" WC="0.44" CONTENT="B."/><SP WIDTH="17" VPOS="289" HPOS="333"/>
						<String ID="string_14" HPOS="350" VPOS="289" WIDTH="42" HEIGHT="34" WC="0.42" CONTENT="K."/><SP WIDTH="19" VPOS="289" HPOS="392"/>
						<String ID="string_15" HPOS="411" VPOS="290" WIDTH="90" HEIGHT="32" WC="0.0" CONTENT="Lti2"/><SP WIDTH="17" VPOS="290" HPOS="501"/>
						<String ID="string_16" HPOS="518" VPOS="288" WIDTH="45" HEIGHT="39" WC="0.9" CONTENT="B,"/>
					</TextLine>
					<TextLine ID="line_3" HPOS="93" VPOS="334" WIDTH="1111" HEIGHT="41">
						<String ID="string_17" HPOS="93" VPOS="335" WIDTH="203" HEIGHT="39" WC="0.24" CONTENT="Beterskeit,"/><SP WIDTH="26" VPOS="335" HPOS="296"/>
						<String ID="string_18" HPOS="322" VPOS="334" WIDTH="151" HEIGHT="37" WC="0.83" CONTENT="Amalie,"/><SP WIDTH="26" VPOS="334" HPOS="473"/>
						<String ID="string_19" HPOS="499" VPOS="334" WIDTH="124" HEIGHT="41" WC="0.92" CONTENT="Stütze,"/><SP WIDTH="26" VPOS="334" HPOS="623"/>
						<String ID="string_20" HPOS="649" VPOS="334" WIDTH="72" HEIGHT="41" WC="0.53" CONTENT="geb."/><SP WIDTH="27" VPOS="334" HPOS="721"/>
						<String ID="string_21" HPOS="748" VPOS="335" WIDTH="63" HEIGHT="33" WC="0.92" CONTENT="den"/><SP WIDTH="26" VPOS="335" HPOS="811"/>
						<String ID="string_22" HPOS="837" VPOS="337" WIDTH="48" HEIGHT="31" WC="0.89" CONTENT="23."/><SP WIDTH="27" VPOS="337" HPOS="885"/>
						<String ID="string_23" HPOS="912" VPOS="337" WIDTH="50" HEIGHT="32" WC="0.58" CONTENT="13."/><SP WIDTH="23" VPOS="337" HPOS="962"/>
						<String ID="string_24" HPOS="985" VPOS="339" WIDTH="39" HEIGHT="29" WC="0.55" CONTENT="g5"/><SP WIDTH="25" VPOS="339" HPOS="1024"/>
						<String ID="string_25" HPOS="1049" VPOS="346" WIDTH="43" HEIGHT="29" WC="0.89" CONTENT="zu"/><SP WIDTH="25" VPOS="346" HPOS="1092"/>
						<String ID="string_26" HPOS="1117" VPOS="336" WIDTH="87" HEIGHT="34" WC="0.77" CONTENT="Lau⸗"/>
					</TextLine>
					<TextLine ID="line_4" HPOS="169" VPOS="378" WIDTH="1037" HEIGHT="42">
						<String ID="string_27" HPOS="169" VPOS="381" WIDTH="125" HEIGHT="39" WC="0.85" CONTENT="gallen."/><SP WIDTH="39" VPOS="381" HPOS="294"/>
						<String ID="string_28" HPOS="333" VPOS="379" WIDTH="123" HEIGHT="41" WC="0.91" CONTENT="Letzter"/><SP WIDTH="39" VPOS="379" HPOS="456"/>
						<String ID="string_29" HPOS="495" VPOS="378" WIDTH="208" HEIGHT="40" WC="0.90" CONTENT="Aufenthalt"/><SP WIDTH="40" VPOS="378" HPOS="703"/>
						<String ID="string_30" HPOS="743" VPOS="388" WIDTH="75" HEIGHT="25" WC="0.92" CONTENT="war"/><SP WIDTH="40" VPOS="388" HPOS="818"/>
						<String ID="string_31" HPOS="858" VPOS="380" WIDTH="111" HEIGHT="38" WC="0.67" CONTENT="Tilſtt."/><SP WIDTH="41" VPOS="380" HPOS="969"/>
						<String ID="string_32" HPOS="1010" VPOS="386" WIDTH="41" HEIGHT="27" WC="0.54" CONTENT="Ui"/><SP WIDTH="43" VPOS="386" HPOS="1051"/>
						<String ID="string_33" HPOS="1094" VPOS="382" WIDTH="30" HEIGHT="33" WC="0.43" CONTENT="b."/><SP WIDTH="40" VPOS="382" HPOS="1124"/>
						<String ID="string_34" HPOS="1164" VPOS="382" WIDTH="42" HEIGHT="38" WC="0.66" CONTENT="B."/>
					</TextLine>
					<TextLine ID="line_5" HPOS="129" VPOS="424" WIDTH="169" HEIGHT="38">
						<String ID="string_35" HPOS="129" VPOS="426" WIDTH="102" HEIGHT="32" WC="0.10" CONTENT="Bi2g."/><SP WIDTH="20" VPOS="426" HPOS="231"/>
						<String ID="string_36" HPOS="251" VPOS="424" WIDTH="47" HEIGHT="38" WC="0.70" CONTENT="B,"/>
					</TextLine>
					<TextLine ID="line_6" HPOS="243" VPOS="469" WIDTH="812" HEIGHT="43">
						<String ID="string_37" HPOS="243" VPOS="470" WIDTH="125" HEIGHT="41" WC="0.68" CONTENT="gejucht"/><SP WIDTH="19" VPOS="470" HPOS="368"/>
						<String ID="string_38" HPOS="387" VPOS="478" WIDTH="78" HEIGHT="25" WC="0.92" CONTENT="vom"/><SP WIDTH="17" VPOS="478" HPOS="465"/>
						<String ID="string_39" HPOS="482" VPOS="469" WIDTH="273" HEIGHT="39" WC="0.46" CONTENT="Kreisausichuß"/><SP WIDTH="21" VPOS="469" HPOS="755"/>
						<String ID="string_40" HPOS="776" VPOS="471" WIDTH="37" HEIGHT="32" WC="0.92" CONTENT="in"/><SP WIDTH="17" VPOS="471" HPOS="813"/>
						<String ID="string_41" HPOS="830" VPOS="470" WIDTH="225" HEIGHT="42" WC="0.90" CONTENT="Jnſterburg."/>
					</TextLine>
					<TextLine ID="line_7" HPOS="92" VPOS="514" WIDTH="1073" HEIGHT="42">
						<String ID="string_42" HPOS="92" VPOS="516" WIDTH="131" HEIGHT="40" WC="0.90" CONTENT="Seelig,"/><SP WIDTH="16" VPOS="516" HPOS="223"/>
						<String ID="string_43" HPOS="239" VPOS="516" WIDTH="144" HEIGHT="39" WC="0.88" CONTENT="Auguſt,"/><SP WIDTH="17" VPOS="516" HPOS="383"/>
						<String ID="string_44" HPOS="400" VPOS="515" WIDTH="170" HEIGHT="39" WC="0.88" CONTENT="Arbeiter,"/><SP WIDTH="18" VPOS="515" HPOS="570"/>
						<String ID="string_45" HPOS="588" VPOS="514" WIDTH="83" HEIGHT="42" WC="0.43" CONTENT="geb,"/><SP WIDTH="18" VPOS="514" HPOS="671"/>
						<String ID="string_46" HPOS="689" VPOS="515" WIDTH="63" HEIGHT="34" WC="0.92" CONTENT="den"/><SP WIDTH="20" VPOS="515" HPOS="752"/>
						<String ID="string_47" HPOS="772" VPOS="517" WIDTH="28" HEIGHT="31" WC="0.80" CONTENT="6."/><SP WIDTH="18" VPOS="517" HPOS="800"/>
						<String ID="string_48" HPOS="818" VPOS="517" WIDTH="27" HEIGHT="31" WC="0.44" CONTENT="I."/><SP WIDTH="18" VPOS="517" HPOS="845"/>
						<String ID="string_49" HPOS="863" VPOS="517" WIDTH="88" HEIGHT="35" WC="0.38" CONTENT="Igoõ."/><SP WIDTH="36" VPOS="517" HPOS="951"/>
						<String ID="string_50" HPOS="987" VPOS="516" WIDTH="42" HEIGHT="35" WC="0.45" CONTENT="K."/><SP WIDTH="16" VPOS="516" HPOS="1029"/>
						<String ID="string_51" HPOS="1045" VPOS="518" WIDTH="120" HEIGHT="36" WC="0.3" CONTENT="29825,"/>
					</TextLine>
					<TextLine ID="line_8" HPOS="89" VPOS="560" WIDTH="1115" HEIGHT="43">
						<String ID="string_52" HPOS="89" VPOS="560" WIDTH="127" HEIGHT="43" WC="0.73" CONTENT="geſucht"/><SP WIDTH="23" VPOS="560" HPOS="216"/>
						<String ID="string_53" HPOS="239" VPOS="569" WIDTH="78" HEIGHT="25" WC="0.90" CONTENT="vom"/><SP WIDTH="23" VPOS="569" HPOS="317"/>
						<String ID="string_54" HPOS="340" VPOS="561" WIDTH="272" HEIGHT="39" WC="0.44" CONTENT="Kreisausſchuß"/><SP WIDTH="24" VPOS="561" HPOS="612"/>
						<String ID="string_55" HPOS="636" VPOS="561" WIDTH="40" HEIGHT="32" WC="0.88" CONTENT="in"/><SP WIDTH="21" VPOS="561" HPOS="676"/>
						<String ID="string_56" HPOS="697" VPOS="560" WIDTH="232" HEIGHT="42" WC="0.91" CONTENT="Königsberg,"/><SP WIDTH="21" VPOS="560" HPOS="929"/>
						<String ID="string_57" HPOS="950" VPOS="562" WIDTH="59" HEIGHT="34" WC="0.93" CONTENT="der"/><SP WIDTH="23" VPOS="562" HPOS="1009"/>
						<String ID="string_58" HPOS="1032" VPOS="562" WIDTH="59" HEIGHT="37" WC="0.89" CONTENT="für"/><SP WIDTH="23" VPOS="562" HPOS="1091"/>
						<String ID="string_59" HPOS="1114" VPOS="563" WIDTH="90" HEIGHT="38" WC="0.90" CONTENT="ſeine"/>
					</TextLine>
					<TextLine ID="line_9" HPOS="211" VPOS="606" WIDTH="875" HEIGHT="41">
						<String ID="string_60" HPOS="211" VPOS="606" WIDTH="240" HEIGHT="41" WC="0.91" CONTENT="Ermittelung"/><SP WIDTH="23" VPOS="606" HPOS="451"/>
						<String ID="string_61" HPOS="474" VPOS="606" WIDTH="75" HEIGHT="33" WC="0.92" CONTENT="eine"/><SP WIDTH="24" VPOS="606" HPOS="549"/>
						<String ID="string_62" HPOS="573" VPOS="606" WIDTH="144" HEIGHT="40" WC="0.80" CONTENT="Brämie"/><SP WIDTH="24" VPOS="606" HPOS="717"/>
						<String ID="string_63" HPOS="741" VPOS="614" WIDTH="69" HEIGHT="25" WC="0.86" CONTENT="von"/><SP WIDTH="21" VPOS="614" HPOS="810"/>
						<String ID="string_64" HPOS="831" VPOS="607" WIDTH="19" HEIGHT="32" WC="0.60" CONTENT="3"/><SP WIDTH="22" VPOS="607" HPOS="850"/>
						<String ID="string_65" HPOS="872" VPOS="606" WIDTH="90" HEIGHT="35" WC="0.84" CONTENT="RM."/><SP WIDTH="22" VPOS="606" HPOS="962"/>
						<String ID="string_66" HPOS="984" VPOS="607" WIDTH="102" HEIGHT="39" WC="0.82" CONTENT="zahlt."/>
					</TextLine>
					<TextLine ID="line_10" HPOS="91" VPOS="650" WIDTH="1113" HEIGHT="49">
						<String ID="string_67" HPOS="91" VPOS="653" WIDTH="175" HEIGHT="46" WC="0.83" CONTENT="Czaſtrau,"/><SP WIDTH="17" VPOS="653" HPOS="266"/>
						<String ID="string_68" HPOS="283" VPOS="650" WIDTH="100" HEIGHT="38" WC="0.57" CONTENT="Karl,"/><SP WIDTH="18" VPOS="650" HPOS="383"/>
						<String ID="string_69" HPOS="401" VPOS="651" WIDTH="197" HEIGHT="39" WC="0.20" CONTENT="Reiſender,"/><SP WIDTH="19" VPOS="651" HPOS="598"/>
						<String ID="string_70" HPOS="617" VPOS="651" WIDTH="74" HEIGHT="40" WC="0.91" CONTENT="geb."/><SP WIDTH="18" VPOS="651" HPOS="691"/>
						<String ID="string_71" HPOS="709" VPOS="653" WIDTH="64" HEIGHT="32" WC="0.92" CONTENT="den"/><SP WIDTH="21" VPOS="653" HPOS="773"/>
						<String ID="string_72" HPOS="794" VPOS="653" WIDTH="48" HEIGHT="31" WC="0.10" CONTENT="11."/><SP WIDTH="18" VPOS="653" HPOS="842"/>
						<String ID="string_73" HPOS="860" VPOS="653" WIDTH="28" HEIGHT="31" WC="0.24" CONTENT="7."/><SP WIDTH="18" VPOS="653" HPOS="888"/>
						<String ID="string_74" HPOS="906" VPOS="654" WIDTH="50" HEIGHT="37" WC="0.40" CONTENT="N,"/><SP WIDTH="20" VPOS="654" HPOS="956"/>
						<String ID="string_75" HPOS="976" VPOS="652" WIDTH="170" HEIGHT="40" WC="0.90" CONTENT="angeblich"/><SP WIDTH="21" VPOS="652" HPOS="1146"/>
						<String ID="string_76" HPOS="1167" VPOS="653" WIDTH="37" HEIGHT="32" WC="0.93" CONTENT="in"/>
					</TextLine>
					<TextLine ID="line_11" HPOS="169" VPOS="696" WIDTH="1035" HEIGHT="41">
						<String ID="string_77" HPOS="169" VPOS="697" WIDTH="236" HEIGHT="39" WC="0.80" CONTENT="Lupershorſt,"/><SP WIDTH="24" VPOS="697" HPOS="405"/>
						<String ID="string_78" HPOS="429" VPOS="696" WIDTH="107" HEIGHT="35" WC="0.68" CONTENT="Kreis"/><SP WIDTH="26" VPOS="696" HPOS="536"/>
						<String ID="string_79" HPOS="562" VPOS="696" WIDTH="141" HEIGHT="40" WC="0.92" CONTENT="Elbing."/><SP WIDTH="47" VPOS="696" HPOS="703"/>
						<String ID="string_80" HPOS="750" VPOS="696" WIDTH="123" HEIGHT="40" WC="0.92" CONTENT="Letzter"/><SP WIDTH="25" VPOS="696" HPOS="873"/>
						<String ID="string_81" HPOS="898" VPOS="697" WIDTH="206" HEIGHT="40" WC="0.90" CONTENT="Aufenthalt"/><SP WIDTH="25" VPOS="697" HPOS="1104"/>
						<String ID="string_82" HPOS="1129" VPOS="706" WIDTH="75" HEIGHT="24" WC="0.92" CONTENT="war"/>
					</TextLine>
					<TextLine ID="line_12" HPOS="169" VPOS="741" WIDTH="762" HEIGHT="42">
						<String ID="string_83" HPOS="169" VPOS="743" WIDTH="49" HEIGHT="33" WC="0.91" CONTENT="im"/><SP WIDTH="19" VPOS="743" HPOS="218"/>
						<String ID="string_84" HPOS="237" VPOS="742" WIDTH="117" HEIGHT="36" WC="0.0" CONTENT="Ereife"/><SP WIDTH="21" VPOS="742" HPOS="354"/>
						<String ID="string_85" HPOS="375" VPOS="741" WIDTH="289" HEIGHT="42" WC="0.70" CONTENT="Johannisburg."/><SP WIDTH="40" VPOS="741" HPOS="664"/>
						<String ID="string_86" HPOS="704" VPOS="742" WIDTH="44" HEIGHT="33" WC="0.89" CONTENT="N."/><SP WIDTH="20" VPOS="742" HPOS="748"/>
						<String ID="string_87" HPOS="768" VPOS="742" WIDTH="35" HEIGHT="34" WC="0.50" CONTENT="L."/><SP WIDTH="20" VPOS="742" HPOS="803"/>
						<String ID="string_88" HPOS="823" VPOS="743" WIDTH="47" HEIGHT="31" WC="0.52" CONTENT="Ig."/><SP WIDTH="20" VPOS="743" HPOS="870"/>
						<String ID="string_89" HPOS="890" VPOS="741" WIDTH="41" HEIGHT="40" WC="0.46" CONTENT="K."/>
					</TextLine>
					<TextLine ID="line_13" HPOS="91" VPOS="786" WIDTH="1113" HEIGHT="42">
						<String ID="string_90" HPOS="91" VPOS="789" WIDTH="196" HEIGHT="39" WC="0.53" CONTENT="Kvprewitz,"/><SP WIDTH="35" VPOS="789" HPOS="287"/>
						<String ID="string_91" HPOS="322" VPOS="786" WIDTH="229" HEIGHT="40" WC="0.79" CONTENT="Stanislaus,"/><SP WIDTH="35" VPOS="786" HPOS="551"/>
						<String ID="string_92" HPOS="586" VPOS="786" WIDTH="172" HEIGHT="39" WC="0.91" CONTENT="Arbeiter,"/><SP WIDTH="34" VPOS="786" HPOS="758"/>
						<String ID="string_93" HPOS="792" VPOS="787" WIDTH="71" HEIGHT="40" WC="0.92" CONTENT="geb."/><SP WIDTH="34" VPOS="787" HPOS="863"/>
						<String ID="string_94" HPOS="897" VPOS="787" WIDTH="64" HEIGHT="34" WC="0.91" CONTENT="den"/><SP WIDTH="37" VPOS="787" HPOS="961"/>
						<String ID="string_95" HPOS="998" VPOS="788" WIDTH="28" HEIGHT="32" WC="0.52" CONTENT="6."/><SP WIDTH="24" VPOS="788" HPOS="1026"/>
						<String ID="string_96" HPOS="1050" VPOS="788" WIDTH="29" HEIGHT="32" WC="0.47" CONTENT="S8."/><SP WIDTH="23" VPOS="788" HPOS="1079"/>
						<String ID="string_97" HPOS="1102" VPOS="790" WIDTH="39" HEIGHT="30" WC="0.0" CONTENT="Gõ"/><SP WIDTH="26" VPOS="790" HPOS="1141"/>
						<String ID="string_98" HPOS="1167" VPOS="787" WIDTH="37" HEIGHT="32" WC="0.88" CONTENT="in"/>
					</TextLine>
					<TextLine ID="line_14" HPOS="169" VPOS="831" WIDTH="1036" HEIGHT="41">
						<String ID="string_99" HPOS="169" VPOS="833" WIDTH="125" HEIGHT="38" WC="0.84" CONTENT="Polen."/><SP WIDTH="45" VPOS="833" HPOS="294"/>
						<String ID="string_100" HPOS="339" VPOS="832" WIDTH="122" HEIGHT="39" WC="0.91" CONTENT="Letzter"/><SP WIDTH="24" VPOS="832" HPOS="461"/>
						<String ID="string_101" HPOS="485" VPOS="831" WIDTH="208" HEIGHT="40" WC="0.90" CONTENT="Aufenthalt"/><SP WIDTH="22" VPOS="831" HPOS="693"/>
						<String ID="string_102" HPOS="715" VPOS="841" WIDTH="75" HEIGHT="24" WC="0.92" CONTENT="war"/><SP WIDTH="24" VPOS="841" HPOS="790"/>
						<String ID="string_103" HPOS="814" VPOS="832" WIDTH="37" HEIGHT="33" WC="0.91" CONTENT="in"/><SP WIDTH="23" VPOS="832" HPOS="851"/>
						<String ID="string_104" HPOS="874" VPOS="831" WIDTH="201" HEIGHT="41" WC="0.87" CONTENT="Julienhof,"/><SP WIDTH="22" VPOS="831" HPOS="1075"/>
						<String ID="string_105" HPOS="1097" VPOS="832" WIDTH="108" HEIGHT="35" WC="0.0" CONTENT="Ereis"/>
					</TextLine>
					<TextLine ID="line_15" HPOS="169" VPOS="877" WIDTH="451" HEIGHT="42">
						<String ID="string_106" HPOS="169" VPOS="878" WIDTH="142" HEIGHT="41" WC="0.83" CONTENT="Oletzko."/><SP WIDTH="38" VPOS="878" HPOS="311"/>
						<String ID="string_107" HPOS="349" VPOS="877" WIDTH="98" HEIGHT="40" WC="0.91" CONTENT="Schu."/><SP WIDTH="15" VPOS="877" HPOS="447"/>
						<String ID="string_108" HPOS="462" VPOS="878" WIDTH="50" HEIGHT="32" WC="0.85" CONTENT="30."/><SP WIDTH="15" VPOS="878" HPOS="512"/>
						<String ID="string_109" HPOS="527" VPOS="877" WIDTH="43" HEIGHT="34" WC="0.91" CONTENT="K."/><SP WIDTH="17" VPOS="877" HPOS="570"/>
						<String ID="string_110" HPOS="587" VPOS="882" WIDTH="33" HEIGHT="33" WC="0.46" CONTENT="J."/>
					</TextLine>
					<TextLine ID="line_16" HPOS="89" VPOS="921" WIDTH="1115" HEIGHT="42">
						<String ID="string_111" HPOS="89" VPOS="924" WIDTH="199" HEIGHT="39" WC="0.26" CONTENT="Konieczni,"/><SP WIDTH="26" VPOS="924" HPOS="288"/>
						<String ID="string_112" HPOS="314" VPOS="923" WIDTH="142" HEIGHT="40" WC="0.49" CONTENT="Auguſt,"/><SP WIDTH="24" VPOS="923" HPOS="456"/>
						<String ID="string_113" HPOS="480" VPOS="921" WIDTH="350" HEIGHT="42" WC="0.82" CONTENT="Handlungsgehilfe,"/><SP WIDTH="24" VPOS="921" HPOS="830"/>
						<String ID="string_114" HPOS="854" VPOS="923" WIDTH="71" HEIGHT="40" WC="0.92" CONTENT="geb."/><SP WIDTH="25" VPOS="923" HPOS="925"/>
						<String ID="string_115" HPOS="950" VPOS="923" WIDTH="66" HEIGHT="33" WC="0.91" CONTENT="den"/><SP WIDTH="24" VPOS="923" HPOS="1016"/>
						<String ID="string_116" HPOS="1040" VPOS="924" WIDTH="47" HEIGHT="31" WC="0.36" CONTENT="ll."/><SP WIDTH="26" VPOS="924" HPOS="1087"/>
						<String ID="string_117" HPOS="1113" VPOS="925" WIDTH="27" HEIGHT="31" WC="0.11" CONTENT="7."/><SP WIDTH="27" VPOS="925" HPOS="1140"/>
						<String ID="string_118" HPOS="1167" VPOS="924" WIDTH="37" HEIGHT="30" WC="0.32" CONTENT="79"/>
					</TextLine>
					<TextLine ID="line_17" HPOS="169" VPOS="967" WIDTH="940" HEIGHT="41">
						<String ID="string_119" HPOS="169" VPOS="970" WIDTH="39" HEIGHT="31" WC="0.92" CONTENT="in"/><SP WIDTH="16" VPOS="970" HPOS="208"/>
						<String ID="string_120" HPOS="224" VPOS="970" WIDTH="55" HEIGHT="33" WC="0.92" CONTENT="Kl."/><SP WIDTH="18" VPOS="970" HPOS="279"/>
						<String ID="string_121" HPOS="297" VPOS="968" WIDTH="239" HEIGHT="38" WC="0.86" CONTENT="Dombromka,"/><SP WIDTH="15" VPOS="968" HPOS="536"/>
						<String ID="string_122" HPOS="551" VPOS="968" WIDTH="109" HEIGHT="34" WC="0.90" CONTENT="Kreis"/><SP WIDTH="16" VPOS="968" HPOS="660"/>
						<String ID="string_123" HPOS="676" VPOS="967" WIDTH="187" HEIGHT="41" WC="0.90" CONTENT="Kattowitz."/><SP WIDTH="37" VPOS="967" HPOS="863"/>
						<String ID="string_124" HPOS="900" VPOS="969" WIDTH="50" HEIGHT="31" WC="0.91" CONTENT="Be."/><SP WIDTH="20" VPOS="969" HPOS="950"/>
						<String ID="string_125" HPOS="970" VPOS="969" WIDTH="38" HEIGHT="30" WC="0.83" CONTENT="16"/><SP WIDTH="17" VPOS="969" HPOS="1008"/>
						<String ID="string_126" HPOS="1025" VPOS="969" WIDTH="34" HEIGHT="32" WC="0.17" CONTENT="K."/><SP WIDTH="18" VPOS="969" HPOS="1059"/>
						<String ID="string_127" HPOS="1077" VPOS="968" WIDTH="32" HEIGHT="40" WC="0.51" CONTENT="J."/>
					</TextLine>
					<TextLine ID="line_18" HPOS="285" VPOS="1012" WIDTH="724" HEIGHT="42">
						<String ID="string_128" HPOS="285" VPOS="1014" WIDTH="127" HEIGHT="40" WC="0.57" CONTENT="geiucht"/><SP WIDTH="21" VPOS="1014" HPOS="412"/>
						<String ID="string_129" HPOS="433" VPOS="1022" WIDTH="78" HEIGHT="25" WC="0.92" CONTENT="vom"/><SP WIDTH="18" VPOS="1022" HPOS="511"/>
						<String ID="string_130" HPOS="529" VPOS="1013" WIDTH="274" HEIGHT="39" WC="0.85" CONTENT="Kreisausſchuß"/><SP WIDTH="22" VPOS="1013" HPOS="803"/>
						<String ID="string_131" HPOS="825" VPOS="1013" WIDTH="37" HEIGHT="33" WC="0.91" CONTENT="in"/><SP WIDTH="22" VPOS="1013" HPOS="862"/>
						<String ID="string_132" HPOS="884" VPOS="1012" WIDTH="125" HEIGHT="41" WC="0.83" CONTENT="Lötzen."/>
					</TextLine>
					<TextLine ID="line_19" HPOS="89" VPOS="1058" WIDTH="1113" HEIGHT="41">
						<String ID="string_133" HPOS="89" VPOS="1059" WIDTH="163" HEIGHT="39" WC="0.46" CONTENT="Miehlte,"/><SP WIDTH="17" VPOS="1059" HPOS="252"/>
						<String ID="string_134" HPOS="269" VPOS="1059" WIDTH="191" HEIGHT="39" WC="0.85" CONTENT="Hermann,"/><SP WIDTH="19" VPOS="1059" HPOS="460"/>
						<String ID="string_135" HPOS="479" VPOS="1058" WIDTH="171" HEIGHT="37" WC="0.89" CONTENT="Arbeiter,"/><SP WIDTH="20" VPOS="1058" HPOS="650"/>
						<String ID="string_136" HPOS="670" VPOS="1058" WIDTH="72" HEIGHT="41" WC="0.92" CONTENT="geb."/><SP WIDTH="19" VPOS="1058" HPOS="742"/>
						<String ID="string_137" HPOS="761" VPOS="1058" WIDTH="65" HEIGHT="34" WC="0.92" CONTENT="den"/><SP WIDTH="20" VPOS="1058" HPOS="826"/>
						<String ID="string_138" HPOS="846" VPOS="1060" WIDTH="47" HEIGHT="31" WC="0.87" CONTENT="10."/><SP WIDTH="17" VPOS="1060" HPOS="893"/>
						<String ID="string_139" HPOS="910" VPOS="1061" WIDTH="30" HEIGHT="30" WC="0.86" CONTENT="5."/><SP WIDTH="18" VPOS="1061" HPOS="940"/>
						<String ID="string_140" HPOS="958" VPOS="1059" WIDTH="39" HEIGHT="32" WC="0.5" CONTENT="98"/><SP WIDTH="20" VPOS="1059" HPOS="997"/>
						<String ID="string_141" HPOS="1017" VPOS="1059" WIDTH="37" HEIGHT="31" WC="0.91" CONTENT="in"/><SP WIDTH="19" VPOS="1059" HPOS="1054"/>
						<String ID="string_142" HPOS="1073" VPOS="1058" WIDTH="129" HEIGHT="38" WC="0.91" CONTENT="Haken⸗"/>
					</TextLine>
					<TextLine ID="line_20" HPOS="169" VPOS="1103" WIDTH="235" HEIGHT="40">
						<String ID="string_143" HPOS="169" VPOS="1104" WIDTH="87" HEIGHT="39" WC="0.89" CONTENT="dorf."/><SP WIDTH="37" VPOS="1104" HPOS="256"/>
						<String ID="string_144" HPOS="293" VPOS="1103" WIDTH="45" HEIGHT="34" WC="0.89" CONTENT="R."/><SP WIDTH="16" VPOS="1103" HPOS="338"/>
						<String ID="string_145" HPOS="354" VPOS="1105" WIDTH="50" HEIGHT="37" WC="0.86" CONTENT="22,"/>
					</TextLine>
					<TextLine ID="line_21" HPOS="89" VPOS="1147" WIDTH="1114" HEIGHT="42">
						<String ID="string_146" HPOS="89" VPOS="1150" WIDTH="168" HEIGHT="39" WC="0.92" CONTENT="Schröter,"/><SP WIDTH="21" VPOS="1150" HPOS="257"/>
						<String ID="string_147" HPOS="278" VPOS="1149" WIDTH="126" HEIGHT="39" WC="0.91" CONTENT="Oskar,"/><SP WIDTH="22" VPOS="1149" HPOS="404"/>
						<String ID="string_148" HPOS="426" VPOS="1148" WIDTH="170" HEIGHT="39" WC="0.91" CONTENT="Arbeiter,"/><SP WIDTH="21" VPOS="1148" HPOS="596"/>
						<String ID="string_149" HPOS="617" VPOS="1147" WIDTH="73" HEIGHT="42" WC="0.91" CONTENT="geb."/><SP WIDTH="19" VPOS="1147" HPOS="690"/>
						<String ID="string_150" HPOS="709" VPOS="1149" WIDTH="65" HEIGHT="32" WC="0.91" CONTENT="den"/><SP WIDTH="21" VPOS="1149" HPOS="774"/>
						<String ID="string_151" HPOS="795" VPOS="1149" WIDTH="29" HEIGHT="30" WC="0.92" CONTENT="6."/><SP WIDTH="20" VPOS="1149" HPOS="824"/>
						<String ID="string_152" HPOS="844" VPOS="1151" WIDTH="28" HEIGHT="29" WC="0.83" CONTENT="5."/><SP WIDTH="21" VPOS="1151" HPOS="872"/>
						<String ID="string_153" HPOS="893" VPOS="1150" WIDTH="38" HEIGHT="30" WC="0.49" CONTENT="E"/><SP WIDTH="22" VPOS="1150" HPOS="931"/>
						<String ID="string_154" HPOS="953" VPOS="1149" WIDTH="37" HEIGHT="32" WC="0.67" CONTENT="in"/><SP WIDTH="24" VPOS="1149" HPOS="990"/>
						<String ID="string_155" HPOS="1014" VPOS="1147" WIDTH="189" HEIGHT="40" WC="0.89" CONTENT="Hirſchfeld."/>
					</TextLine>
					<TextLine ID="line_22" HPOS="167" VPOS="1195" WIDTH="128" HEIGHT="38">
						<String ID="string_156" HPOS="167" VPOS="1195" WIDTH="40" HEIGHT="34" WC="0.90" CONTENT="K."/><SP WIDTH="22" VPOS="1195" HPOS="207"/>
						<String ID="string_157" HPOS="229" VPOS="1197" WIDTH="66" HEIGHT="36" WC="0.88" CONTENT="172,"/>
					</TextLine>
					<TextLine ID="line_23" HPOS="89" VPOS="1238" WIDTH="1111" HEIGHT="42">
						<String ID="string_158" HPOS="89" VPOS="1242" WIDTH="128" HEIGHT="38" WC="0.91" CONTENT="Torſch,"/><SP WIDTH="23" VPOS="1242" HPOS="217"/>
						<String ID="string_159" HPOS="240" VPOS="1241" WIDTH="110" HEIGHT="39" WC="0.91" CONTENT="Hugo,"/><SP WIDTH="25" VPOS="1241" HPOS="350"/>
						<String ID="string_160" HPOS="375" VPOS="1240" WIDTH="170" HEIGHT="37" WC="0.92" CONTENT="Arbeiter,"/><SP WIDTH="24" VPOS="1240" HPOS="545"/>
						<String ID="string_161" HPOS="569" VPOS="1238" WIDTH="72" HEIGHT="42" WC="0.92" CONTENT="geb."/><SP WIDTH="27" VPOS="1238" HPOS="641"/>
						<String ID="string_162" HPOS="668" VPOS="1239" WIDTH="63" HEIGHT="32" WC="0.91" CONTENT="den"/><SP WIDTH="25" VPOS="1239" HPOS="731"/>
						<String ID="string_163" HPOS="756" VPOS="1240" WIDTH="47" HEIGHT="31" WC="0.81" CONTENT="11."/><SP WIDTH="25" VPOS="1240" HPOS="803"/>
						<String ID="string_164" HPOS="828" VPOS="1240" WIDTH="37" HEIGHT="30" WC="0.40" CONTENT="3."/><SP WIDTH="17" VPOS="1240" HPOS="865"/>
						<String ID="string_165" HPOS="882" VPOS="1239" WIDTH="34" HEIGHT="31" WC="0.55" CONTENT="11"/><SP WIDTH="28" VPOS="1239" HPOS="916"/>
						<String ID="string_166" HPOS="944" VPOS="1239" WIDTH="36" HEIGHT="32" WC="0.85" CONTENT="in"/><SP WIDTH="25" VPOS="1239" HPOS="980"/>
						<String ID="string_167" HPOS="1005" VPOS="1238" WIDTH="56" HEIGHT="34" WC="0.92" CONTENT="Kl."/><SP WIDTH="26" VPOS="1238" HPOS="1061"/>
						<String ID="string_168" HPOS="1087" VPOS="1238" WIDTH="113" HEIGHT="39" WC="0.76" CONTENT="Hans—"/>
					</TextLine>
					<TextLine ID="line_24" HPOS="167" VPOS="1284" WIDTH="312" HEIGHT="39">
						<String ID="string_169" HPOS="167" VPOS="1286" WIDTH="121" HEIGHT="33" WC="0.91" CONTENT="walde."/><SP WIDTH="42" VPOS="1286" HPOS="288"/>
						<String ID="string_170" HPOS="330" VPOS="1287" WIDTH="77" HEIGHT="30" WC="0.87" CONTENT="1846"/><SP WIDTH="22" VPOS="1287" HPOS="407"/>
						<String ID="string_171" HPOS="429" VPOS="1284" WIDTH="50" HEIGHT="39" WC="0.13" CONTENT="B,"/>
					</TextLine>
					<TextLine ID="line_25" HPOS="88" VPOS="1327" WIDTH="1113" HEIGHT="44">
						<String ID="string_172" HPOS="88" VPOS="1332" WIDTH="126" HEIGHT="39" WC="0.91" CONTENT="Kinne,"/><SP WIDTH="24" VPOS="1332" HPOS="214"/>
						<String ID="string_173" HPOS="238" VPOS="1331" WIDTH="107" HEIGHT="38" WC="0.91" CONTENT="Willi,"/><SP WIDTH="23" VPOS="1331" HPOS="345"/>
						<String ID="string_174" HPOS="368" VPOS="1330" WIDTH="313" HEIGHT="38" WC="0.71" CONTENT="Elettromonteur,"/><SP WIDTH="24" VPOS="1330" HPOS="681"/>
						<String ID="string_175" HPOS="705" VPOS="1329" WIDTH="71" HEIGHT="41" WC="0.89" CONTENT="geb."/><SP WIDTH="24" VPOS="1329" HPOS="776"/>
						<String ID="string_176" HPOS="800" VPOS="1329" WIDTH="63" HEIGHT="32" WC="0.93" CONTENT="den"/><SP WIDTH="25" VPOS="1329" HPOS="863"/>
						<String ID="string_177" HPOS="888" VPOS="1330" WIDTH="47" HEIGHT="31" WC="0.92" CONTENT="16."/><SP WIDTH="23" VPOS="1330" HPOS="935"/>
						<String ID="string_178" HPOS="958" VPOS="1329" WIDTH="28" HEIGHT="32" WC="0.91" CONTENT="5."/><SP WIDTH="23" VPOS="1329" HPOS="986"/>
						<String ID="string_179" HPOS="1009" VPOS="1329" WIDTH="37" HEIGHT="31" WC="0.24" CONTENT="G"/><SP WIDTH="24" VPOS="1329" HPOS="1046"/>
						<String ID="string_180" HPOS="1070" VPOS="1329" WIDTH="37" HEIGHT="31" WC="0.86" CONTENT="in"/><SP WIDTH="26" VPOS="1329" HPOS="1107"/>
						<String ID="string_181" HPOS="1133" VPOS="1327" WIDTH="68" HEIGHT="33" WC="0.92" CONTENT="Dö—"/>
					</TextLine>
					<TextLine ID="line_26" HPOS="167" VPOS="1376" WIDTH="226" HEIGHT="38">
						<String ID="string_182" HPOS="167" VPOS="1377" WIDTH="95" HEIGHT="33" WC="0.90" CONTENT="bern."/><SP WIDTH="40" VPOS="1377" HPOS="262"/>
						<String ID="string_183" HPOS="302" VPOS="1376" WIDTH="44" HEIGHT="34" WC="0.85" CONTENT="D."/><SP WIDTH="19" VPOS="1376" HPOS="346"/>
						<String ID="string_184" HPOS="365" VPOS="1377" WIDTH="28" HEIGHT="37" WC="0.72" CONTENT="4,"/>
					</TextLine>
					<TextLine ID="line_27" HPOS="225" VPOS="1418" WIDTH="836" HEIGHT="44">
						<String ID="string_185" HPOS="225" VPOS="1421" WIDTH="126" HEIGHT="41" WC="0.81" CONTENT="gejucht"/><SP WIDTH="22" VPOS="1421" HPOS="351"/>
						<String ID="string_186" HPOS="373" VPOS="1430" WIDTH="77" HEIGHT="25" WC="0.92" CONTENT="vom"/><SP WIDTH="21" VPOS="1430" HPOS="450"/>
						<String ID="string_187" HPOS="471" VPOS="1419" WIDTH="272" HEIGHT="40" WC="0.81" CONTENT="Kreisausſchuß"/><SP WIDTH="23" VPOS="1419" HPOS="743"/>
						<String ID="string_188" HPOS="766" VPOS="1420" WIDTH="37" HEIGHT="32" WC="0.92" CONTENT="in"/><SP WIDTH="22" VPOS="1420" HPOS="803"/>
						<String ID="string_189" HPOS="825" VPOS="1418" WIDTH="236" HEIGHT="41" WC="0.92" CONTENT="Mohrungen."/>
					</TextLine>
					<TextLine ID="line_28" HPOS="87" VPOS="1471" WIDTH="1114" HEIGHT="46">
						<String ID="string_190" HPOS="87" VPOS="1476" WIDTH="182" HEIGHT="41" WC="0.91" CONTENT="Friedrich,"/><SP WIDTH="23" VPOS="1476" HPOS="269"/>
						<String ID="string_191" HPOS="292" VPOS="1475" WIDTH="152" HEIGHT="39" WC="0.91" CONTENT="Richard,"/><SP WIDTH="21" VPOS="1475" HPOS="444"/>
						<String ID="string_192" HPOS="465" VPOS="1474" WIDTH="147" HEIGHT="39" WC="0.92" CONTENT="Melker,"/><SP WIDTH="23" VPOS="1474" HPOS="612"/>
						<String ID="string_193" HPOS="635" VPOS="1473" WIDTH="71" HEIGHT="40" WC="0.92" CONTENT="geb."/><SP WIDTH="24" VPOS="1473" HPOS="706"/>
						<String ID="string_194" HPOS="730" VPOS="1473" WIDTH="63" HEIGHT="33" WC="0.92" CONTENT="den"/><SP WIDTH="25" VPOS="1473" HPOS="793"/>
						<String ID="string_195" HPOS="818" VPOS="1474" WIDTH="46" HEIGHT="31" WC="0.83" CONTENT="15."/><SP WIDTH="23" VPOS="1474" HPOS="864"/>
						<String ID="string_196" HPOS="887" VPOS="1475" WIDTH="47" HEIGHT="30" WC="0.69" CONTENT="12."/><SP WIDTH="21" VPOS="1475" HPOS="934"/>
						<String ID="string_197" HPOS="955" VPOS="1473" WIDTH="38" HEIGHT="32" WC="0.86" CONTENT="98"/><SP WIDTH="25" VPOS="1473" HPOS="993"/>
						<String ID="string_198" HPOS="1018" VPOS="1472" WIDTH="36" HEIGHT="32" WC="0.91" CONTENT="in"/><SP WIDTH="23" VPOS="1472" HPOS="1054"/>
						<String ID="string_199" HPOS="1077" VPOS="1471" WIDTH="124" HEIGHT="40" WC="0.21" CONTENT="Schön⸗"/>
					</TextLine>
					<TextLine ID="line_29" HPOS="165" VPOS="1516" WIDTH="1036" HEIGHT="43">
						<String ID="string_200" HPOS="165" VPOS="1522" WIDTH="121" HEIGHT="37" WC="0.92" CONTENT="walde,"/><SP WIDTH="29" VPOS="1522" HPOS="286"/>
						<String ID="string_201" HPOS="315" VPOS="1521" WIDTH="107" HEIGHT="33" WC="0.90" CONTENT="Kreis"/><SP WIDTH="29" VPOS="1521" HPOS="422"/>
						<String ID="string_202" HPOS="451" VPOS="1519" WIDTH="243" HEIGHT="40" WC="0.89" CONTENT="Heiligenbeil."/><SP WIDTH="48" VPOS="1519" HPOS="694"/>
						<String ID="string_203" HPOS="742" VPOS="1517" WIDTH="121" HEIGHT="38" WC="0.92" CONTENT="Letzter"/><SP WIDTH="29" VPOS="1517" HPOS="863"/>
						<String ID="string_204" HPOS="892" VPOS="1516" WIDTH="207" HEIGHT="41" WC="0.91" CONTENT="Aufenthalt"/><SP WIDTH="29" VPOS="1516" HPOS="1099"/>
						<String ID="string_205" HPOS="1128" VPOS="1524" WIDTH="73" HEIGHT="25" WC="0.92" CONTENT="war"/>
					</TextLine>
					<TextLine ID="line_30" HPOS="166" VPOS="1564" WIDTH="658" HEIGHT="42">
						<String ID="string_206" HPOS="166" VPOS="1566" WIDTH="160" HEIGHT="40" WC="0.90" CONTENT="Steegen,"/><SP WIDTH="22" VPOS="1566" HPOS="326"/>
						<String ID="string_207" HPOS="348" VPOS="1566" WIDTH="106" HEIGHT="33" WC="0.91" CONTENT="Kreis"/><SP WIDTH="22" VPOS="1566" HPOS="454"/>
						<String ID="string_208" HPOS="476" VPOS="1565" WIDTH="61" HEIGHT="39" WC="0.91" CONTENT="Pr."/><SP WIDTH="20" VPOS="1565" HPOS="537"/>
						<String ID="string_209" HPOS="557" VPOS="1564" WIDTH="159" HEIGHT="39" WC="0.91" CONTENT="Holland."/><SP WIDTH="40" VPOS="1564" HPOS="716"/>
						<String ID="string_210" HPOS="756" VPOS="1564" WIDTH="68" HEIGHT="36" WC="0.83" CONTENT="289,"/>
					</TextLine>
					<TextLine ID="line_31" HPOS="223" VPOS="1607" WIDTH="842" HEIGHT="46">
						<String ID="string_211" HPOS="223" VPOS="1611" WIDTH="126" HEIGHT="42" WC="0.91" CONTENT="geſucht"/><SP WIDTH="22" VPOS="1611" HPOS="349"/>
						<String ID="string_212" HPOS="371" VPOS="1619" WIDTH="77" HEIGHT="24" WC="0.92" CONTENT="vom"/><SP WIDTH="20" VPOS="1619" HPOS="448"/>
						<String ID="string_213" HPOS="468" VPOS="1608" WIDTH="272" HEIGHT="40" WC="0.89" CONTENT="Kreisausſchuß"/><SP WIDTH="24" VPOS="1608" HPOS="740"/>
						<String ID="string_214" HPOS="764" VPOS="1610" WIDTH="34" HEIGHT="31" WC="0.92" CONTENT="in"/><SP WIDTH="22" VPOS="1610" HPOS="798"/>
						<String ID="string_215" HPOS="820" VPOS="1607" WIDTH="245" HEIGHT="39" WC="0.90" CONTENT="Marienburg."/>
					</TextLine>
					<TextLine ID="line_32" HPOS="85" VPOS="1668" WIDTH="1116" HEIGHT="47">
						<String ID="string_216" HPOS="85" VPOS="1676" WIDTH="125" HEIGHT="39" WC="0.92" CONTENT="Katzig,"/><SP WIDTH="19" VPOS="1676" HPOS="210"/>
						<String ID="string_217" HPOS="229" VPOS="1674" WIDTH="105" HEIGHT="41" WC="0.91" CONTENT="Paul,"/><SP WIDTH="19" VPOS="1674" HPOS="334"/>
						<String ID="string_218" HPOS="353" VPOS="1673" WIDTH="170" HEIGHT="38" WC="0.92" CONTENT="Arbeiter,"/><SP WIDTH="18" VPOS="1673" HPOS="523"/>
						<String ID="string_219" HPOS="541" VPOS="1673" WIDTH="71" HEIGHT="40" WC="0.92" CONTENT="geb."/><SP WIDTH="19" VPOS="1673" HPOS="612"/>
						<String ID="string_220" HPOS="631" VPOS="1672" WIDTH="65" HEIGHT="33" WC="0.92" CONTENT="den"/><SP WIDTH="18" VPOS="1672" HPOS="696"/>
						<String ID="string_221" HPOS="714" VPOS="1674" WIDTH="28" HEIGHT="30" WC="0.84" CONTENT="g."/><SP WIDTH="18" VPOS="1674" HPOS="742"/>
						<String ID="string_222" HPOS="760" VPOS="1673" WIDTH="29" HEIGHT="31" WC="0.90" CONTENT="5."/><SP WIDTH="19" VPOS="1673" HPOS="789"/>
						<String ID="string_223" HPOS="808" VPOS="1673" WIDTH="37" HEIGHT="30" WC="0.0" CONTENT="b5"/><SP WIDTH="21" VPOS="1673" HPOS="845"/>
						<String ID="string_224" HPOS="866" VPOS="1671" WIDTH="36" HEIGHT="32" WC="0.92" CONTENT="in"/><SP WIDTH="17" VPOS="1671" HPOS="902"/>
						<String ID="string_225" HPOS="919" VPOS="1670" WIDTH="160" HEIGHT="34" WC="0.91" CONTENT="Kittnau."/><SP WIDTH="39" VPOS="1670" HPOS="1079"/>
						<String ID="string_226" HPOS="1118" VPOS="1668" WIDTH="83" HEIGHT="39" WC="0.85" CONTENT="Letz⸗"/>
					</TextLine>
					<TextLine ID="line_33" HPOS="165" VPOS="1714" WIDTH="1006" HEIGHT="44">
						<String ID="string_227" HPOS="165" VPOS="1724" WIDTH="51" HEIGHT="29" WC="0.43" CONTENT="ter"/><SP WIDTH="20" VPOS="1724" HPOS="216"/>
						<String ID="string_228" HPOS="236" VPOS="1719" WIDTH="207" HEIGHT="39" WC="0.90" CONTENT="Aufenthalt"/><SP WIDTH="18" VPOS="1719" HPOS="443"/>
						<String ID="string_229" HPOS="461" VPOS="1727" WIDTH="73" HEIGHT="24" WC="0.93" CONTENT="war"/><SP WIDTH="19" VPOS="1727" HPOS="534"/>
						<String ID="string_230" HPOS="553" VPOS="1719" WIDTH="49" HEIGHT="31" WC="0.93" CONTENT="im"/><SP WIDTH="19" VPOS="1719" HPOS="602"/>
						<String ID="string_231" HPOS="621" VPOS="1717" WIDTH="118" HEIGHT="38" WC="0.91" CONTENT="Kreiſe"/><SP WIDTH="20" VPOS="1717" HPOS="739"/>
						<String ID="string_232" HPOS="759" VPOS="1715" WIDTH="217" HEIGHT="41" WC="0.91" CONTENT="Angerburg."/><SP WIDTH="40" VPOS="1715" HPOS="976"/>
						<String ID="string_233" HPOS="1016" VPOS="1714" WIDTH="42" HEIGHT="34" WC="0.92" CONTENT="B."/><SP WIDTH="22" VPOS="1714" HPOS="1058"/>
						<String ID="string_234" HPOS="1080" VPOS="1719" WIDTH="24" HEIGHT="28" WC="0.63" CONTENT="J."/><SP WIDTH="19" VPOS="1719" HPOS="1104"/>
						<String ID="string_235" HPOS="1123" VPOS="1715" WIDTH="48" HEIGHT="31" WC="0.90" CONTENT="55."/>
					</TextLine>
					<TextLine ID="line_34" HPOS="234" VPOS="1760" WIDTH="818" HEIGHT="46">
						<String ID="string_236" HPOS="234" VPOS="1765" WIDTH="125" HEIGHT="41" WC="0.75" CONTENT="geſucht"/><SP WIDTH="19" VPOS="1765" HPOS="359"/>
						<String ID="string_237" HPOS="378" VPOS="1773" WIDTH="77" HEIGHT="24" WC="0.93" CONTENT="vom"/><SP WIDTH="17" VPOS="1773" HPOS="455"/>
						<String ID="string_238" HPOS="472" VPOS="1761" WIDTH="273" HEIGHT="40" WC="0.91" CONTENT="Kreisausſchuß"/><SP WIDTH="17" VPOS="1761" HPOS="745"/>
						<String ID="string_239" HPOS="762" VPOS="1763" WIDTH="38" HEIGHT="31" WC="0.92" CONTENT="in"/><SP WIDTH="19" VPOS="1763" HPOS="800"/>
						<String ID="string_240" HPOS="819" VPOS="1760" WIDTH="233" HEIGHT="39" WC="0.85" CONTENT="Neidenburg."/>
					</TextLine>
					<TextLine ID="line_35" HPOS="86" VPOS="1818" WIDTH="1115" HEIGHT="48">
						<String ID="string_241" HPOS="86" VPOS="1827" WIDTH="98" HEIGHT="39" WC="0.92" CONTENT="Hinz,"/><SP WIDTH="21" VPOS="1827" HPOS="184"/>
						<String ID="string_242" HPOS="205" VPOS="1825" WIDTH="223" HEIGHT="38" WC="0.90" CONTENT="Annemarie,"/><SP WIDTH="21" VPOS="1825" HPOS="428"/>
						<String ID="string_243" HPOS="449" VPOS="1822" WIDTH="287" HEIGHT="42" WC="0.72" CONTENT="Dienſtmädchen,"/><SP WIDTH="22" VPOS="1822" HPOS="736"/>
						<String ID="string_244" HPOS="758" VPOS="1821" WIDTH="71" HEIGHT="42" WC="0.92" CONTENT="geb."/><SP WIDTH="22" VPOS="1821" HPOS="829"/>
						<String ID="string_245" HPOS="851" VPOS="1821" WIDTH="62" HEIGHT="32" WC="0.92" CONTENT="den"/><SP WIDTH="23" VPOS="1821" HPOS="913"/>
						<String ID="string_246" HPOS="936" VPOS="1822" WIDTH="47" HEIGHT="31" WC="0.91" CONTENT="18."/><SP WIDTH="19" VPOS="1822" HPOS="983"/>
						<String ID="string_247" HPOS="1002" VPOS="1819" WIDTH="80" HEIGHT="33" WC="0.70" CONTENT="Mai"/><SP WIDTH="21" VPOS="1819" HPOS="1082"/>
						<String ID="string_248" HPOS="1103" VPOS="1820" WIDTH="39" HEIGHT="32" WC="0.70" CONTENT="98"/><SP WIDTH="22" VPOS="1820" HPOS="1142"/>
						<String ID="string_249" HPOS="1164" VPOS="1818" WIDTH="37" HEIGHT="33" WC="0.88" CONTENT="in"/>
					</TextLine>
					<TextLine ID="line_36" HPOS="164" VPOS="1865" WIDTH="1037" HEIGHT="46">
						<String ID="string_250" HPOS="164" VPOS="1870" WIDTH="253" HEIGHT="41" WC="0.89" CONTENT="Ludwigsdorf,"/><SP WIDTH="18" VPOS="1870" HPOS="417"/>
						<String ID="string_251" HPOS="435" VPOS="1869" WIDTH="105" HEIGHT="35" WC="0.77" CONTENT="Ereis"/><SP WIDTH="18" VPOS="1869" HPOS="540"/>
						<String ID="string_252" HPOS="558" VPOS="1868" WIDTH="292" HEIGHT="33" WC="0.90" CONTENT="Marienwerder."/><SP WIDTH="37" VPOS="1868" HPOS="850"/>
						<String ID="string_253" HPOS="887" VPOS="1868" WIDTH="37" HEIGHT="31" WC="0.70" CONTENT="5u"/><SP WIDTH="14" VPOS="1868" HPOS="924"/>
						<String ID="string_254" HPOS="938" VPOS="1867" WIDTH="119" HEIGHT="31" WC="0.0" CONTENT="605181."/><SP WIDTH="39" VPOS="1867" HPOS="1057"/>
						<String ID="string_255" HPOS="1096" VPOS="1869" WIDTH="29" HEIGHT="26" WC="0.0" CONTENT="J"/><SP WIDTH="19" VPOS="1869" HPOS="1125"/>
						<String ID="string_256" HPOS="1144" VPOS="1865" WIDTH="57" HEIGHT="40" WC="0.79" CONTENT="He,"/>
					</TextLine>
					<TextLine ID="line_37" HPOS="240" VPOS="1911" WIDTH="805" HEIGHT="46">
						<String ID="string_257" HPOS="240" VPOS="1914" WIDTH="126" HEIGHT="43" WC="0.87" CONTENT="gefucht"/><SP WIDTH="20" VPOS="1914" HPOS="366"/>
						<String ID="string_258" HPOS="386" VPOS="1922" WIDTH="79" HEIGHT="26" WC="0.92" CONTENT="vom"/><SP WIDTH="19" VPOS="1922" HPOS="465"/>
						<String ID="string_259" HPOS="484" VPOS="1912" WIDTH="273" HEIGHT="40" WC="0.89" CONTENT="Kreisausſchuß"/><SP WIDTH="23" VPOS="1912" HPOS="757"/>
						<String ID="string_260" HPOS="780" VPOS="1913" WIDTH="37" HEIGHT="31" WC="0.92" CONTENT="in"/><SP WIDTH="20" VPOS="1913" HPOS="817"/>
						<String ID="string_261" HPOS="837" VPOS="1911" WIDTH="208" HEIGHT="40" WC="0.60" CONTENT="Roſenberg."/>
					</TextLine>
					<TextLine ID="line_38" HPOS="86" VPOS="1970" WIDTH="1114" HEIGHT="49">
						<String ID="string_262" HPOS="86" VPOS="1979" WIDTH="112" HEIGHT="39" WC="0.91" CONTENT="Wicht,"/><SP WIDTH="27" VPOS="1979" HPOS="198"/>
						<String ID="string_263" HPOS="225" VPOS="1977" WIDTH="211" HEIGHT="42" WC="0.93" CONTENT="Ferdinand,"/><SP WIDTH="26" VPOS="1977" HPOS="436"/>
						<String ID="string_264" HPOS="462" VPOS="1975" WIDTH="169" HEIGHT="38" WC="0.91" CONTENT="Arbeiter,"/><SP WIDTH="28" VPOS="1975" HPOS="631"/>
						<String ID="string_265" HPOS="659" VPOS="1973" WIDTH="71" HEIGHT="41" WC="0.0" CONTENT="geb."/><SP WIDTH="25" VPOS="1973" HPOS="730"/>
						<String ID="string_266" HPOS="755" VPOS="1974" WIDTH="65" HEIGHT="32" WC="0.90" CONTENT="den"/><SP WIDTH="25" VPOS="1974" HPOS="820"/>
						<String ID="string_267" HPOS="845" VPOS="1973" WIDTH="49" HEIGHT="31" WC="0.67" CONTENT="28."/><SP WIDTH="26" VPOS="1973" HPOS="894"/>
						<String ID="string_268" HPOS="920" VPOS="1974" WIDTH="29" HEIGHT="30" WC="0.61" CONTENT="1."/><SP WIDTH="26" VPOS="1974" HPOS="949"/>
						<String ID="string_269" HPOS="975" VPOS="1973" WIDTH="37" HEIGHT="30" WC="0.13" CONTENT="78"/><SP WIDTH="27" VPOS="1973" HPOS="1012"/>
						<String ID="string_270" HPOS="1039" VPOS="1972" WIDTH="38" HEIGHT="31" WC="0.91" CONTENT="in"/><SP WIDTH="26" VPOS="1972" HPOS="1077"/>
						<String ID="string_271" HPOS="1103" VPOS="1970" WIDTH="97" HEIGHT="40" WC="0.48" CONTENT="Pus⸗"/>
					</TextLine>
					<TextLine ID="line_39" HPOS="165" VPOS="2018" WIDTH="681" HEIGHT="44">
						<String ID="string_272" HPOS="165" VPOS="2024" WIDTH="150" HEIGHT="38" WC="0.86" CONTENT="keppeln,"/><SP WIDTH="20" VPOS="2024" HPOS="315"/>
						<String ID="string_273" HPOS="335" VPOS="2021" WIDTH="106" HEIGHT="35" WC="0.92" CONTENT="Kreis"/><SP WIDTH="22" VPOS="2021" HPOS="441"/>
						<String ID="string_274" HPOS="463" VPOS="2020" WIDTH="142" HEIGHT="40" WC="0.91" CONTENT="Ragnit."/><SP WIDTH="40" VPOS="2020" HPOS="605"/>
						<String ID="string_275" HPOS="645" VPOS="2019" WIDTH="40" HEIGHT="40" WC="0.90" CONTENT="F."/><SP WIDTH="21" VPOS="2019" HPOS="685"/>
						<String ID="string_276" HPOS="706" VPOS="2018" WIDTH="51" HEIGHT="36" WC="0.91" CONTENT="W."/><SP WIDTH="22" VPOS="2018" HPOS="757"/>
						<String ID="string_277" HPOS="779" VPOS="2018" WIDTH="67" HEIGHT="38" WC="0.79" CONTENT="212,"/>
					</TextLine>
					<TextLine ID="line_40" HPOS="84" VPOS="2059" WIDTH="1111" HEIGHT="49">
						<String ID="string_278" HPOS="84" VPOS="2069" WIDTH="142" HEIGHT="39" WC="0.87" CONTENT="Goebel,"/><SP WIDTH="28" VPOS="2069" HPOS="226"/>
						<String ID="string_279" HPOS="254" VPOS="2067" WIDTH="143" HEIGHT="37" WC="0.90" CONTENT="Rudolf,"/><SP WIDTH="27" VPOS="2067" HPOS="397"/>
						<String ID="string_280" HPOS="424" VPOS="2064" WIDTH="278" HEIGHT="42" WC="0.90" CONTENT="Drogengehilfe,"/><SP WIDTH="28" VPOS="2064" HPOS="702"/>
						<String ID="string_281" HPOS="730" VPOS="2062" WIDTH="71" HEIGHT="42" WC="0.91" CONTENT="geb."/><SP WIDTH="26" VPOS="2062" HPOS="801"/>
						<String ID="string_282" HPOS="827" VPOS="2062" WIDTH="63" HEIGHT="33" WC="0.91" CONTENT="den"/><SP WIDTH="28" VPOS="2062" HPOS="890"/>
						<String ID="string_283" HPOS="918" VPOS="2064" WIDTH="29" HEIGHT="31" WC="0.92" CONTENT="7."/><SP WIDTH="27" VPOS="2064" HPOS="947"/>
						<String ID="string_284" HPOS="974" VPOS="2062" WIDTH="27" HEIGHT="32" WC="0.92" CONTENT="6."/><SP WIDTH="31" VPOS="2062" HPOS="1001"/>
						<String ID="string_285" HPOS="1032" VPOS="2061" WIDTH="94" HEIGHT="39" WC="0.92" CONTENT="(oder"/><SP WIDTH="28" VPOS="2061" HPOS="1126"/>
						<String ID="string_286" HPOS="1154" VPOS="2059" WIDTH="41" HEIGHT="40" WC="0.43" CONTENT="7)"/>
					</TextLine>
					<TextLine ID="line_41" HPOS="164" VPOS="2111" WIDTH="549" HEIGHT="40">
						<String ID="string_287" HPOS="164" VPOS="2115" WIDTH="76" HEIGHT="31" WC="0.56" CONTENT="1906"/><SP WIDTH="21" VPOS="2115" HPOS="240"/>
						<String ID="string_288" HPOS="261" VPOS="2115" WIDTH="36" HEIGHT="31" WC="0.91" CONTENT="in"/><SP WIDTH="21" VPOS="2115" HPOS="297"/>
						<String ID="string_289" HPOS="318" VPOS="2112" WIDTH="170" HEIGHT="34" WC="0.90" CONTENT="Breslau."/><SP WIDTH="39" VPOS="2112" HPOS="488"/>
						<String ID="string_290" HPOS="527" VPOS="2111" WIDTH="38" HEIGHT="40" WC="0.91" CONTENT="F."/><SP WIDTH="20" VPOS="2111" HPOS="565"/>
						<String ID="string_291" HPOS="585" VPOS="2111" WIDTH="40" HEIGHT="39" WC="0.82" CONTENT="5."/><SP WIDTH="20" VPOS="2111" HPOS="625"/>
						<String ID="string_292" HPOS="645" VPOS="2111" WIDTH="68" HEIGHT="36" WC="0.91" CONTENT="327,"/>
					</TextLine>
					<TextLine ID="line_42" HPOS="85" VPOS="2149" WIDTH="1114" HEIGHT="50">
						<String ID="string_293" HPOS="85" VPOS="2159" WIDTH="160" HEIGHT="40" WC="0.88" CONTENT="Wenzeck,"/><SP WIDTH="20" VPOS="2159" HPOS="245"/>
						<String ID="string_294" HPOS="265" VPOS="2159" WIDTH="142" HEIGHT="39" WC="0.91" CONTENT="Guſtav,"/><SP WIDTH="20" VPOS="2159" HPOS="407"/>
						<String ID="string_295" HPOS="427" VPOS="2154" WIDTH="347" HEIGHT="41" WC="0.83" CONTENT="Stellmachergeſelle,"/><SP WIDTH="19" VPOS="2154" HPOS="774"/>
						<String ID="string_296" HPOS="793" VPOS="2153" WIDTH="71" HEIGHT="40" WC="0.91" CONTENT="geb."/><SP WIDTH="19" VPOS="2153" HPOS="864"/>
						<String ID="string_297" HPOS="883" VPOS="2152" WIDTH="64" HEIGHT="33" WC="0.92" CONTENT="den"/><SP WIDTH="19" VPOS="2152" HPOS="947"/>
						<String ID="string_298" HPOS="966" VPOS="2152" WIDTH="48" HEIGHT="32" WC="0.75" CONTENT="31."/><SP WIDTH="20" VPOS="2152" HPOS="1014"/>
						<String ID="string_299" HPOS="1034" VPOS="2152" WIDTH="47" HEIGHT="33" WC="0.37" CONTENT="10."/><SP WIDTH="21" VPOS="2152" HPOS="1081"/>
						<String ID="string_300" HPOS="1102" VPOS="2151" WIDTH="39" HEIGHT="32" WC="0.0" CONTENT="E4"/><SP WIDTH="20" VPOS="2151" HPOS="1141"/>
						<String ID="string_301" HPOS="1161" VPOS="2149" WIDTH="38" HEIGHT="33" WC="0.91" CONTENT="in"/>
					</TextLine>
					<TextLine ID="line_43" HPOS="163" VPOS="2193" WIDTH="1037" HEIGHT="51">
						<String ID="string_302" HPOS="163" VPOS="2204" WIDTH="239" HEIGHT="40" WC="0.43" CONTENT="Halſchöwen,"/><SP WIDTH="33" VPOS="2204" HPOS="402"/>
						<String ID="string_303" HPOS="435" VPOS="2202" WIDTH="105" HEIGHT="35" WC="0.92" CONTENT="Kreis"/><SP WIDTH="33" VPOS="2202" HPOS="540"/>
						<String ID="string_304" HPOS="573" VPOS="2200" WIDTH="213" HEIGHT="39" WC="0.87" CONTENT="Riederung."/><SP WIDTH="52" VPOS="2200" HPOS="786"/>
						<String ID="string_305" HPOS="838" VPOS="2198" WIDTH="121" HEIGHT="39" WC="0.91" CONTENT="Letzter"/><SP WIDTH="34" VPOS="2198" HPOS="959"/>
						<String ID="string_306" HPOS="993" VPOS="2193" WIDTH="207" HEIGHT="42" WC="0.31" CONTENT="Auſenthalt"/>
					</TextLine>
					<TextLine ID="line_44" HPOS="162" VPOS="2239" WIDTH="997" HEIGHT="46">
						<String ID="string_307" HPOS="162" VPOS="2259" WIDTH="74" HEIGHT="24" WC="0.90" CONTENT="war"/><SP WIDTH="22" VPOS="2259" HPOS="236"/>
						<String ID="string_308" HPOS="258" VPOS="2249" WIDTH="76" HEIGHT="33" WC="0.92" CONTENT="Adl."/><SP WIDTH="22" VPOS="2249" HPOS="334"/>
						<String ID="string_309" HPOS="356" VPOS="2245" WIDTH="261" HEIGHT="40" WC="0.90" CONTENT="Budweitſchen,"/><SP WIDTH="19" VPOS="2245" HPOS="617"/>
						<String ID="string_310" HPOS="636" VPOS="2245" WIDTH="107" HEIGHT="33" WC="0.92" CONTENT="Kreis"/><SP WIDTH="20" VPOS="2245" HPOS="743"/>
						<String ID="string_311" HPOS="763" VPOS="2243" WIDTH="247" HEIGHT="39" WC="0.92" CONTENT="Stallupönen."/><SP WIDTH="39" VPOS="2243" HPOS="1010"/>
						<String ID="string_312" HPOS="1049" VPOS="2239" WIDTH="44" HEIGHT="35" WC="0.65" CONTENT="R."/><SP WIDTH="19" VPOS="2239" HPOS="1093"/>
						<String ID="string_313" HPOS="1112" VPOS="2241" WIDTH="47" HEIGHT="37" WC="0.65" CONTENT="69,"/>
					</TextLine>
					<TextLine ID="line_45" HPOS="140" VPOS="2285" WIDTH="1001" HEIGHT="50">
						<String ID="string_314" HPOS="140" VPOS="2293" WIDTH="125" HEIGHT="42" WC="0.92" CONTENT="geſucht"/><SP WIDTH="21" VPOS="2293" HPOS="265"/>
						<String ID="string_315" HPOS="286" VPOS="2302" WIDTH="78" HEIGHT="24" WC="0.93" CONTENT="vom"/><SP WIDTH="21" VPOS="2302" HPOS="364"/>
						<String ID="string_316" HPOS="385" VPOS="2291" WIDTH="272" HEIGHT="40" WC="0.90" CONTENT="Kreisausſchuß"/><SP WIDTH="24" VPOS="2291" HPOS="657"/>
						<String ID="string_317" HPOS="681" VPOS="2290" WIDTH="36" HEIGHT="31" WC="0.92" CONTENT="in"/><SP WIDTH="21" VPOS="2290" HPOS="717"/>
						<String ID="string_318" HPOS="738" VPOS="2286" WIDTH="246" HEIGHT="40" WC="0.92" CONTENT="Stallupönen,"/><SP WIDTH="18" VPOS="2286" HPOS="984"/>
						<String ID="string_319" HPOS="1002" VPOS="2287" WIDTH="59" HEIGHT="32" WC="0.93" CONTENT="der"/><SP WIDTH="22" VPOS="2287" HPOS="1061"/>
						<String ID="string_320" HPOS="1083" VPOS="2285" WIDTH="58" HEIGHT="41" WC="0.93" CONTENT="für"/>
					</TextLine>
					<TextLine ID="line_46" HPOS="164" VPOS="2331" WIDTH="955" HEIGHT="48">
						<String ID="string_321" HPOS="164" VPOS="2341" WIDTH="52" HEIGHT="32" WC="0.93" CONTENT="die"/><SP WIDTH="24" VPOS="2341" HPOS="216"/>
						<String ID="string_322" HPOS="240" VPOS="2340" WIDTH="109" HEIGHT="39" WC="0.91" CONTENT="zuerſt"/><SP WIDTH="26" VPOS="2340" HPOS="349"/>
						<String ID="string_323" HPOS="375" VPOS="2336" WIDTH="205" HEIGHT="42" WC="0.91" CONTENT="eingehende"/><SP WIDTH="24" VPOS="2336" HPOS="580"/>
						<String ID="string_324" HPOS="604" VPOS="2335" WIDTH="176" HEIGHT="40" WC="0.90" CONTENT="Meldung"/><SP WIDTH="26" VPOS="2335" HPOS="780"/>
						<String ID="string_325" HPOS="806" VPOS="2333" WIDTH="74" HEIGHT="33" WC="0.92" CONTENT="eine"/><SP WIDTH="27" VPOS="2333" HPOS="880"/>
						<String ID="string_326" HPOS="907" VPOS="2331" WIDTH="212" HEIGHT="40" WC="0.91" CONTENT="Belohnung"/>
					</TextLine>
					<TextLine ID="line_47" HPOS="473" VPOS="2379" WIDTH="417" HEIGHT="40">
						<String ID="string_327" HPOS="473" VPOS="2390" WIDTH="69" HEIGHT="24" WC="0.84" CONTENT="von"/><SP WIDTH="18" VPOS="2390" HPOS="542"/>
						<String ID="string_328" HPOS="560" VPOS="2383" WIDTH="19" HEIGHT="30" WC="0.51" CONTENT="8"/><SP WIDTH="19" VPOS="2383" HPOS="579"/>
						<String ID="string_329" HPOS="598" VPOS="2379" WIDTH="91" HEIGHT="35" WC="0.0" CONTENT="Re."/><SP WIDTH="20" VPOS="2379" HPOS="689"/>
						<String ID="string_330" HPOS="709" VPOS="2379" WIDTH="181" HEIGHT="40" WC="0.85" CONTENT="zahlt."/>
					</TextLine>
					<TextLine ID="line_48" HPOS="83" VPOS="2414" WIDTH="1116" HEIGHT="56">
						<String ID="string_331" HPOS="83" VPOS="2432" WIDTH="100" HEIGHT="38" WC="0.91" CONTENT="Tietz,"/><SP WIDTH="22" VPOS="2432" HPOS="183"/>
						<String ID="string_332" HPOS="205" VPOS="2430" WIDTH="189" HEIGHT="40" WC="0.91" CONTENT="Hermann,"/><SP WIDTH="25" VPOS="2430" HPOS="394"/>
						<String ID="string_333" HPOS="419" VPOS="2427" WIDTH="169" HEIGHT="38" WC="0.91" CONTENT="Arbeiter,"/><SP WIDTH="34" VPOS="2427" HPOS="588"/>
						<String ID="string_334" HPOS="622" VPOS="2425" WIDTH="72" HEIGHT="41" WC="0.93" CONTENT="geb."/><SP WIDTH="33" VPOS="2425" HPOS="694"/>
						<String ID="string_335" HPOS="727" VPOS="2424" WIDTH="64" HEIGHT="34" WC="0.91" CONTENT="den"/><SP WIDTH="34" VPOS="2424" HPOS="791"/>
						<String ID="string_336" HPOS="825" VPOS="2424" WIDTH="28" HEIGHT="31" WC="0.89" CONTENT="4."/><SP WIDTH="33" VPOS="2424" HPOS="853"/>
						<String ID="string_337" HPOS="886" VPOS="2423" WIDTH="28" HEIGHT="32" WC="0.92" CONTENT="4."/><SP WIDTH="34" VPOS="2423" HPOS="914"/>
						<String ID="string_338" HPOS="948" VPOS="2422" WIDTH="37" HEIGHT="32" WC="0.63" CONTENT="68"/><SP WIDTH="26" VPOS="2422" HPOS="985"/>
						<String ID="string_339" HPOS="1011" VPOS="2424" WIDTH="54" HEIGHT="32" WC="0.0" CONTENT="11."/><SP WIDTH="23" VPOS="2424" HPOS="1065"/>
						<String ID="string_340" HPOS="1088" VPOS="2420" WIDTH="44" HEIGHT="33" WC="0.42" CONTENT="V."/><SP WIDTH="6" VPOS="2420" HPOS="1132"/>
						<String ID="string_341" HPOS="1138" VPOS="2414" WIDTH="61" HEIGHT="50" WC="0.90" CONTENT="B."/>
					</TextLine>
					<TextLine ID="line_49" HPOS="164" VPOS="2477" WIDTH="117" HEIGHT="37">
						<String ID="string_342" HPOS="164" VPOS="2477" WIDTH="117" HEIGHT="37" WC="0.68" CONTENT="148128,"/>
					</TextLine>
					<TextLine ID="line_50" HPOS="84" VPOS="2511" WIDTH="1065" HEIGHT="50">
						<String ID="string_343" HPOS="84" VPOS="2520" WIDTH="98" HEIGHT="40" WC="0.90" CONTENT="Man,"/><SP WIDTH="19" VPOS="2520" HPOS="182"/>
						<String ID="string_344" HPOS="201" VPOS="2519" WIDTH="105" HEIGHT="42" WC="0.91" CONTENT="Paul,"/><SP WIDTH="17" VPOS="2519" HPOS="306"/>
						<String ID="string_345" HPOS="323" VPOS="2519" WIDTH="147" HEIGHT="36" WC="0.92" CONTENT="Melker,"/><SP WIDTH="18" VPOS="2519" HPOS="470"/>
						<String ID="string_346" HPOS="488" VPOS="2516" WIDTH="71" HEIGHT="42" WC="0.92" CONTENT="geb."/><SP WIDTH="17" VPOS="2516" HPOS="559"/>
						<String ID="string_347" HPOS="576" VPOS="2517" WIDTH="65" HEIGHT="33" WC="0.91" CONTENT="den"/><SP WIDTH="18" VPOS="2517" HPOS="641"/>
						<String ID="string_348" HPOS="659" VPOS="2517" WIDTH="28" HEIGHT="31" WC="0.82" CONTENT="6."/><SP WIDTH="18" VPOS="2517" HPOS="687"/>
						<String ID="string_349" HPOS="705" VPOS="2516" WIDTH="28" HEIGHT="31" WC="0.48" CONTENT="4."/><SP WIDTH="17" VPOS="2516" HPOS="733"/>
						<String ID="string_350" HPOS="750" VPOS="2516" WIDTH="49" HEIGHT="30" WC="0.0" CONTENT="C."/><SP WIDTH="38" VPOS="2516" HPOS="799"/>
						<String ID="string_351" HPOS="837" VPOS="2517" WIDTH="42" HEIGHT="26" WC="0.0" CONTENT="JIl"/><SP WIDTH="19" VPOS="2517" HPOS="879"/>
						<String ID="string_352" HPOS="898" VPOS="2512" WIDTH="44" HEIGHT="33" WC="0.74" CONTENT="B."/><SP WIDTH="17" VPOS="2512" HPOS="942"/>
						<String ID="string_353" HPOS="959" VPOS="2511" WIDTH="54" HEIGHT="33" WC="0.20" CONTENT="M."/><SP WIDTH="18" VPOS="2511" HPOS="1013"/>
						<String ID="string_354" HPOS="1031" VPOS="2511" WIDTH="118" HEIGHT="36" WC="0.12" CONTENT="184.27,"/>
					</TextLine>
					<TextLine ID="line_51" HPOS="282" VPOS="2553" WIDTH="707" HEIGHT="53">
						<String ID="string_355" HPOS="282" VPOS="2564" WIDTH="127" HEIGHT="42" WC="0.92" CONTENT="geſucht"/><SP WIDTH="23" VPOS="2564" HPOS="409"/>
						<String ID="string_356" HPOS="432" VPOS="2571" WIDTH="77" HEIGHT="25" WC="0.93" CONTENT="vom"/><SP WIDTH="22" VPOS="2571" HPOS="509"/>
						<String ID="string_357" HPOS="531" VPOS="2559" WIDTH="271" HEIGHT="40" WC="0.89" CONTENT="Kreisausſchuß"/><SP WIDTH="26" VPOS="2559" HPOS="802"/>
						<String ID="string_358" HPOS="828" VPOS="2559" WIDTH="36" HEIGHT="31" WC="0.92" CONTENT="in"/><SP WIDTH="10" VPOS="2559" HPOS="864"/>
						<String ID="string_359" HPOS="874" VPOS="2553" WIDTH="115" HEIGHT="49" WC="0.90" CONTENT="Tilſit."/>
					</TextLine>
					<TextLine ID="line_52" HPOS="84" VPOS="2610" WIDTH="1113" HEIGHT="50">
						<String ID="string_360" HPOS="84" VPOS="2620" WIDTH="186" HEIGHT="40" WC="0.89" CONTENT="Rupſchus,"/><SP WIDTH="27" VPOS="2620" HPOS="270"/>
						<String ID="string_361" HPOS="297" VPOS="2619" WIDTH="115" HEIGHT="37" WC="0.92" CONTENT="Anna,"/><SP WIDTH="27" VPOS="2619" HPOS="412"/>
						<String ID="string_362" HPOS="439" VPOS="2614" WIDTH="286" HEIGHT="42" WC="0.91" CONTENT="Dienſtmädchen,"/><SP WIDTH="28" VPOS="2614" HPOS="725"/>
						<String ID="string_363" HPOS="753" VPOS="2613" WIDTH="71" HEIGHT="41" WC="0.93" CONTENT="geb."/><SP WIDTH="26" VPOS="2613" HPOS="824"/>
						<String ID="string_364" HPOS="850" VPOS="2611" WIDTH="62" HEIGHT="33" WC="0.92" CONTENT="den"/><SP WIDTH="29" VPOS="2611" HPOS="912"/>
						<String ID="string_365" HPOS="941" VPOS="2612" WIDTH="48" HEIGHT="33" WC="0.92" CONTENT="24."/><SP WIDTH="27" VPOS="2612" HPOS="989"/>
						<String ID="string_366" HPOS="1016" VPOS="2612" WIDTH="47" HEIGHT="29" WC="0.24" CONTENT="1."/><SP WIDTH="27" VPOS="2612" HPOS="1063"/>
						<String ID="string_367" HPOS="1090" VPOS="2610" WIDTH="39" HEIGHT="31" WC="0.89" CONTENT="88"/><SP WIDTH="25" VPOS="2610" HPOS="1129"/>
						<String ID="string_368" HPOS="1154" VPOS="2615" WIDTH="43" HEIGHT="32" WC="0.1" CONTENT="3u"/>
					</TextLine>
					<TextLine ID="line_53" HPOS="163" VPOS="2659" WIDTH="565" HEIGHT="46">
						<String ID="string_369" HPOS="163" VPOS="2664" WIDTH="223" HEIGHT="41" WC="0.77" CONTENT="Ginſcheiten."/><SP WIDTH="41" VPOS="2664" HPOS="386"/>
						<String ID="string_370" HPOS="427" VPOS="2666" WIDTH="54" HEIGHT="28" WC="0.0" CONTENT="ll."/><SP WIDTH="22" VPOS="2666" HPOS="481"/>
						<String ID="string_371" HPOS="503" VPOS="2662" WIDTH="38" HEIGHT="32" WC="0.92" CONTENT="U."/><SP WIDTH="19" VPOS="2662" HPOS="541"/>
						<String ID="string_372" HPOS="560" VPOS="2662" WIDTH="30" HEIGHT="31" WC="0.92" CONTENT="6."/><SP WIDTH="18" VPOS="2662" HPOS="590"/>
						<String ID="string_373" HPOS="608" VPOS="2659" WIDTH="72" HEIGHT="35" WC="0.87" CONTENT="Ru."/><SP WIDTH="20" VPOS="2659" HPOS="680"/>
						<String ID="string_374" HPOS="700" VPOS="2660" WIDTH="28" HEIGHT="37" WC="0.45" CONTENT="4."/>
					</TextLine>
					<TextLine ID="line_54" HPOS="280" VPOS="2701" WIDTH="717" HEIGHT="50">
						<String ID="string_375" HPOS="280" VPOS="2708" WIDTH="126" HEIGHT="43" WC="0.92" CONTENT="geſucht"/><SP WIDTH="22" VPOS="2708" HPOS="406"/>
						<String ID="string_376" HPOS="428" VPOS="2715" WIDTH="79" HEIGHT="25" WC="0.93" CONTENT="vom"/><SP WIDTH="22" VPOS="2715" HPOS="507"/>
						<String ID="string_377" HPOS="529" VPOS="2703" WIDTH="273" HEIGHT="39" WC="0.72" CONTENT="Kreisausſchuß"/><SP WIDTH="23" VPOS="2703" HPOS="802"/>
						<String ID="string_378" HPOS="825" VPOS="2702" WIDTH="37" HEIGHT="32" WC="0.93" CONTENT="in"/><SP WIDTH="23" VPOS="2702" HPOS="862"/>
						<String ID="string_379" HPOS="885" VPOS="2701" WIDTH="112" HEIGHT="39" WC="0.75" CONTENT="Tilfit."/>
					</TextLine>
					<TextLine ID="line_55" HPOS="83" VPOS="2755" WIDTH="1115" HEIGHT="58">
						<String ID="string_380" HPOS="83" VPOS="2773" WIDTH="196" HEIGHT="40" WC="0.91" CONTENT="Dangeleit,"/><SP WIDTH="19" VPOS="2773" HPOS="279"/>
						<String ID="string_381" HPOS="298" VPOS="2771" WIDTH="100" HEIGHT="40" WC="0.91" CONTENT="Fritz,"/><SP WIDTH="21" VPOS="2771" HPOS="398"/>
						<String ID="string_382" HPOS="419" VPOS="2769" WIDTH="170" HEIGHT="37" WC="0.91" CONTENT="Arbeiter,"/><SP WIDTH="18" VPOS="2769" HPOS="589"/>
						<String ID="string_383" HPOS="607" VPOS="2766" WIDTH="72" HEIGHT="41" WC="0.91" CONTENT="geb."/><SP WIDTH="20" VPOS="2766" HPOS="679"/>
						<String ID="string_384" HPOS="699" VPOS="2766" WIDTH="63" HEIGHT="33" WC="0.91" CONTENT="den"/><SP WIDTH="21" VPOS="2766" HPOS="762"/>
						<String ID="string_385" HPOS="783" VPOS="2765" WIDTH="48" HEIGHT="30" WC="0.68" CONTENT="21."/><SP WIDTH="19" VPOS="2765" HPOS="831"/>
						<String ID="string_386" HPOS="850" VPOS="2765" WIDTH="28" HEIGHT="30" WC="0.83" CONTENT="2."/><SP WIDTH="18" VPOS="2765" HPOS="878"/>
						<String ID="string_387" HPOS="896" VPOS="2764" WIDTH="37" HEIGHT="31" WC="0.0" CONTENT="(1"/><SP WIDTH="23" VPOS="2764" HPOS="933"/>
						<String ID="string_388" HPOS="956" VPOS="2764" WIDTH="38" HEIGHT="31" WC="0.90" CONTENT="in"/><SP WIDTH="19" VPOS="2764" HPOS="994"/>
						<String ID="string_389" HPOS="1013" VPOS="2755" WIDTH="185" HEIGHT="49" WC="0.68" CONTENT="Popelken."/>
					</TextLine>
					<TextLine ID="line_56" HPOS="161" VPOS="2817" WIDTH="325" HEIGHT="40">
						<String ID="string_390" HPOS="161" VPOS="2819" WIDTH="89" HEIGHT="33" WC="0.87" CONTENT="2001."/><SP WIDTH="17" VPOS="2819" HPOS="250"/>
						<String ID="string_391" HPOS="267" VPOS="2817" WIDTH="42" HEIGHT="40" WC="0.38" CONTENT="J."/><SP WIDTH="18" VPOS="2817" HPOS="309"/>
						<String ID="string_392" HPOS="327" VPOS="2820" WIDTH="23" HEIGHT="35" WC="0.61" CONTENT="."/>
					</TextLine>
					<TextLine ID="line_57" HPOS="83" VPOS="2849" WIDTH="1114" HEIGHT="54">
						<String ID="string_393" HPOS="83" VPOS="2862" WIDTH="154" HEIGHT="41" WC="0.67" CONTENT="Henduck,"/><SP WIDTH="26" VPOS="2862" HPOS="237"/>
						<String ID="string_394" HPOS="263" VPOS="2862" WIDTH="127" HEIGHT="40" WC="0.87" CONTENT="Franz,"/><SP WIDTH="26" VPOS="2862" HPOS="390"/>
						<String ID="string_395" HPOS="416" VPOS="2856" WIDTH="301" HEIGHT="42" WC="0.91" CONTENT="Schmiedegeſelle,"/><SP WIDTH="26" VPOS="2856" HPOS="717"/>
						<String ID="string_396" HPOS="743" VPOS="2854" WIDTH="70" HEIGHT="41" WC="0.93" CONTENT="geb."/><SP WIDTH="26" VPOS="2854" HPOS="813"/>
						<String ID="string_397" HPOS="839" VPOS="2854" WIDTH="63" HEIGHT="32" WC="0.24" CONTENT="den"/><SP WIDTH="27" VPOS="2854" HPOS="902"/>
						<String ID="string_398" HPOS="929" VPOS="2854" WIDTH="48" HEIGHT="31" WC="0.24" CONTENT="14."/><SP WIDTH="24" VPOS="2854" HPOS="977"/>
						<String ID="string_399" HPOS="1001" VPOS="2852" WIDTH="29" HEIGHT="31" WC="0.90" CONTENT="5."/><SP WIDTH="25" VPOS="2852" HPOS="1030"/>
						<String ID="string_400" HPOS="1055" VPOS="2851" WIDTH="77" HEIGHT="32" WC="0.72" CONTENT="1903"/><SP WIDTH="27" VPOS="2851" HPOS="1132"/>
						<String ID="string_401" HPOS="1159" VPOS="2849" WIDTH="38" HEIGHT="32" WC="0.89" CONTENT="in"/>
					</TextLine>
					<TextLine ID="line_58" HPOS="162" VPOS="2893" WIDTH="1034" HEIGHT="54">
						<String ID="string_402" HPOS="162" VPOS="2906" WIDTH="200" HEIGHT="41" WC="0.86" CONTENT="Garbaͤſſen."/><SP WIDTH="47" VPOS="2906" HPOS="362"/>
						<String ID="string_403" HPOS="409" VPOS="2905" WIDTH="121" HEIGHT="37" WC="0.92" CONTENT="Letzter"/><SP WIDTH="27" VPOS="2905" HPOS="530"/>
						<String ID="string_404" HPOS="557" VPOS="2901" WIDTH="207" HEIGHT="39" WC="0.90" CONTENT="Aufenthalt"/><SP WIDTH="29" VPOS="2901" HPOS="764"/>
						<String ID="string_405" HPOS="793" VPOS="2906" WIDTH="73" HEIGHT="26" WC="0.92" CONTENT="war"/><SP WIDTH="29" VPOS="2906" HPOS="866"/>
						<String ID="string_406" HPOS="895" VPOS="2895" WIDTH="167" HEIGHT="40" WC="0.90" CONTENT="Neuteich,"/><SP WIDTH="28" VPOS="2895" HPOS="1062"/>
						<String ID="string_407" HPOS="1090" VPOS="2893" WIDTH="106" HEIGHT="35" WC="0.92" CONTENT="Kreis"/>
					</TextLine>
					<TextLine ID="line_59" HPOS="160" VPOS="2945" WIDTH="501" HEIGHT="48">
						<String ID="string_408" HPOS="160" VPOS="2952" WIDTH="224" HEIGHT="41" WC="0.87" CONTENT="Jnſterburg."/><SP WIDTH="42" VPOS="2952" HPOS="384"/>
						<String ID="string_409" HPOS="426" VPOS="2950" WIDTH="67" HEIGHT="32" WC="0.90" CONTENT="768."/><SP WIDTH="22" VPOS="2950" HPOS="493"/>
						<String ID="string_410" HPOS="515" VPOS="2949" WIDTH="38" HEIGHT="33" WC="0.91" CONTENT="E."/><SP WIDTH="23" VPOS="2949" HPOS="553"/>
						<String ID="string_411" HPOS="576" VPOS="2952" WIDTH="24" HEIGHT="27" WC="0.29" CONTENT="J."/><SP WIDTH="21" VPOS="2952" HPOS="600"/>
						<String ID="string_412" HPOS="621" VPOS="2945" WIDTH="40" HEIGHT="40" WC="0.45" CONTENT="J."/>
					</TextLine>
					<TextLine ID="line_60" HPOS="239" VPOS="2986" WIDTH="798" HEIGHT="55">
						<String ID="string_413" HPOS="239" VPOS="2995" WIDTH="124" HEIGHT="46" WC="0.92" CONTENT="geſucht"/><SP WIDTH="22" VPOS="2995" HPOS="363"/>
						<String ID="string_414" HPOS="385" VPOS="3003" WIDTH="81" HEIGHT="25" WC="0.92" CONTENT="vom"/><SP WIDTH="20" VPOS="3003" HPOS="466"/>
						<String ID="string_415" HPOS="486" VPOS="2990" WIDTH="272" HEIGHT="40" WC="0.81" CONTENT="Kreisausſchuß"/><SP WIDTH="23" VPOS="2990" HPOS="758"/>
						<String ID="string_416" HPOS="781" VPOS="2990" WIDTH="39" HEIGHT="31" WC="0.92" CONTENT="in"/><SP WIDTH="21" VPOS="2990" HPOS="820"/>
						<String ID="string_417" HPOS="841" VPOS="2986" WIDTH="196" HEIGHT="39" WC="0.89" CONTENT="Treuburg."/>
					</TextLine>
					<TextLine ID="line_61" HPOS="82" VPOS="3038" WIDTH="1113" HEIGHT="54">
						<String ID="string_418" HPOS="82" VPOS="3052" WIDTH="108" HEIGHT="40" WC="0.90" CONTENT="Weiß,"/><SP WIDTH="20" VPOS="3052" HPOS="190"/>
						<String ID="string_419" HPOS="210" VPOS="3052" WIDTH="189" HEIGHT="39" WC="0.92" CONTENT="Hermann,"/><SP WIDTH="19" VPOS="3052" HPOS="399"/>
						<String ID="string_420" HPOS="418" VPOS="3047" WIDTH="170" HEIGHT="38" WC="0.91" CONTENT="Arbeiter,"/><SP WIDTH="18" VPOS="3047" HPOS="588"/>
						<String ID="string_421" HPOS="606" VPOS="3044" WIDTH="73" HEIGHT="42" WC="0.79" CONTENT="geb."/><SP WIDTH="20" VPOS="3044" HPOS="679"/>
						<String ID="string_422" HPOS="699" VPOS="3044" WIDTH="63" HEIGHT="32" WC="0.89" CONTENT="den"/><SP WIDTH="20" VPOS="3044" HPOS="762"/>
						<String ID="string_423" HPOS="782" VPOS="3044" WIDTH="28" HEIGHT="30" WC="0.52" CONTENT="4"/><SP WIDTH="19" VPOS="3044" HPOS="810"/>
						<String ID="string_424" HPOS="829" VPOS="3040" WIDTH="80" HEIGHT="34" WC="0.36" CONTENT="Mai"/><SP WIDTH="18" VPOS="3040" HPOS="909"/>
						<String ID="string_425" HPOS="927" VPOS="3042" WIDTH="38" HEIGHT="31" WC="0.57" CONTENT="8s"/><SP WIDTH="20" VPOS="3042" HPOS="965"/>
						<String ID="string_426" HPOS="985" VPOS="3047" WIDTH="44" HEIGHT="32" WC="0.92" CONTENT="zu"/><SP WIDTH="17" VPOS="3047" HPOS="1029"/>
						<String ID="string_427" HPOS="1046" VPOS="3038" WIDTH="149" HEIGHT="41" WC="0.80" CONTENT="Thoms⸗"/>
					</TextLine>
					<TextLine ID="line_62" HPOS="160" VPOS="3086" WIDTH="687" HEIGHT="49">
						<String ID="string_428" HPOS="160" VPOS="3097" WIDTH="85" HEIGHT="38" WC="0.45" CONTENT="dorf,"/><SP WIDTH="19" VPOS="3097" HPOS="245"/>
						<String ID="string_429" HPOS="264" VPOS="3093" WIDTH="105" HEIGHT="37" WC="0.79" CONTENT="Kreis"/><SP WIDTH="19" VPOS="3093" HPOS="369"/>
						<String ID="string_430" HPOS="388" VPOS="3095" WIDTH="62" HEIGHT="39" WC="0.90" CONTENT="Pr."/><SP WIDTH="19" VPOS="3095" HPOS="450"/>
						<String ID="string_431" HPOS="469" VPOS="3092" WIDTH="124" HEIGHT="39" WC="0.90" CONTENT="Eylau."/><SP WIDTH="38" VPOS="3092" HPOS="593"/>
						<String ID="string_432" HPOS="631" VPOS="3089" WIDTH="78" HEIGHT="33" WC="0.90" CONTENT="2366"/><SP WIDTH="19" VPOS="3089" HPOS="709"/>
						<String ID="string_433" HPOS="728" VPOS="3087" WIDTH="40" HEIGHT="35" WC="0.91" CONTENT="K."/><SP WIDTH="20" VPOS="3087" HPOS="768"/>
						<String ID="string_434" HPOS="788" VPOS="3086" WIDTH="59" HEIGHT="39" WC="0.77" CONTENT="W."/>
					</TextLine>
					<TextLine ID="line_63" HPOS="81" VPOS="3123" WIDTH="1112" HEIGHT="58">
						<String ID="string_435" HPOS="81" VPOS="3142" WIDTH="163" HEIGHT="39" WC="0.90" CONTENT="Albrecht,"/><SP WIDTH="21" VPOS="3142" HPOS="244"/>
						<String ID="string_436" HPOS="265" VPOS="3141" WIDTH="100" HEIGHT="40" WC="0.92" CONTENT="Fritz,"/><SP WIDTH="20" VPOS="3141" HPOS="365"/>
						<String ID="string_437" HPOS="385" VPOS="3139" WIDTH="138" HEIGHT="40" WC="0.72" CONTENT="Faktor,"/><SP WIDTH="21" VPOS="3139" HPOS="523"/>
						<String ID="string_438" HPOS="544" VPOS="3135" WIDTH="71" HEIGHT="41" WC="0.93" CONTENT="geb."/><SP WIDTH="22" VPOS="3135" HPOS="615"/>
						<String ID="string_439" HPOS="637" VPOS="3135" WIDTH="65" HEIGHT="31" WC="0.92" CONTENT="den"/><SP WIDTH="20" VPOS="3135" HPOS="702"/>
						<String ID="string_440" HPOS="722" VPOS="3134" WIDTH="48" HEIGHT="32" WC="0.82" CONTENT="20."/><SP WIDTH="22" VPOS="3134" HPOS="770"/>
						<String ID="string_441" HPOS="792" VPOS="3133" WIDTH="47" HEIGHT="30" WC="0.45" CONTENT="10."/><SP WIDTH="20" VPOS="3133" HPOS="839"/>
						<String ID="string_442" HPOS="859" VPOS="3132" WIDTH="37" HEIGHT="31" WC="0.45" CONTENT="95"/><SP WIDTH="22" VPOS="3132" HPOS="896"/>
						<String ID="string_443" HPOS="918" VPOS="3138" WIDTH="43" HEIGHT="32" WC="0.88" CONTENT="zu"/><SP WIDTH="21" VPOS="3138" HPOS="961"/>
						<String ID="string_444" HPOS="982" VPOS="3123" WIDTH="211" HEIGHT="56" WC="0.83" CONTENT="Feruſalem,"/>
					</TextLine>
					<TextLine ID="line_64" HPOS="159" VPOS="3172" WIDTH="1036" HEIGHT="53">
						<String ID="string_445" HPOS="159" VPOS="3187" WIDTH="106" HEIGHT="35" WC="0.82" CONTENT="Kreis"/><SP WIDTH="24" VPOS="3187" HPOS="265"/>
						<String ID="string_446" HPOS="289" VPOS="3183" WIDTH="232" HEIGHT="42" WC="0.76" CONTENT="Königsberg."/><SP WIDTH="44" VPOS="3183" HPOS="521"/>
						<String ID="string_447" HPOS="565" VPOS="3180" WIDTH="122" HEIGHT="40" WC="0.92" CONTENT="Letzter"/><SP WIDTH="25" VPOS="3180" HPOS="687"/>
						<String ID="string_448" HPOS="712" VPOS="3175" WIDTH="206" HEIGHT="42" WC="0.92" CONTENT="Aufenthalt"/><SP WIDTH="25" VPOS="3175" HPOS="918"/>
						<String ID="string_449" HPOS="943" VPOS="3181" WIDTH="74" HEIGHT="27" WC="0.92" CONTENT="war"/><SP WIDTH="26" VPOS="3181" HPOS="1017"/>
						<String ID="string_450" HPOS="1043" VPOS="3172" WIDTH="152" HEIGHT="40" WC="0.57" CONTENT="Königs⸗"/>
					</TextLine>
					<TextLine ID="line_65" HPOS="160" VPOS="3227" WIDTH="540" HEIGHT="45">
						<String ID="string_451" HPOS="160" VPOS="3233" WIDTH="91" HEIGHT="39" WC="0.91" CONTENT="berg,"/><SP WIDTH="19" VPOS="3233" HPOS="251"/>
						<String ID="string_452" HPOS="270" VPOS="3231" WIDTH="78" HEIGHT="33" WC="0.91" CONTENT="Löb."/><SP WIDTH="19" VPOS="3231" HPOS="348"/>
						<String ID="string_453" HPOS="367" VPOS="3227" WIDTH="180" HEIGHT="42" WC="0.89" CONTENT="Langgaſſe"/><SP WIDTH="19" VPOS="3227" HPOS="547"/>
						<String ID="string_454" HPOS="566" VPOS="3227" WIDTH="49" HEIGHT="37" WC="0.91" CONTENT="18,"/>
					</TextLine>
					<TextLine ID="line_66" HPOS="258" VPOS="3259" WIDTH="757" HEIGHT="58">
						<String ID="string_455" HPOS="258" VPOS="3274" WIDTH="125" HEIGHT="43" WC="0.53" CONTENT="gefucht"/><SP WIDTH="22" VPOS="3274" HPOS="383"/>
						<String ID="string_456" HPOS="405" VPOS="3281" WIDTH="78" HEIGHT="26" WC="0.91" CONTENT="vom"/><SP WIDTH="22" VPOS="3281" HPOS="483"/>
						<String ID="string_457" HPOS="505" VPOS="3267" WIDTH="272" HEIGHT="41" WC="0.90" CONTENT="Kreisausſchuß"/><SP WIDTH="23" VPOS="3267" HPOS="777"/>
						<String ID="string_458" HPOS="800" VPOS="3267" WIDTH="37" HEIGHT="32" WC="0.91" CONTENT="in"/><SP WIDTH="2" VPOS="3267" HPOS="837"/>
						<String ID="string_459" HPOS="839" VPOS="3259" WIDTH="176" HEIGHT="49" WC="0.91" CONTENT="Wehlau."/>
					</TextLine>
					<TextLine ID="line_67" HPOS="159" VPOS="3330" WIDTH="623" HEIGHT="44">
						<String ID="string_460" HPOS="159" VPOS="3338" WIDTH="241" HEIGHT="36" WC="0.88" CONTENT="Gumbinnen,"/><SP WIDTH="19" VPOS="3338" HPOS="400"/>
						<String ID="string_461" HPOS="419" VPOS="3336" WIDTH="65" HEIGHT="33" WC="0.91" CONTENT="den"/><SP WIDTH="20" VPOS="3336" HPOS="484"/>
						<String ID="string_462" HPOS="504" VPOS="3335" WIDTH="46" HEIGHT="31" WC="0.83" CONTENT="12."/><SP WIDTH="19" VPOS="3335" HPOS="550"/>
						<String ID="string_463" HPOS="569" VPOS="3330" WIDTH="105" HEIGHT="42" WC="0.88" CONTENT="April"/><SP WIDTH="21" VPOS="3330" HPOS="674"/>
						<String ID="string_464" HPOS="695" VPOS="3331" WIDTH="87" HEIGHT="31" WC="0.86" CONTENT="1930."/>
					</TextLine>
					<TextLine ID="line_68" HPOS="510" VPOS="3393" WIDTH="251" HEIGHT="36">
						<String ID="string_465" HPOS="510" VPOS="3396" WIDTH="71" HEIGHT="33" WC="0.92" CONTENT="Der"/><SP WIDTH="19" VPOS="3396" HPOS="581"/>
						<String ID="string_466" HPOS="600" VPOS="3393" WIDTH="161" HEIGHT="35" WC="0.92" CONTENT="Landrat."/>
					</TextLine>
				</TextBlock>
				<TextBlock ID="block_2" HPOS="514" VPOS="3471" WIDTH="241" HEIGHT="9">
					<TextLine ID="line_69" HPOS="514" VPOS="3471" WIDTH="241" HEIGHT="9">
						<String ID="string_467" HPOS="514" VPOS="3471" WIDTH="241" HEIGHT="9" WC="0.95" CONTENT=" "/>
					</TextLine>
				</TextBlock>
				<TextBlock ID="block_3" HPOS="1208" VPOS="248" WIDTH="15" HEIGHT="3239">
					<TextLine ID="line_70" HPOS="1208" VPOS="248" WIDTH="15" HEIGHT="3239">
						<String ID="string_468" HPOS="1208" VPOS="248" WIDTH="15" HEIGHT="3239" WC="0.95" CONTENT=" "/>
					</TextLine>
				</TextBlock>
				<TextBlock ID="block_4" HPOS="1235" VPOS="257" WIDTH="1042" HEIGHT="114">
					<TextLine ID="line_71" HPOS="1297" VPOS="257" WIDTH="980" HEIGHT="59">
						<String ID="string_469" HPOS="1297" VPOS="257" WIDTH="487" HEIGHT="56" WC="0.79" CONTENT="Bekauntmachungen"/><SP WIDTH="29" VPOS="257" HPOS="1784"/>
						<String ID="string_470" HPOS="1813" VPOS="261" WIDTH="189" HEIGHT="53" WC="0.74" CONTENT="hõherer"/><SP WIDTH="25" VPOS="261" HPOS="2002"/>
						<String ID="string_471" HPOS="2027" VPOS="263" WIDTH="250" HEIGHT="53" WC="0.86" CONTENT="Behõrden"/>
					</TextLine>
					<TextLine ID="line_72" HPOS="1235" VPOS="326" WIDTH="789" HEIGHT="45">
						<String ID="string_472" HPOS="1235" VPOS="326" WIDTH="68" HEIGHT="36" WC="0.88" CONTENT="Nr."/><SP WIDTH="17" VPOS="326" HPOS="1303"/>
						<String ID="string_473" HPOS="1320" VPOS="328" WIDTH="69" HEIGHT="34" WC="0.80" CONTENT="118."/><SP WIDTH="153" VPOS="328" HPOS="1389"/>
						<String ID="string_474" HPOS="1542" VPOS="330" WIDTH="297" HEIGHT="39" WC="0.46" CONTENT="Remonteankaut"/><SP WIDTH="19" VPOS="330" HPOS="1839"/>
						<String ID="string_475" HPOS="1858" VPOS="333" WIDTH="57" HEIGHT="38" WC="0.7" CONTENT="jür"/><SP WIDTH="21" VPOS="333" HPOS="1915"/>
						<String ID="string_476" HPOS="1936" VPOS="334" WIDTH="88" HEIGHT="32" WC="0.14" CONTENT="1a8."/>
					</TextLine>
				</TextBlock>
				<TextBlock ID="block_5" HPOS="1227" VPOS="382" WIDTH="1109" HEIGHT="2214">
					<TextLine ID="line_73" HPOS="1313" VPOS="382" WIDTH="1021" HEIGHT="52">
						<String ID="string_477" HPOS="1313" VPOS="382" WIDTH="27" HEIGHT="31" WC="0.22" CONTENT="1."/><SP WIDTH="48" VPOS="382" HPOS="1340"/>
						<String ID="string_478" HPOS="1388" VPOS="384" WIDTH="87" HEIGHT="50" WC="0.84" CONTENT="Zum"/><SP WIDTH="41" VPOS="384" HPOS="1475"/>
						<String ID="string_479" HPOS="1516" VPOS="384" WIDTH="136" HEIGHT="37" WC="0.0" CONTENT="Ankauf"/><SP WIDTH="38" VPOS="384" HPOS="1652"/>
						<String ID="string_480" HPOS="1690" VPOS="385" WIDTH="234" HEIGHT="41" WC="0.84" CONTENT="dreijähriger,"/><SP WIDTH="41" VPOS="385" HPOS="1924"/>
						<String ID="string_481" HPOS="1965" VPOS="387" WIDTH="369" HEIGHT="39" WC="0.45" CONTENT="vortommendenfalls"/>
					</TextLine>
					<TextLine ID="line_74" HPOS="1234" VPOS="426" WIDTH="1102" HEIGHT="51">
						<String ID="string_482" HPOS="1234" VPOS="426" WIDTH="85" HEIGHT="51" WC="0.68" CONTENT="auch"/><SP WIDTH="17" VPOS="426" HPOS="1319"/>
						<String ID="string_483" HPOS="1336" VPOS="428" WIDTH="227" HEIGHT="39" WC="0.79" CONTENT="vierjähriger"/><SP WIDTH="25" VPOS="428" HPOS="1563"/>
						<String ID="string_484" HPOS="1588" VPOS="430" WIDTH="194" HEIGHT="34" WC="0.90" CONTENT="Remonten"/><SP WIDTH="28" VPOS="430" HPOS="1782"/>
						<String ID="string_485" HPOS="1810" VPOS="431" WIDTH="101" HEIGHT="38" WC="0.88" CONTENT="ſollen"/><SP WIDTH="26" VPOS="431" HPOS="1911"/>
						<String ID="string_486" HPOS="1937" VPOS="433" WIDTH="36" HEIGHT="32" WC="0.92" CONTENT="in"/><SP WIDTH="29" VPOS="433" HPOS="1973"/>
						<String ID="string_487" HPOS="2002" VPOS="432" WIDTH="119" HEIGHT="38" WC="0.91" CONTENT="dieſem"/><SP WIDTH="27" VPOS="432" HPOS="2121"/>
						<String ID="string_488" HPOS="2148" VPOS="432" WIDTH="113" HEIGHT="41" WC="0.91" CONTENT="Jahre"/><SP WIDTH="27" VPOS="432" HPOS="2261"/>
						<String ID="string_489" HPOS="2288" VPOS="435" WIDTH="48" HEIGHT="31" WC="0.91" CONTENT="im"/>
					</TextLine>
					<TextLine ID="line_75" HPOS="1233" VPOS="472" WIDTH="1102" HEIGHT="51">
						<String ID="string_490" HPOS="1233" VPOS="472" WIDTH="333" HEIGHT="51" WC="0.71" CONTENT="Regierungsbezirt"/><SP WIDTH="63" VPOS="472" HPOS="1566"/>
						<String ID="string_491" HPOS="1629" VPOS="474" WIDTH="226" HEIGHT="34" WC="0.86" CONTENT="Gumbinnen"/><SP WIDTH="63" VPOS="474" HPOS="1855"/>
						<String ID="string_492" HPOS="1918" VPOS="477" WIDTH="50" HEIGHT="33" WC="0.90" CONTENT="die"/><SP WIDTH="64" VPOS="477" HPOS="1968"/>
						<String ID="string_493" HPOS="2032" VPOS="477" WIDTH="303" HEIGHT="40" WC="0.89" CONTENT="nachbezeichneten"/>
					</TextLine>
					<TextLine ID="line_76" HPOS="1232" VPOS="517" WIDTH="767" HEIGHT="43">
						<String ID="string_494" HPOS="1232" VPOS="517" WIDTH="213" HEIGHT="40" WC="0.91" CONTENT="öffentlichen"/><SP WIDTH="21" VPOS="517" HPOS="1445"/>
						<String ID="string_495" HPOS="1466" VPOS="517" WIDTH="137" HEIGHT="35" WC="0.92" CONTENT="Märkte"/><SP WIDTH="23" VPOS="517" HPOS="1603"/>
						<String ID="string_496" HPOS="1626" VPOS="520" WIDTH="199" HEIGHT="40" WC="0.92" CONTENT="abgehalten"/><SP WIDTH="24" VPOS="520" HPOS="1825"/>
						<String ID="string_497" HPOS="1849" VPOS="522" WIDTH="150" HEIGHT="33" WC="0.86" CONTENT="werden:"/>
					</TextLine>
					<TextLine ID="line_77" HPOS="1232" VPOS="562" WIDTH="618" HEIGHT="48">
						<String ID="string_498" HPOS="1232" VPOS="570" WIDTH="58" HEIGHT="25" WC="0.85" CONTENT="am"/><SP WIDTH="20" VPOS="570" HPOS="1290"/>
						<String ID="string_499" HPOS="1310" VPOS="563" WIDTH="27" HEIGHT="30" WC="0.19" CONTENT="1."/><SP WIDTH="19" VPOS="563" HPOS="1337"/>
						<String ID="string_500" HPOS="1356" VPOS="562" WIDTH="91" HEIGHT="48" WC="0.80" CONTENT="Mai,"/><SP WIDTH="18" VPOS="562" HPOS="1447"/>
						<String ID="string_501" HPOS="1465" VPOS="565" WIDTH="36" HEIGHT="31" WC="0.85" CONTENT="10"/><SP WIDTH="22" VPOS="565" HPOS="1501"/>
						<String ID="string_502" HPOS="1523" VPOS="563" WIDTH="85" HEIGHT="39" WC="0.70" CONTENT="Uhr:"/><SP WIDTH="21" VPOS="563" HPOS="1608"/>
						<String ID="string_503" HPOS="1629" VPOS="565" WIDTH="221" HEIGHT="41" WC="0.90" CONTENT="Jnſterburg,"/>
					</TextLine>
					<TextLine ID="line_78" HPOS="1232" VPOS="607" WIDTH="991" HEIGHT="44">
						<String ID="string_504" HPOS="1232" VPOS="616" WIDTH="59" HEIGHT="23" WC="0.92" CONTENT="am"/><SP WIDTH="17" VPOS="616" HPOS="1291"/>
						<String ID="string_505" HPOS="1308" VPOS="608" WIDTH="28" HEIGHT="30" WC="0.88" CONTENT="2."/><SP WIDTH="20" VPOS="608" HPOS="1336"/>
						<String ID="string_506" HPOS="1356" VPOS="607" WIDTH="92" HEIGHT="40" WC="0.85" CONTENT="Mai,"/><SP WIDTH="16" VPOS="607" HPOS="1448"/>
						<String ID="string_507" HPOS="1464" VPOS="611" WIDTH="18" HEIGHT="30" WC="0.46" CONTENT="8"/><SP WIDTH="18" VPOS="611" HPOS="1482"/>
						<String ID="string_508" HPOS="1500" VPOS="609" WIDTH="87" HEIGHT="40" WC="0.91" CONTENT="Uhr:"/><SP WIDTH="20" VPOS="609" HPOS="1587"/>
						<String ID="string_509" HPOS="1607" VPOS="610" WIDTH="251" HEIGHT="40" WC="0.89" CONTENT="Aulowöhnen,"/><SP WIDTH="18" VPOS="610" HPOS="1858"/>
						<String ID="string_510" HPOS="1876" VPOS="612" WIDTH="105" HEIGHT="32" WC="0.92" CONTENT="Kreis"/><SP WIDTH="21" VPOS="612" HPOS="1981"/>
						<String ID="string_511" HPOS="2002" VPOS="612" WIDTH="221" HEIGHT="39" WC="0.75" CONTENT="Jniterburg,"/>
					</TextLine>
					<TextLine ID="line_79" HPOS="1233" VPOS="652" WIDTH="921" HEIGHT="45">
						<String ID="string_512" HPOS="1233" VPOS="661" WIDTH="57" HEIGHT="25" WC="0.92" CONTENT="am"/><SP WIDTH="18" VPOS="661" HPOS="1290"/>
						<String ID="string_513" HPOS="1308" VPOS="654" WIDTH="29" HEIGHT="31" WC="0.90" CONTENT="5."/><SP WIDTH="18" VPOS="654" HPOS="1337"/>
						<String ID="string_514" HPOS="1355" VPOS="652" WIDTH="90" HEIGHT="40" WC="0.91" CONTENT="Mai,"/><SP WIDTH="18" VPOS="652" HPOS="1445"/>
						<String ID="string_515" HPOS="1463" VPOS="656" WIDTH="19" HEIGHT="31" WC="0.86" CONTENT="9"/><SP WIDTH="18" VPOS="656" HPOS="1482"/>
						<String ID="string_516" HPOS="1500" VPOS="655" WIDTH="87" HEIGHT="38" WC="0.90" CONTENT="Uhr:"/><SP WIDTH="20" VPOS="655" HPOS="1587"/>
						<String ID="string_517" HPOS="1607" VPOS="655" WIDTH="143" HEIGHT="39" WC="0.91" CONTENT="Szillen,"/><SP WIDTH="19" VPOS="655" HPOS="1750"/>
						<String ID="string_518" HPOS="1769" VPOS="656" WIDTH="105" HEIGHT="33" WC="0.43" CONTENT="Ereis"/><SP WIDTH="20" VPOS="656" HPOS="1874"/>
						<String ID="string_519" HPOS="1894" VPOS="656" WIDTH="260" HEIGHT="41" WC="0.43" CONTENT="Tilſit⸗Kagnit,"/>
					</TextLine>
					<TextLine ID="line_80" HPOS="1232" VPOS="697" WIDTH="1000" HEIGHT="49">
						<String ID="string_520" HPOS="1232" VPOS="706" WIDTH="57" HEIGHT="25" WC="0.90" CONTENT="am"/><SP WIDTH="18" VPOS="706" HPOS="1289"/>
						<String ID="string_521" HPOS="1307" VPOS="699" WIDTH="29" HEIGHT="31" WC="0.76" CONTENT="6."/><SP WIDTH="17" VPOS="699" HPOS="1336"/>
						<String ID="string_522" HPOS="1353" VPOS="697" WIDTH="92" HEIGHT="49" WC="0.70" CONTENT="Mai,"/><SP WIDTH="17" VPOS="697" HPOS="1445"/>
						<String ID="string_523" HPOS="1462" VPOS="701" WIDTH="18" HEIGHT="30" WC="0.70" CONTENT="9"/><SP WIDTH="19" VPOS="701" HPOS="1480"/>
						<String ID="string_524" HPOS="1499" VPOS="700" WIDTH="85" HEIGHT="38" WC="0.85" CONTENT="Uhr:"/><SP WIDTH="22" VPOS="700" HPOS="1584"/>
						<String ID="string_525" HPOS="1606" VPOS="700" WIDTH="223" HEIGHT="39" WC="0.21" CONTENT="Budwethen,"/><SP WIDTH="18" VPOS="700" HPOS="1829"/>
						<String ID="string_526" HPOS="1847" VPOS="701" WIDTH="105" HEIGHT="33" WC="0.23" CONTENT="Kreis"/><SP WIDTH="19" VPOS="701" HPOS="1952"/>
						<String ID="string_527" HPOS="1971" VPOS="702" WIDTH="261" HEIGHT="40" WC="0.41" CONTENT="Tilſit-Ragnit,"/>
					</TextLine>
					<TextLine ID="line_81" HPOS="1232" VPOS="742" WIDTH="913" HEIGHT="45">
						<String ID="string_528" HPOS="1232" VPOS="752" WIDTH="59" HEIGHT="24" WC="0.91" CONTENT="am"/><SP WIDTH="16" VPOS="752" HPOS="1291"/>
						<String ID="string_529" HPOS="1307" VPOS="744" WIDTH="27" HEIGHT="31" WC="0.89" CONTENT="7."/><SP WIDTH="18" VPOS="744" HPOS="1334"/>
						<String ID="string_530" HPOS="1352" VPOS="742" WIDTH="91" HEIGHT="40" WC="0.88" CONTENT="Mai,"/><SP WIDTH="19" VPOS="742" HPOS="1443"/>
						<String ID="string_531" HPOS="1462" VPOS="746" WIDTH="37" HEIGHT="30" WC="0.88" CONTENT="10"/><SP WIDTH="17" VPOS="746" HPOS="1499"/>
						<String ID="string_532" HPOS="1516" VPOS="745" WIDTH="88" HEIGHT="38" WC="0.90" CONTENT="Uhr:"/><SP WIDTH="20" VPOS="745" HPOS="1604"/>
						<String ID="string_533" HPOS="1624" VPOS="745" WIDTH="171" HEIGHT="39" WC="0.34" CONTENT="Reutirch,"/><SP WIDTH="17" VPOS="745" HPOS="1795"/>
						<String ID="string_534" HPOS="1812" VPOS="745" WIDTH="105" HEIGHT="33" WC="0.85" CONTENT="Kreis"/><SP WIDTH="19" VPOS="745" HPOS="1917"/>
						<String ID="string_535" HPOS="1936" VPOS="746" WIDTH="209" HEIGHT="41" WC="0.69" CONTENT="Riederung,"/>
					</TextLine>
					<TextLine ID="line_82" HPOS="1233" VPOS="788" WIDTH="665" HEIGHT="41">
						<String ID="string_536" HPOS="1233" VPOS="797" WIDTH="57" HEIGHT="25" WC="0.90" CONTENT="am"/><SP WIDTH="18" VPOS="797" HPOS="1290"/>
						<String ID="string_537" HPOS="1308" VPOS="789" WIDTH="29" HEIGHT="32" WC="0.47" CONTENT="g."/><SP WIDTH="20" VPOS="789" HPOS="1337"/>
						<String ID="string_538" HPOS="1357" VPOS="788" WIDTH="91" HEIGHT="39" WC="0.90" CONTENT="Mai,"/><SP WIDTH="18" VPOS="788" HPOS="1448"/>
						<String ID="string_539" HPOS="1466" VPOS="790" WIDTH="68" HEIGHT="36" WC="0.62" CONTENT="930"/><SP WIDTH="20" VPOS="790" HPOS="1534"/>
						<String ID="string_540" HPOS="1554" VPOS="790" WIDTH="86" HEIGHT="39" WC="0.91" CONTENT="Uhr:"/><SP WIDTH="21" VPOS="790" HPOS="1640"/>
						<String ID="string_541" HPOS="1661" VPOS="789" WIDTH="237" HEIGHT="38" WC="0.85" CONTENT="Gumbinnen,"/>
					</TextLine>
					<TextLine ID="line_83" HPOS="1233" VPOS="833" WIDTH="622" HEIGHT="41">
						<String ID="string_542" HPOS="1233" VPOS="842" WIDTH="56" HEIGHT="25" WC="0.86" CONTENT="am"/><SP WIDTH="20" VPOS="842" HPOS="1289"/>
						<String ID="string_543" HPOS="1309" VPOS="835" WIDTH="47" HEIGHT="30" WC="0.13" CONTENT="14."/><SP WIDTH="19" VPOS="835" HPOS="1356"/>
						<String ID="string_544" HPOS="1375" VPOS="833" WIDTH="91" HEIGHT="40" WC="0.85" CONTENT="Mai,"/><SP WIDTH="19" VPOS="833" HPOS="1466"/>
						<String ID="string_545" HPOS="1485" VPOS="836" WIDTH="18" HEIGHT="29" WC="0.69" CONTENT="9"/><SP WIDTH="21" VPOS="836" HPOS="1503"/>
						<String ID="string_546" HPOS="1524" VPOS="834" WIDTH="87" HEIGHT="40" WC="0.91" CONTENT="Uhr:"/><SP WIDTH="20" VPOS="834" HPOS="1611"/>
						<String ID="string_547" HPOS="1631" VPOS="833" WIDTH="224" HEIGHT="40" WC="0.57" CONTENT="Dartehmen,"/>
					</TextLine>
					<TextLine ID="line_84" HPOS="1233" VPOS="877" WIDTH="700" HEIGHT="42">
						<String ID="string_548" HPOS="1233" VPOS="887" WIDTH="56" HEIGHT="26" WC="0.91" CONTENT="am"/><SP WIDTH="18" VPOS="887" HPOS="1289"/>
						<String ID="string_549" HPOS="1307" VPOS="880" WIDTH="29" HEIGHT="31" WC="0.90" CONTENT="5."/><SP WIDTH="16" VPOS="880" HPOS="1336"/>
						<String ID="string_550" HPOS="1352" VPOS="877" WIDTH="108" HEIGHT="41" WC="0.79" CONTENT="Juni,"/><SP WIDTH="19" VPOS="877" HPOS="1460"/>
						<String ID="string_551" HPOS="1479" VPOS="881" WIDTH="88" HEIGHT="36" WC="0.7" CONTENT="15,36"/><SP WIDTH="18" VPOS="881" HPOS="1567"/>
						<String ID="string_552" HPOS="1585" VPOS="880" WIDTH="86" HEIGHT="39" WC="0.90" CONTENT="Uhr:"/><SP WIDTH="20" VPOS="880" HPOS="1671"/>
						<String ID="string_553" HPOS="1691" VPOS="880" WIDTH="242" HEIGHT="38" WC="0.62" CONTENT="Stallupönen,"/>
					</TextLine>
					<TextLine ID="line_85" HPOS="1233" VPOS="923" WIDTH="997" HEIGHT="43">
						<String ID="string_554" HPOS="1233" VPOS="933" WIDTH="56" HEIGHT="25" WC="0.91" CONTENT="am"/><SP WIDTH="18" VPOS="933" HPOS="1289"/>
						<String ID="string_555" HPOS="1307" VPOS="925" WIDTH="29" HEIGHT="31" WC="0.90" CONTENT="6."/><SP WIDTH="17" VPOS="925" HPOS="1336"/>
						<String ID="string_556" HPOS="1353" VPOS="923" WIDTH="107" HEIGHT="41" WC="0.87" CONTENT="Juni,"/><SP WIDTH="16" VPOS="923" HPOS="1460"/>
						<String ID="string_557" HPOS="1476" VPOS="926" WIDTH="18" HEIGHT="30" WC="0.84" CONTENT="9"/><SP WIDTH="19" VPOS="926" HPOS="1494"/>
						<String ID="string_558" HPOS="1513" VPOS="925" WIDTH="87" HEIGHT="40" WC="0.74" CONTENT="Uhr:"/><SP WIDTH="20" VPOS="925" HPOS="1600"/>
						<String ID="string_559" HPOS="1620" VPOS="924" WIDTH="322" HEIGHT="42" WC="0.71" CONTENT="Tollmingkehmen,"/><SP WIDTH="19" VPOS="924" HPOS="1942"/>
						<String ID="string_560" HPOS="1961" VPOS="926" WIDTH="104" HEIGHT="34" WC="0.89" CONTENT="Kreis"/><SP WIDTH="19" VPOS="926" HPOS="2065"/>
						<String ID="string_561" HPOS="2084" VPOS="926" WIDTH="146" HEIGHT="38" WC="0.21" CONTENT="Goldap,"/>
					</TextLine>
					<TextLine ID="line_86" HPOS="1232" VPOS="969" WIDTH="652" HEIGHT="41">
						<String ID="string_562" HPOS="1232" VPOS="978" WIDTH="57" HEIGHT="25" WC="0.91" CONTENT="am"/><SP WIDTH="19" VPOS="978" HPOS="1289"/>
						<String ID="string_563" HPOS="1308" VPOS="970" WIDTH="46" HEIGHT="32" WC="0.91" CONTENT="14."/><SP WIDTH="22" VPOS="970" HPOS="1354"/>
						<String ID="string_564" HPOS="1376" VPOS="969" WIDTH="105" HEIGHT="40" WC="0.68" CONTENT="Juni,"/><SP WIDTH="17" VPOS="969" HPOS="1481"/>
						<String ID="string_565" HPOS="1498" VPOS="971" WIDTH="69" HEIGHT="36" WC="0.0" CONTENT="9.30"/><SP WIDTH="19" VPOS="971" HPOS="1567"/>
						<String ID="string_566" HPOS="1586" VPOS="970" WIDTH="86" HEIGHT="40" WC="0.88" CONTENT="Uhr:"/><SP WIDTH="20" VPOS="970" HPOS="1672"/>
						<String ID="string_567" HPOS="1692" VPOS="970" WIDTH="192" HEIGHT="39" WC="0.17" CONTENT="Pilttallen,"/>
					</TextLine>
					<TextLine ID="line_87" HPOS="1232" VPOS="1014" WIDTH="1103" HEIGHT="42">
						<String ID="string_568" HPOS="1232" VPOS="1024" WIDTH="57" HEIGHT="24" WC="0.90" CONTENT="am"/><SP WIDTH="22" VPOS="1024" HPOS="1289"/>
						<String ID="string_569" HPOS="1311" VPOS="1015" WIDTH="48" HEIGHT="31" WC="0.88" CONTENT="14."/><SP WIDTH="22" VPOS="1015" HPOS="1359"/>
						<String ID="string_570" HPOS="1381" VPOS="1014" WIDTH="94" HEIGHT="41" WC="0.47" CONTENT="Juli,"/><SP WIDTH="23" VPOS="1014" HPOS="1475"/>
						<String ID="string_571" HPOS="1498" VPOS="1017" WIDTH="18" HEIGHT="30" WC="0.82" CONTENT="5"/><SP WIDTH="23" VPOS="1017" HPOS="1516"/>
						<String ID="string_572" HPOS="1539" VPOS="1016" WIDTH="85" HEIGHT="39" WC="0.92" CONTENT="Uhr:"/><SP WIDTH="24" VPOS="1016" HPOS="1624"/>
						<String ID="string_573" HPOS="1648" VPOS="1015" WIDTH="198" HEIGHT="40" WC="0.91" CONTENT="Jäniſchken"/><SP WIDTH="25" VPOS="1015" HPOS="1846"/>
						<String ID="string_574" HPOS="1871" VPOS="1016" WIDTH="51" HEIGHT="32" WC="0.92" CONTENT="bei"/><SP WIDTH="21" VPOS="1016" HPOS="1922"/>
						<String ID="string_575" HPOS="1943" VPOS="1015" WIDTH="264" HEIGHT="41" WC="0.86" CONTENT="Matheningen,"/><SP WIDTH="21" VPOS="1015" HPOS="2207"/>
						<String ID="string_576" HPOS="2228" VPOS="1017" WIDTH="107" HEIGHT="32" WC="0.91" CONTENT="Kreis"/>
					</TextLine>
					<TextLine ID="line_88" HPOS="1310" VPOS="1060" WIDTH="222" HEIGHT="41">
						<String ID="string_577" HPOS="1310" VPOS="1060" WIDTH="222" HEIGHT="41" WC="0.87" CONTENT="Jnſterburg,"/>
					</TextLine>
					<TextLine ID="line_89" HPOS="1305" VPOS="1105" WIDTH="582" HEIGHT="41">
						<String ID="string_578" HPOS="1305" VPOS="1106" WIDTH="49" HEIGHT="32" WC="0.88" CONTENT="22."/><SP WIDTH="17" VPOS="1106" HPOS="1354"/>
						<String ID="string_579" HPOS="1371" VPOS="1105" WIDTH="97" HEIGHT="40" WC="0.78" CONTENT="Juli,"/><SP WIDTH="14" VPOS="1105" HPOS="1468"/>
						<String ID="string_580" HPOS="1482" VPOS="1107" WIDTH="69" HEIGHT="36" WC="0.15" CONTENT="g.6"/><SP WIDTH="17" VPOS="1107" HPOS="1551"/>
						<String ID="string_581" HPOS="1568" VPOS="1106" WIDTH="85" HEIGHT="38" WC="0.87" CONTENT="Uhr:"/><SP WIDTH="17" VPOS="1106" HPOS="1653"/>
						<String ID="string_582" HPOS="1670" VPOS="1105" WIDTH="217" HEIGHT="41" WC="0.16" CONTENT="Augerbzurg,"/>
					</TextLine>
					<TextLine ID="line_90" HPOS="1309" VPOS="1149" WIDTH="1025" HEIGHT="41">
						<String ID="string_583" HPOS="1309" VPOS="1151" WIDTH="48" HEIGHT="34" WC="0.92" CONTENT="28."/><SP WIDTH="22" VPOS="1151" HPOS="1357"/>
						<String ID="string_584" HPOS="1379" VPOS="1151" WIDTH="96" HEIGHT="39" WC="0.86" CONTENT="Juli,"/><SP WIDTH="30" VPOS="1151" HPOS="1475"/>
						<String ID="string_585" HPOS="1505" VPOS="1152" WIDTH="19" HEIGHT="32" WC="0.85" CONTENT="9"/><SP WIDTH="24" VPOS="1152" HPOS="1524"/>
						<String ID="string_586" HPOS="1548" VPOS="1151" WIDTH="85" HEIGHT="39" WC="0.91" CONTENT="Uhr:"/><SP WIDTH="34" VPOS="1151" HPOS="1633"/>
						<String ID="string_587" HPOS="1667" VPOS="1151" WIDTH="183" HEIGHT="39" WC="0.90" CONTENT="Treuburg"/><SP WIDTH="37" VPOS="1151" HPOS="1850"/>
						<String ID="string_588" HPOS="1887" VPOS="1150" WIDTH="311" HEIGHT="40" WC="0.0" CONTENT="Marggraboma)."/><SP WIDTH="31" VPOS="1150" HPOS="2198"/>
						<String ID="string_589" HPOS="2229" VPOS="1149" WIDTH="105" HEIGHT="34" WC="0.41" CONTENT="Ereis"/>
					</TextLine>
					<TextLine ID="line_91" HPOS="1309" VPOS="1196" WIDTH="141" HEIGHT="40">
						<String ID="string_590" HPOS="1309" VPOS="1196" WIDTH="141" HEIGHT="40" WC="0.0" CONTENT="Oletzto,"/>
					</TextLine>
					<TextLine ID="line_92" HPOS="1304" VPOS="1240" WIDTH="689" HEIGHT="42">
						<String ID="string_591" HPOS="1304" VPOS="1243" WIDTH="47" HEIGHT="30" WC="0.83" CONTENT="21."/><SP WIDTH="19" VPOS="1243" HPOS="1351"/>
						<String ID="string_592" HPOS="1370" VPOS="1242" WIDTH="138" HEIGHT="40" WC="0.91" CONTENT="Auguſt,"/><SP WIDTH="19" VPOS="1242" HPOS="1508"/>
						<String ID="string_593" HPOS="1527" VPOS="1243" WIDTH="16" HEIGHT="30" WC="0.79" CONTENT="6"/><SP WIDTH="19" VPOS="1243" HPOS="1543"/>
						<String ID="string_594" HPOS="1562" VPOS="1241" WIDTH="86" HEIGHT="38" WC="0.85" CONTENT="Uhr:"/><SP WIDTH="19" VPOS="1241" HPOS="1648"/>
						<String ID="string_595" HPOS="1667" VPOS="1241" WIDTH="111" HEIGHT="37" WC="0.90" CONTENT="Tilſit,"/><SP WIDTH="17" VPOS="1241" HPOS="1778"/>
						<String ID="string_596" HPOS="1795" VPOS="1240" WIDTH="198" HEIGHT="40" WC="0.89" CONTENT="Rennplatz,"/>
					</TextLine>
					<TextLine ID="line_93" HPOS="1305" VPOS="1285" WIDTH="557" HEIGHT="42">
						<String ID="string_597" HPOS="1305" VPOS="1288" WIDTH="48" HEIGHT="31" WC="0.0" CONTENT="A."/><SP WIDTH="19" VPOS="1288" HPOS="1353"/>
						<String ID="string_598" HPOS="1372" VPOS="1286" WIDTH="140" HEIGHT="41" WC="0.82" CONTENT="Auguſt,"/><SP WIDTH="17" VPOS="1286" HPOS="1512"/>
						<String ID="string_599" HPOS="1529" VPOS="1289" WIDTH="68" HEIGHT="35" WC="0.7" CONTENT="9,30"/><SP WIDTH="18" VPOS="1289" HPOS="1597"/>
						<String ID="string_600" HPOS="1615" VPOS="1286" WIDTH="86" HEIGHT="38" WC="0.90" CONTENT="Uhr:"/><SP WIDTH="19" VPOS="1286" HPOS="1701"/>
						<String ID="string_601" HPOS="1720" VPOS="1285" WIDTH="142" HEIGHT="40" WC="0.87" CONTENT="Ragnit."/>
					</TextLine>
					<TextLine ID="line_94" HPOS="1309" VPOS="1329" WIDTH="1026" HEIGHT="42">
						<String ID="string_602" HPOS="1309" VPOS="1333" WIDTH="28" HEIGHT="31" WC="0.91" CONTENT="2."/><SP WIDTH="44" VPOS="1333" HPOS="1337"/>
						<String ID="string_603" HPOS="1381" VPOS="1333" WIDTH="65" HEIGHT="33" WC="0.92" CONTENT="Die"/><SP WIDTH="23" VPOS="1333" HPOS="1446"/>
						<String ID="string_604" HPOS="1469" VPOS="1332" WIDTH="227" HEIGHT="39" WC="0.25" CONTENT="angetkauften"/><SP WIDTH="26" VPOS="1332" HPOS="1696"/>
						<String ID="string_605" HPOS="1722" VPOS="1331" WIDTH="123" HEIGHT="38" WC="0.90" CONTENT="Pferde"/><SP WIDTH="23" VPOS="1331" HPOS="1845"/>
						<String ID="string_606" HPOS="1868" VPOS="1331" WIDTH="135" HEIGHT="32" WC="0.92" CONTENT="werden"/><SP WIDTH="25" VPOS="1331" HPOS="2003"/>
						<String ID="string_607" HPOS="2028" VPOS="1330" WIDTH="102" HEIGHT="38" WC="0.63" CONTENT="ſofort"/><SP WIDTH="25" VPOS="1330" HPOS="2130"/>
						<String ID="string_608" HPOS="2155" VPOS="1329" WIDTH="180" HEIGHT="39" WC="0.88" CONTENT="abgenom—"/>
					</TextLine>
					<TextLine ID="line_95" HPOS="1230" VPOS="1373" WIDTH="1105" HEIGHT="45">
						<String ID="string_609" HPOS="1230" VPOS="1387" WIDTH="80" HEIGHT="24" WC="0.92" CONTENT="men"/><SP WIDTH="17" VPOS="1387" HPOS="1310"/>
						<String ID="string_610" HPOS="1327" VPOS="1378" WIDTH="69" HEIGHT="32" WC="0.89" CONTENT="und"/><SP WIDTH="19" VPOS="1378" HPOS="1396"/>
						<String ID="string_611" HPOS="1415" VPOS="1385" WIDTH="102" HEIGHT="33" WC="0.91" CONTENT="gegen"/><SP WIDTH="19" VPOS="1385" HPOS="1517"/>
						<String ID="string_612" HPOS="1536" VPOS="1377" WIDTH="180" HEIGHT="39" WC="0.91" CONTENT="Quittung"/><SP WIDTH="19" VPOS="1377" HPOS="1716"/>
						<String ID="string_613" HPOS="1735" VPOS="1375" WIDTH="133" HEIGHT="33" WC="0.92" CONTENT="mittels"/><SP WIDTH="19" VPOS="1375" HPOS="1868"/>
						<String ID="string_614" HPOS="1887" VPOS="1375" WIDTH="127" HEIGHT="38" WC="0.93" CONTENT="Schecks"/><SP WIDTH="18" VPOS="1375" HPOS="2014"/>
						<String ID="string_615" HPOS="2032" VPOS="1374" WIDTH="140" HEIGHT="40" WC="0.87" CONTENT="bezahlt."/><SP WIDTH="37" VPOS="1374" HPOS="2172"/>
						<String ID="string_616" HPOS="2209" VPOS="1373" WIDTH="126" HEIGHT="38" WC="0.91" CONTENT="Schim—"/>
					</TextLine>
					<TextLine ID="line_96" HPOS="1230" VPOS="1421" WIDTH="494" HEIGHT="42">
						<String ID="string_617" HPOS="1230" VPOS="1424" WIDTH="68" HEIGHT="32" WC="0.91" CONTENT="mel"/><SP WIDTH="20" VPOS="1424" HPOS="1298"/>
						<String ID="string_618" HPOS="1318" VPOS="1424" WIDTH="136" HEIGHT="31" WC="0.92" CONTENT="werden"/><SP WIDTH="21" VPOS="1424" HPOS="1454"/>
						<String ID="string_619" HPOS="1475" VPOS="1423" WIDTH="84" HEIGHT="38" WC="0.92" CONTENT="nicht"/><SP WIDTH="21" VPOS="1423" HPOS="1559"/>
						<String ID="string_620" HPOS="1580" VPOS="1421" WIDTH="144" HEIGHT="42" WC="0.86" CONTENT="gekauft."/>
					</TextLine>
					<TextLine ID="line_97" HPOS="1309" VPOS="1464" WIDTH="1027" HEIGHT="43">
						<String ID="string_621" HPOS="1309" VPOS="1469" WIDTH="28" HEIGHT="31" WC="0.84" CONTENT="3."/><SP WIDTH="42" VPOS="1469" HPOS="1337"/>
						<String ID="string_622" HPOS="1379" VPOS="1468" WIDTH="124" HEIGHT="39" WC="0.88" CONTENT="Pferde"/><SP WIDTH="25" VPOS="1468" HPOS="1503"/>
						<String ID="string_623" HPOS="1528" VPOS="1468" WIDTH="63" HEIGHT="32" WC="0.92" CONTENT="mit"/><SP WIDTH="23" VPOS="1468" HPOS="1591"/>
						<String ID="string_624" HPOS="1614" VPOS="1465" WIDTH="265" HEIGHT="41" WC="0.90" CONTENT="Hauptmängel,"/><SP WIDTH="23" VPOS="1465" HPOS="1879"/>
						<String ID="string_625" HPOS="1902" VPOS="1465" WIDTH="52" HEIGHT="33" WC="0.92" CONTENT="die"/><SP WIDTH="24" VPOS="1465" HPOS="1954"/>
						<String ID="string_626" HPOS="1978" VPOS="1464" WIDTH="156" HEIGHT="41" WC="0.50" CONTENT="geſetzlich"/><SP WIDTH="25" VPOS="1464" HPOS="2134"/>
						<String ID="string_627" HPOS="2159" VPOS="1464" WIDTH="61" HEIGHT="33" WC="0.92" CONTENT="den"/><SP WIDTH="24" VPOS="1464" HPOS="2220"/>
						<String ID="string_628" HPOS="2244" VPOS="1464" WIDTH="92" HEIGHT="38" WC="0.79" CONTENT="Kauf"/>
					</TextLine>
					<TextLine ID="line_98" HPOS="1231" VPOS="1509" WIDTH="1104" HEIGHT="45">
						<String ID="string_629" HPOS="1231" VPOS="1514" WIDTH="196" HEIGHT="40" WC="0.92" CONTENT="rückgängig"/><SP WIDTH="22" VPOS="1514" HPOS="1427"/>
						<String ID="string_630" HPOS="1449" VPOS="1512" WIDTH="140" HEIGHT="39" WC="0.91" CONTENT="machen,"/><SP WIDTH="21" VPOS="1512" HPOS="1589"/>
						<String ID="string_631" HPOS="1610" VPOS="1511" WIDTH="69" HEIGHT="37" WC="0.93" CONTENT="ſind"/><SP WIDTH="22" VPOS="1511" HPOS="1679"/>
						<String ID="string_632" HPOS="1701" VPOS="1519" WIDTH="77" HEIGHT="25" WC="0.92" CONTENT="vom"/><SP WIDTH="20" VPOS="1519" HPOS="1778"/>
						<String ID="string_633" HPOS="1798" VPOS="1509" WIDTH="190" HEIGHT="40" WC="0.87" CONTENT="Verkänfer"/><SP WIDTH="20" VPOS="1509" HPOS="1988"/>
						<String ID="string_634" HPOS="2008" VPOS="1517" WIDTH="102" HEIGHT="33" WC="0.92" CONTENT="gegen"/><SP WIDTH="24" VPOS="1517" HPOS="2110"/>
						<String ID="string_635" HPOS="2134" VPOS="1509" WIDTH="201" HEIGHT="38" WC="0.92" CONTENT="Erſtattung"/>
					</TextLine>
					<TextLine ID="line_99" HPOS="1228" VPOS="1554" WIDTH="1105" HEIGHT="43">
						<String ID="string_636" HPOS="1228" VPOS="1560" WIDTH="60" HEIGHT="32" WC="0.92" CONTENT="des"/><SP WIDTH="23" VPOS="1560" HPOS="1288"/>
						<String ID="string_637" HPOS="1311" VPOS="1558" WIDTH="222" HEIGHT="39" WC="0.90" CONTENT="Kaufpreiſes"/><SP WIDTH="25" VPOS="1558" HPOS="1533"/>
						<String ID="string_638" HPOS="1558" VPOS="1557" WIDTH="69" HEIGHT="33" WC="0.92" CONTENT="und"/><SP WIDTH="25" VPOS="1557" HPOS="1627"/>
						<String ID="string_639" HPOS="1652" VPOS="1557" WIDTH="56" HEIGHT="32" WC="0.92" CONTENT="der"/><SP WIDTH="24" VPOS="1557" HPOS="1708"/>
						<String ID="string_640" HPOS="1732" VPOS="1555" WIDTH="163" HEIGHT="39" WC="0.88" CONTENT="Unkoſten"/><SP WIDTH="25" VPOS="1555" HPOS="1895"/>
						<String ID="string_641" HPOS="1920" VPOS="1554" WIDTH="315" HEIGHT="40" WC="0.90" CONTENT="zurückzunehmen,"/><SP WIDTH="24" VPOS="1554" HPOS="2235"/>
						<String ID="string_642" HPOS="2259" VPOS="1554" WIDTH="74" HEIGHT="32" WC="0.75" CONTENT="des—"/>
					</TextLine>
					<TextLine ID="line_100" HPOS="1229" VPOS="1598" WIDTH="1105" HEIGHT="46">
						<String ID="string_643" HPOS="1229" VPOS="1604" WIDTH="144" HEIGHT="40" WC="0.92" CONTENT="gleichen"/><SP WIDTH="20" VPOS="1604" HPOS="1373"/>
						<String ID="string_644" HPOS="1393" VPOS="1603" WIDTH="134" HEIGHT="40" WC="0.92" CONTENT="Pferde,"/><SP WIDTH="21" VPOS="1603" HPOS="1527"/>
						<String ID="string_645" HPOS="1548" VPOS="1603" WIDTH="52" HEIGHT="32" WC="0.92" CONTENT="die"/><SP WIDTH="23" VPOS="1603" HPOS="1600"/>
						<String ID="string_646" HPOS="1623" VPOS="1601" WIDTH="53" HEIGHT="41" WC="0.93" CONTENT="ſich"/><SP WIDTH="22" VPOS="1601" HPOS="1676"/>
						<String ID="string_647" HPOS="1698" VPOS="1600" WIDTH="159" HEIGHT="40" WC="0.92" CONTENT="während"/><SP WIDTH="22" VPOS="1600" HPOS="1857"/>
						<String ID="string_648" HPOS="1879" VPOS="1600" WIDTH="56" HEIGHT="32" WC="0.91" CONTENT="der"/><SP WIDTH="21" VPOS="1600" HPOS="1935"/>
						<String ID="string_649" HPOS="1956" VPOS="1599" WIDTH="106" HEIGHT="40" WC="0.85" CONTENT="erſten"/><SP WIDTH="23" VPOS="1599" HPOS="2062"/>
						<String ID="string_650" HPOS="2085" VPOS="1601" WIDTH="37" HEIGHT="30" WC="0.0" CONTENT="5"/><SP WIDTH="20" VPOS="1601" HPOS="2122"/>
						<String ID="string_651" HPOS="2142" VPOS="1606" WIDTH="91" HEIGHT="32" WC="0.89" CONTENT="Tage"/><SP WIDTH="25" VPOS="1606" HPOS="2233"/>
						<String ID="string_652" HPOS="2258" VPOS="1598" WIDTH="76" HEIGHT="38" WC="0.89" CONTENT="nach"/>
					</TextLine>
					<TextLine ID="line_101" HPOS="1229" VPOS="1643" WIDTH="1104" HEIGHT="46">
						<String ID="string_653" HPOS="1229" VPOS="1651" WIDTH="75" HEIGHT="32" WC="0.92" CONTENT="dem"/><SP WIDTH="18" VPOS="1651" HPOS="1304"/>
						<String ID="string_654" HPOS="1322" VPOS="1648" WIDTH="93" HEIGHT="41" WC="0.92" CONTENT="Tage"/><SP WIDTH="19" VPOS="1648" HPOS="1415"/>
						<String ID="string_655" HPOS="1434" VPOS="1649" WIDTH="58" HEIGHT="33" WC="0.92" CONTENT="der"/><SP WIDTH="18" VPOS="1649" HPOS="1492"/>
						<String ID="string_656" HPOS="1510" VPOS="1647" WIDTH="246" HEIGHT="40" WC="0.90" CONTENT="Einlieferung"/><SP WIDTH="19" VPOS="1647" HPOS="1756"/>
						<String ID="string_657" HPOS="1775" VPOS="1646" WIDTH="35" HEIGHT="32" WC="0.92" CONTENT="in"/><SP WIDTH="21" VPOS="1646" HPOS="1810"/>
						<String ID="string_658" HPOS="1831" VPOS="1645" WIDTH="63" HEIGHT="32" WC="0.92" CONTENT="das"/><SP WIDTH="20" VPOS="1645" HPOS="1894"/>
						<String ID="string_659" HPOS="1914" VPOS="1645" WIDTH="241" HEIGHT="33" WC="0.90" CONTENT="Remonteamt"/><SP WIDTH="21" VPOS="1645" HPOS="2155"/>
						<String ID="string_660" HPOS="2176" VPOS="1644" WIDTH="80" HEIGHT="35" WC="0.21" CONTENT="uſw."/><SP WIDTH="20" VPOS="1644" HPOS="2256"/>
						<String ID="string_661" HPOS="2276" VPOS="1643" WIDTH="57" HEIGHT="32" WC="0.92" CONTENT="als"/>
					</TextLine>
					<TextLine ID="line_102" HPOS="1228" VPOS="1688" WIDTH="1105" HEIGHT="46">
						<String ID="string_662" HPOS="1228" VPOS="1694" WIDTH="223" HEIGHT="40" WC="0.87" CONTENT="Klophengſte"/><SP WIDTH="22" VPOS="1694" HPOS="1451"/>
						<String ID="string_663" HPOS="1473" VPOS="1693" WIDTH="171" HEIGHT="39" WC="0.91" CONTENT="erweiſen."/><SP WIDTH="21" VPOS="1693" HPOS="1644"/>
						<String ID="string_664" HPOS="1665" VPOS="1692" WIDTH="67" HEIGHT="33" WC="0.92" CONTENT="Die"/><SP WIDTH="20" VPOS="1692" HPOS="1732"/>
						<String ID="string_665" HPOS="1752" VPOS="1690" WIDTH="230" HEIGHT="41" WC="0.90" CONTENT="geſetzmäßige"/><SP WIDTH="21" VPOS="1690" HPOS="1982"/>
						<String ID="string_666" HPOS="2003" VPOS="1688" WIDTH="223" HEIGHT="40" WC="0.87" CONTENT="Gewährfriſt"/><SP WIDTH="22" VPOS="1688" HPOS="2226"/>
						<String ID="string_667" HPOS="2248" VPOS="1689" WIDTH="85" HEIGHT="31" WC="0.89" CONTENT="wird"/>
					</TextLine>
					<TextLine ID="line_103" HPOS="1229" VPOS="1733" WIDTH="1104" HEIGHT="47">
						<String ID="string_668" HPOS="1229" VPOS="1741" WIDTH="58" HEIGHT="39" WC="0.90" CONTENT="für"/><SP WIDTH="25" VPOS="1741" HPOS="1287"/>
						<String ID="string_669" HPOS="1312" VPOS="1740" WIDTH="193" HEIGHT="39" WC="0.91" CONTENT="peribdiſche"/><SP WIDTH="27" VPOS="1740" HPOS="1505"/>
						<String ID="string_670" HPOS="1532" VPOS="1737" WIDTH="346" HEIGHT="41" WC="0.92" CONTENT="Augenentzündung"/><SP WIDTH="28" VPOS="1737" HPOS="1878"/>
						<String ID="string_671" HPOS="1906" VPOS="1735" WIDTH="136" HEIGHT="36" WC="0.85" CONTENT="(innere"/><SP WIDTH="24" VPOS="1735" HPOS="2042"/>
						<String ID="string_672" HPOS="2066" VPOS="1733" WIDTH="267" HEIGHT="40" WC="0.91" CONTENT="Augenentzün—"/>
					</TextLine>
					<TextLine ID="line_104" HPOS="1229" VPOS="1777" WIDTH="1105" HEIGHT="48">
						<String ID="string_673" HPOS="1229" VPOS="1786" WIDTH="103" HEIGHT="39" WC="0.90" CONTENT="dung,"/><SP WIDTH="26" VPOS="1786" HPOS="1332"/>
						<String ID="string_674" HPOS="1358" VPOS="1783" WIDTH="295" HEIGHT="39" WC="0.86" CONTENT="Mondblindheit;"/><SP WIDTH="33" VPOS="1783" HPOS="1653"/>
						<String ID="string_675" HPOS="1686" VPOS="1782" WIDTH="69" HEIGHT="32" WC="0.93" CONTENT="und"/><SP WIDTH="29" VPOS="1782" HPOS="1755"/>
						<String ID="string_676" HPOS="1784" VPOS="1781" WIDTH="78" HEIGHT="38" WC="0.91" CONTENT="Rotz"/><SP WIDTH="27" VPOS="1781" HPOS="1862"/>
						<String ID="string_677" HPOS="1889" VPOS="1780" WIDTH="59" HEIGHT="39" WC="0.91" CONTENT="auf"/><SP WIDTH="27" VPOS="1780" HPOS="1948"/>
						<String ID="string_678" HPOS="1975" VPOS="1780" WIDTH="37" HEIGHT="30" WC="0.73" CONTENT="28"/><SP WIDTH="27" VPOS="1780" HPOS="2012"/>
						<String ID="string_679" HPOS="2039" VPOS="1778" WIDTH="91" HEIGHT="40" WC="0.92" CONTENT="Tage"/><SP WIDTH="28" VPOS="1778" HPOS="2130"/>
						<String ID="string_680" HPOS="2158" VPOS="1777" WIDTH="76" HEIGHT="40" WC="0.92" CONTENT="nach"/><SP WIDTH="27" VPOS="1777" HPOS="2234"/>
						<String ID="string_681" HPOS="2261" VPOS="1777" WIDTH="73" HEIGHT="32" WC="0.93" CONTENT="dem"/>
					</TextLine>
					<TextLine ID="line_105" HPOS="1230" VPOS="1823" WIDTH="1104" HEIGHT="48">
						<String ID="string_682" HPOS="1230" VPOS="1832" WIDTH="97" HEIGHT="39" WC="0.59" CONTENT="Tageé"/><SP WIDTH="26" VPOS="1832" HPOS="1327"/>
						<String ID="string_683" HPOS="1353" VPOS="1831" WIDTH="59" HEIGHT="32" WC="0.93" CONTENT="der"/><SP WIDTH="29" VPOS="1831" HPOS="1412"/>
						<String ID="string_684" HPOS="1441" VPOS="1828" WIDTH="244" HEIGHT="40" WC="0.92" CONTENT="Einlieferung"/><SP WIDTH="32" VPOS="1828" HPOS="1685"/>
						<String ID="string_685" HPOS="1717" VPOS="1827" WIDTH="36" HEIGHT="31" WC="0.91" CONTENT="in"/><SP WIDTH="32" VPOS="1827" HPOS="1753"/>
						<String ID="string_686" HPOS="1785" VPOS="1827" WIDTH="62" HEIGHT="33" WC="0.91" CONTENT="das"/><SP WIDTH="30" VPOS="1827" HPOS="1847"/>
						<String ID="string_687" HPOS="1877" VPOS="1824" WIDTH="242" HEIGHT="34" WC="0.91" CONTENT="Remonteamt"/><SP WIDTH="30" VPOS="1824" HPOS="2119"/>
						<String ID="string_688" HPOS="2149" VPOS="1823" WIDTH="80" HEIGHT="39" WC="0.90" CONTENT="uſw."/><SP WIDTH="32" VPOS="1823" HPOS="2229"/>
						<String ID="string_689" HPOS="2261" VPOS="1830" WIDTH="73" HEIGHT="24" WC="0.91" CONTENT="ver—"/>
					</TextLine>
					<TextLine ID="line_106" HPOS="1230" VPOS="1875" WIDTH="660" HEIGHT="42">
						<String ID="string_690" HPOS="1230" VPOS="1877" WIDTH="147" HEIGHT="40" WC="0.79" CONTENT="längert."/>
					</TextLine>
					<TextLine ID="line_107" HPOS="1308" VPOS="1911" WIDTH="1025" HEIGHT="50">
						<String ID="string_691" HPOS="1308" VPOS="1922" WIDTH="28" HEIGHT="31" WC="0.92" CONTENT="4."/><SP WIDTH="45" VPOS="1922" HPOS="1336"/>
						<String ID="string_692" HPOS="1381" VPOS="1921" WIDTH="75" HEIGHT="40" WC="0.92" CONTENT="Zur"/><SP WIDTH="27" VPOS="1921" HPOS="1456"/>
						<String ID="string_693" HPOS="1483" VPOS="1919" WIDTH="147" HEIGHT="39" WC="0.92" CONTENT="Anzeige"/><SP WIDTH="27" VPOS="1919" HPOS="1630"/>
						<String ID="string_694" HPOS="1657" VPOS="1917" WIDTH="97" HEIGHT="33" WC="0.93" CONTENT="eines"/><SP WIDTH="27" VPOS="1917" HPOS="1754"/>
						<String ID="string_695" HPOS="1781" VPOS="1913" WIDTH="275" HEIGHT="41" WC="0.92" CONTENT="Hauptmangels"/><SP WIDTH="28" VPOS="1913" HPOS="2056"/>
						<String ID="string_696" HPOS="2084" VPOS="1920" WIDTH="43" HEIGHT="25" WC="0.92" CONTENT="an"/><SP WIDTH="28" VPOS="1920" HPOS="2127"/>
						<String ID="string_697" HPOS="2155" VPOS="1912" WIDTH="63" HEIGHT="33" WC="0.93" CONTENT="den"/><SP WIDTH="28" VPOS="1912" HPOS="2218"/>
						<String ID="string_698" HPOS="2246" VPOS="1911" WIDTH="87" HEIGHT="33" WC="0.90" CONTENT="Ber—"/>
					</TextLine>
					<TextLine ID="line_108" HPOS="1229" VPOS="1957" WIDTH="1103" HEIGHT="49">
						<String ID="string_699" HPOS="1229" VPOS="1967" WIDTH="116" HEIGHT="39" WC="0.70" CONTENT="känſer"/><SP WIDTH="19" VPOS="1967" HPOS="1345"/>
						<String ID="string_700" HPOS="1364" VPOS="1966" WIDTH="77" HEIGHT="39" WC="0.89" CONTENT="nach"/><SP WIDTH="17" VPOS="1966" HPOS="1441"/>
						<String ID="string_701" HPOS="1458" VPOS="1965" WIDTH="18" HEIGHT="40" WC="0.85" CONTENT="8"/><SP WIDTH="17" VPOS="1965" HPOS="1476"/>
						<String ID="string_702" HPOS="1493" VPOS="1965" WIDTH="59" HEIGHT="31" WC="0.82" CONTENT="485"/><SP WIDTH="18" VPOS="1965" HPOS="1552"/>
						<String ID="string_703" HPOS="1570" VPOS="1962" WIDTH="114" HEIGHT="35" WC="0.82" CONTENT="BGB."/><SP WIDTH="16" VPOS="1962" HPOS="1684"/>
						<String ID="string_704" HPOS="1700" VPOS="1962" WIDTH="39" HEIGHT="39" WC="0.91" CONTENT="iſt"/><SP WIDTH="20" VPOS="1962" HPOS="1739"/>
						<String ID="string_705" HPOS="1759" VPOS="1961" WIDTH="82" HEIGHT="38" WC="0.91" CONTENT="nicht"/><SP WIDTH="20" VPOS="1961" HPOS="1841"/>
						<String ID="string_706" HPOS="1861" VPOS="1967" WIDTH="68" HEIGHT="24" WC="0.93" CONTENT="nur"/><SP WIDTH="18" VPOS="1967" HPOS="1929"/>
						<String ID="string_707" HPOS="1947" VPOS="1959" WIDTH="52" HEIGHT="33" WC="0.93" CONTENT="die"/><SP WIDTH="19" VPOS="1959" HPOS="1999"/>
						<String ID="string_708" HPOS="2018" VPOS="1957" WIDTH="314" HEIGHT="37" WC="0.67" CONTENT="Remontierungs—"/>
					</TextLine>
					<TextLine ID="line_109" HPOS="1229" VPOS="2001" WIDTH="1103" HEIGHT="50">
						<String ID="string_709" HPOS="1229" VPOS="2011" WIDTH="210" HEIGHT="40" WC="0.90" CONTENT="kommiſſion"/><SP WIDTH="20" VPOS="2011" HPOS="1439"/>
						<String ID="string_710" HPOS="1459" VPOS="2009" WIDTH="183" HEIGHT="40" WC="0.86" CONTENT="berechtigt,"/><SP WIDTH="19" VPOS="2009" HPOS="1642"/>
						<String ID="string_711" HPOS="1661" VPOS="2008" WIDTH="51" HEIGHT="32" WC="0.92" CONTENT="die"/><SP WIDTH="20" VPOS="2008" HPOS="1712"/>
						<String ID="string_712" HPOS="1732" VPOS="2007" WIDTH="62" HEIGHT="32" WC="0.93" CONTENT="den"/><SP WIDTH="18" VPOS="2007" HPOS="1794"/>
						<String ID="string_713" HPOS="1812" VPOS="2004" WIDTH="91" HEIGHT="38" WC="0.82" CONTENT="Kauf"/><SP WIDTH="20" VPOS="2004" HPOS="1903"/>
						<String ID="string_714" HPOS="1923" VPOS="2001" WIDTH="232" HEIGHT="43" WC="0.80" CONTENT="abgeſchloſſen"/><SP WIDTH="20" VPOS="2001" HPOS="2155"/>
						<String ID="string_715" HPOS="2175" VPOS="2001" WIDTH="65" HEIGHT="40" WC="0.91" CONTENT="hat,"/><SP WIDTH="19" VPOS="2001" HPOS="2240"/>
						<String ID="string_716" HPOS="2259" VPOS="2002" WIDTH="73" HEIGHT="35" WC="0.86" CONTENT="ſon—"/>
					</TextLine>
					<TextLine ID="line_110" HPOS="1227" VPOS="2046" WIDTH="1105" HEIGHT="49">
						<String ID="string_717" HPOS="1227" VPOS="2059" WIDTH="85" HEIGHT="32" WC="0.93" CONTENT="dern"/><SP WIDTH="28" VPOS="2059" HPOS="1312"/>
						<String ID="string_718" HPOS="1340" VPOS="2056" WIDTH="76" HEIGHT="39" WC="0.92" CONTENT="auch"/><SP WIDTH="25" VPOS="2056" HPOS="1416"/>
						<String ID="string_719" HPOS="1441" VPOS="2056" WIDTH="63" HEIGHT="33" WC="0.93" CONTENT="das"/><SP WIDTH="27" VPOS="2056" HPOS="1504"/>
						<String ID="string_720" HPOS="1531" VPOS="2053" WIDTH="241" HEIGHT="35" WC="0.91" CONTENT="Remonteamt"/><SP WIDTH="25" VPOS="2053" HPOS="1772"/>
						<String ID="string_721" HPOS="1797" VPOS="2050" WIDTH="79" HEIGHT="33" WC="0.90" CONTENT="oder"/><SP WIDTH="25" VPOS="2050" HPOS="1876"/>
						<String ID="string_722" HPOS="1901" VPOS="2049" WIDTH="57" HEIGHT="33" WC="0.91" CONTENT="der"/><SP WIDTH="26" VPOS="2049" HPOS="1958"/>
						<String ID="string_723" HPOS="1984" VPOS="2046" WIDTH="229" HEIGHT="39" WC="0.88" CONTENT="Truppenteil"/><SP WIDTH="29" VPOS="2046" HPOS="2213"/>
						<String ID="string_724" HPOS="2242" VPOS="2047" WIDTH="90" HEIGHT="37" WC="0.68" CONTENT="uſw.,"/>
					</TextLine>
					<TextLine ID="line_111" HPOS="1228" VPOS="2092" WIDTH="832" HEIGHT="49">
						<String ID="string_725" HPOS="1228" VPOS="2103" WIDTH="52" HEIGHT="33" WC="0.92" CONTENT="bei"/><SP WIDTH="20" VPOS="2103" HPOS="1280"/>
						<String ID="string_726" HPOS="1300" VPOS="2101" WIDTH="73" HEIGHT="34" WC="0.93" CONTENT="dem"/><SP WIDTH="20" VPOS="2101" HPOS="1373"/>
						<String ID="string_727" HPOS="1393" VPOS="2101" WIDTH="54" HEIGHT="40" WC="0.92" CONTENT="ſich"/><SP WIDTH="19" VPOS="2101" HPOS="1447"/>
						<String ID="string_728" HPOS="1466" VPOS="2101" WIDTH="63" HEIGHT="32" WC="0.92" CONTENT="das"/><SP WIDTH="19" VPOS="2101" HPOS="1529"/>
						<String ID="string_729" HPOS="1548" VPOS="2097" WIDTH="212" HEIGHT="40" WC="0.85" CONTENT="bemängelte"/><SP WIDTH="20" VPOS="2097" HPOS="1760"/>
						<String ID="string_730" HPOS="1780" VPOS="2095" WIDTH="103" HEIGHT="40" WC="0.89" CONTENT="Pferd"/><SP WIDTH="21" VPOS="2095" HPOS="1883"/>
						<String ID="string_731" HPOS="1904" VPOS="2092" WIDTH="156" HEIGHT="41" WC="0.52" CONTENT="befindet."/>
					</TextLine>
					<TextLine ID="line_112" HPOS="1307" VPOS="2134" WIDTH="1025" HEIGHT="49">
						<String ID="string_732" HPOS="1307" VPOS="2149" WIDTH="27" HEIGHT="31" WC="0.91" CONTENT="5."/><SP WIDTH="42" VPOS="2149" HPOS="1334"/>
						<String ID="string_733" HPOS="1376" VPOS="2145" WIDTH="202" HEIGHT="38" WC="0.88" CONTENT="Verkäufer,"/><SP WIDTH="24" VPOS="2145" HPOS="1578"/>
						<String ID="string_734" HPOS="1602" VPOS="2144" WIDTH="52" HEIGHT="33" WC="0.92" CONTENT="die"/><SP WIDTH="23" VPOS="2144" HPOS="1654"/>
						<String ID="string_735" HPOS="1677" VPOS="2142" WIDTH="124" HEIGHT="39" WC="0.87" CONTENT="Pferde"/><SP WIDTH="23" VPOS="2142" HPOS="1801"/>
						<String ID="string_736" HPOS="1824" VPOS="2138" WIDTH="198" HEIGHT="40" WC="0.92" CONTENT="vorführen,"/><SP WIDTH="24" VPOS="2138" HPOS="2022"/>
						<String ID="string_737" HPOS="2046" VPOS="2137" WIDTH="51" HEIGHT="33" WC="0.92" CONTENT="die"/><SP WIDTH="23" VPOS="2137" HPOS="2097"/>
						<String ID="string_738" HPOS="2120" VPOS="2136" WIDTH="104" HEIGHT="41" WC="0.90" CONTENT="ihnen"/><SP WIDTH="24" VPOS="2136" HPOS="2224"/>
						<String ID="string_739" HPOS="2248" VPOS="2134" WIDTH="84" HEIGHT="39" WC="0.76" CONTENT="nicht"/>
					</TextLine>
					<TextLine ID="line_113" HPOS="1229" VPOS="2180" WIDTH="1102" HEIGHT="53">
						<String ID="string_740" HPOS="1229" VPOS="2191" WIDTH="234" HEIGHT="42" WC="0.92" CONTENT="eigentümlich"/><SP WIDTH="39" VPOS="2191" HPOS="1463"/>
						<String ID="string_741" HPOS="1502" VPOS="2189" WIDTH="157" HEIGHT="41" WC="0.93" CONTENT="gehören,"/><SP WIDTH="40" VPOS="2189" HPOS="1659"/>
						<String ID="string_742" HPOS="1699" VPOS="2186" WIDTH="128" HEIGHT="38" WC="0.91" CONTENT="müſſen"/><SP WIDTH="41" VPOS="2186" HPOS="1827"/>
						<String ID="string_743" HPOS="1868" VPOS="2183" WIDTH="53" HEIGHT="41" WC="0.93" CONTENT="ſich"/><SP WIDTH="40" VPOS="2183" HPOS="1921"/>
						<String ID="string_744" HPOS="1961" VPOS="2181" WIDTH="136" HEIGHT="42" WC="0.86" CONTENT="gehörig"/><SP WIDTH="41" VPOS="2181" HPOS="2097"/>
						<String ID="string_745" HPOS="2138" VPOS="2180" WIDTH="193" HEIGHT="38" WC="0.90" CONTENT="ausweiſen"/>
					</TextLine>
					<TextLine ID="line_114" HPOS="1229" VPOS="2239" WIDTH="143" HEIGHT="32">
						<String ID="string_746" HPOS="1229" VPOS="2239" WIDTH="143" HEIGHT="32" WC="0.89" CONTENT="können."/>
					</TextLine>
					<TextLine ID="line_115" HPOS="1306" VPOS="2269" WIDTH="1027" HEIGHT="49">
						<String ID="string_747" HPOS="1306" VPOS="2283" WIDTH="28" HEIGHT="32" WC="0.55" CONTENT="6."/><SP WIDTH="41" VPOS="2283" HPOS="1334"/>
						<String ID="string_748" HPOS="1375" VPOS="2282" WIDTH="72" HEIGHT="33" WC="0.79" CONTENT="Der"/><SP WIDTH="23" VPOS="2282" HPOS="1447"/>
						<String ID="string_749" HPOS="1470" VPOS="2279" WIDTH="191" HEIGHT="39" WC="0.91" CONTENT="Verkäufer"/><SP WIDTH="22" VPOS="2279" HPOS="1661"/>
						<String ID="string_750" HPOS="1683" VPOS="2276" WIDTH="57" HEIGHT="39" WC="0.92" CONTENT="hat"/><SP WIDTH="21" VPOS="2276" HPOS="1740"/>
						<String ID="string_751" HPOS="1761" VPOS="2276" WIDTH="106" HEIGHT="39" WC="0.92" CONTENT="jedem"/><SP WIDTH="25" VPOS="2276" HPOS="1867"/>
						<String ID="string_752" HPOS="1892" VPOS="2272" WIDTH="198" HEIGHT="38" WC="0.90" CONTENT="verkauften"/><SP WIDTH="21" VPOS="2272" HPOS="2090"/>
						<String ID="string_753" HPOS="2111" VPOS="2269" WIDTH="126" HEIGHT="41" WC="0.90" CONTENT="Pferde"/><SP WIDTH="21" VPOS="2269" HPOS="2237"/>
						<String ID="string_754" HPOS="2258" VPOS="2269" WIDTH="75" HEIGHT="32" WC="0.92" CONTENT="eine"/>
					</TextLine>
					<TextLine ID="line_116" HPOS="1228" VPOS="2313" WIDTH="1106" HEIGHT="51">
						<String ID="string_755" HPOS="1228" VPOS="2329" WIDTH="137" HEIGHT="33" WC="0.89" CONTENT="lederne"/><SP WIDTH="22" VPOS="2329" HPOS="1365"/>
						<String ID="string_756" HPOS="1387" VPOS="2325" WIDTH="126" HEIGHT="37" WC="0.89" CONTENT="Trenſe"/><SP WIDTH="22" VPOS="2325" HPOS="1513"/>
						<String ID="string_757" HPOS="1535" VPOS="2325" WIDTH="64" HEIGHT="32" WC="0.92" CONTENT="mit"/><SP WIDTH="19" VPOS="2325" HPOS="1599"/>
						<String ID="string_758" HPOS="1618" VPOS="2323" WIDTH="152" HEIGHT="41" WC="0.78" CONTENT="glattem,"/><SP WIDTH="20" VPOS="2323" HPOS="1770"/>
						<String ID="string_759" HPOS="1790" VPOS="2319" WIDTH="149" HEIGHT="40" WC="0.92" CONTENT="ſtarkem,"/><SP WIDTH="19" VPOS="2319" HPOS="1939"/>
						<String ID="string_760" HPOS="1958" VPOS="2316" WIDTH="123" HEIGHT="40" WC="0.92" CONTENT="einfach"/><SP WIDTH="21" VPOS="2316" HPOS="2081"/>
						<String ID="string_761" HPOS="2102" VPOS="2313" WIDTH="232" HEIGHT="43" WC="0.86" CONTENT="gebrochenem"/>
					</TextLine>
					<TextLine ID="line_117" HPOS="1229" VPOS="2358" WIDTH="1104" HEIGHT="53">
						<String ID="string_762" HPOS="1229" VPOS="2374" WIDTH="109" HEIGHT="37" WC="0.92" CONTENT="Gebiß"/><SP WIDTH="34" VPOS="2374" HPOS="1338"/>
						<String ID="string_763" HPOS="1372" VPOS="2372" WIDTH="106" HEIGHT="39" WC="0.92" CONTENT="(keine"/><SP WIDTH="30" VPOS="2372" HPOS="1478"/>
						<String ID="string_764" HPOS="1508" VPOS="2367" WIDTH="257" HEIGHT="38" WC="0.87" CONTENT="Knebeltrenſe;"/><SP WIDTH="35" VPOS="2367" HPOS="1765"/>
						<String ID="string_765" HPOS="1800" VPOS="2364" WIDTH="69" HEIGHT="33" WC="0.90" CONTENT="und"/><SP WIDTH="31" VPOS="2364" HPOS="1869"/>
						<String ID="string_766" HPOS="1900" VPOS="2364" WIDTH="74" HEIGHT="32" WC="0.93" CONTENT="eine"/><SP WIDTH="31" VPOS="2364" HPOS="1974"/>
						<String ID="string_767" HPOS="2005" VPOS="2360" WIDTH="196" HEIGHT="39" WC="0.89" CONTENT="dauerhafte"/><SP WIDTH="29" VPOS="2360" HPOS="2201"/>
						<String ID="string_768" HPOS="2230" VPOS="2358" WIDTH="103" HEIGHT="39" WC="0.84" CONTENT="Kopf⸗"/>
					</TextLine>
					<TextLine ID="line_118" HPOS="1229" VPOS="2403" WIDTH="1104" HEIGHT="56">
						<String ID="string_769" HPOS="1229" VPOS="2419" WIDTH="124" HEIGHT="40" WC="0.92" CONTENT="halfter"/><SP WIDTH="19" VPOS="2419" HPOS="1353"/>
						<String ID="string_770" HPOS="1372" VPOS="2418" WIDTH="63" HEIGHT="32" WC="0.93" CONTENT="mit"/><SP WIDTH="18" VPOS="2418" HPOS="1435"/>
						<String ID="string_771" HPOS="1453" VPOS="2416" WIDTH="83" HEIGHT="39" WC="0.92" CONTENT="zwei"/><SP WIDTH="19" VPOS="2416" HPOS="1536"/>
						<String ID="string_772" HPOS="1555" VPOS="2412" WIDTH="244" HEIGHT="40" WC="0.85" CONTENT="mindeſtens?"/><SP WIDTH="19" VPOS="2412" HPOS="1799"/>
						<String ID="string_773" HPOS="1818" VPOS="2408" WIDTH="114" HEIGHT="34" WC="0.92" CONTENT="Meter"/><SP WIDTH="19" VPOS="2408" HPOS="1932"/>
						<String ID="string_774" HPOS="1951" VPOS="2408" WIDTH="127" HEIGHT="38" WC="0.92" CONTENT="langen"/><SP WIDTH="19" VPOS="2408" HPOS="2078"/>
						<String ID="string_775" HPOS="2097" VPOS="2403" WIDTH="151" HEIGHT="35" WC="0.92" CONTENT="Stricken"/><SP WIDTH="22" VPOS="2403" HPOS="2248"/>
						<String ID="string_776" HPOS="2270" VPOS="2411" WIDTH="63" HEIGHT="23" WC="0.86" CONTENT="un—"/>
					</TextLine>
					<TextLine ID="line_119" HPOS="1228" VPOS="2459" WIDTH="435" HEIGHT="45">
						<String ID="string_777" HPOS="1228" VPOS="2462" WIDTH="189" HEIGHT="42" WC="0.92" CONTENT="entgeltlich"/><SP WIDTH="21" VPOS="2462" HPOS="1417"/>
						<String ID="string_778" HPOS="1438" VPOS="2459" WIDTH="225" HEIGHT="41" WC="0.92" CONTENT="mitzugeben."/>
					</TextLine>
					<TextLine ID="line_120" HPOS="1294" VPOS="2492" WIDTH="1040" HEIGHT="49">
						<String ID="string_779" HPOS="1294" VPOS="2502" WIDTH="40" HEIGHT="39" WC="0.0" CONTENT="57"/><SP WIDTH="41" VPOS="2502" HPOS="1334"/>
						<String ID="string_780" HPOS="1375" VPOS="2508" WIDTH="72" HEIGHT="32" WC="0.46" CONTENT="Der"/><SP WIDTH="20" VPOS="2508" HPOS="1447"/>
						<String ID="string_781" HPOS="1467" VPOS="2504" WIDTH="192" HEIGHT="37" WC="0.64" CONTENT="Verkäufer"/><SP WIDTH="24" VPOS="2504" HPOS="1659"/>
						<String ID="string_782" HPOS="1683" VPOS="2503" WIDTH="38" HEIGHT="37" WC="0.91" CONTENT="iſt"/><SP WIDTH="21" VPOS="2503" HPOS="1721"/>
						<String ID="string_783" HPOS="1742" VPOS="2497" WIDTH="212" HEIGHT="42" WC="0.92" CONTENT="verpflichtet,"/><SP WIDTH="21" VPOS="2497" HPOS="1954"/>
						<String ID="string_784" HPOS="1975" VPOS="2496" WIDTH="53" HEIGHT="33" WC="0.92" CONTENT="bei"/><SP WIDTH="23" VPOS="2496" HPOS="2028"/>
						<String ID="string_785" HPOS="2051" VPOS="2495" WIDTH="55" HEIGHT="32" WC="0.92" CONTENT="der"/><SP WIDTH="22" VPOS="2495" HPOS="2106"/>
						<String ID="string_786" HPOS="2128" VPOS="2492" WIDTH="206" HEIGHT="39" WC="0.83" CONTENT="Verladung"/>
					</TextLine>
					<TextLine ID="line_121" HPOS="1228" VPOS="2537" WIDTH="1105" HEIGHT="59">
						<String ID="string_787" HPOS="1228" VPOS="2555" WIDTH="57" HEIGHT="33" WC="0.93" CONTENT="der"/><SP WIDTH="22" VPOS="2555" HPOS="1285"/>
						<String ID="string_788" HPOS="1307" VPOS="2553" WIDTH="197" HEIGHT="43" WC="0.92" CONTENT="verkauften"/><SP WIDTH="20" VPOS="2553" HPOS="1504"/>
						<String ID="string_789" HPOS="1524" VPOS="2549" WIDTH="124" HEIGHT="40" WC="0.91" CONTENT="Pferde"/><SP WIDTH="21" VPOS="2549" HPOS="1648"/>
						<String ID="string_790" HPOS="1669" VPOS="2548" WIDTH="57" HEIGHT="32" WC="0.93" CONTENT="der"/><SP WIDTH="22" VPOS="2548" HPOS="1726"/>
						<String ID="string_791" HPOS="1748" VPOS="2537" WIDTH="510" HEIGHT="43" WC="0.86" CONTENT="Remontierungskommiſſion"/><SP WIDTH="22" VPOS="2537" HPOS="2258"/>
						<String ID="string_792" HPOS="2280" VPOS="2537" WIDTH="53" HEIGHT="31" WC="0.91" CONTENT="be⸗"/>
					</TextLine>
				</TextBlock>
				<TextBlock ID="block_6" HPOS="1225" VPOS="2596" WIDTH="1107" HEIGHT="494">
					<TextLine ID="line_122" HPOS="1228" VPOS="2596" WIDTH="1054" HEIGHT="44">
						<String ID="string_793" HPOS="1228" VPOS="2596" WIDTH="124" HEIGHT="44" WC="0.91" CONTENT="hilflich"/><SP WIDTH="20" VPOS="2596" HPOS="1352"/>
						<String ID="string_794" HPOS="1372" VPOS="2606" WIDTH="41" HEIGHT="30" WC="0.93" CONTENT="zu"/><SP WIDTH="19" VPOS="2606" HPOS="1413"/>
						<String ID="string_795" HPOS="1432" VPOS="2598" WIDTH="80" HEIGHT="37" WC="0.92" CONTENT="ſein."/>
					</TextLine>
					<TextLine ID="line_123" HPOS="1305" VPOS="2625" WIDTH="1026" HEIGHT="58">
						<String ID="string_796" HPOS="1305" VPOS="2645" WIDTH="30" HEIGHT="31" WC="0.86" CONTENT="8."/><SP WIDTH="37" VPOS="2645" HPOS="1335"/>
						<String ID="string_797" HPOS="1372" VPOS="2643" WIDTH="73" HEIGHT="40" WC="0.92" CONTENT="Zur"/><SP WIDTH="19" VPOS="2643" HPOS="1445"/>
						<String ID="string_798" HPOS="1464" VPOS="2639" WIDTH="220" HEIGHT="42" WC="0.91" CONTENT="Feſtſtellung"/><SP WIDTH="20" VPOS="2639" HPOS="1684"/>
						<String ID="string_799" HPOS="1704" VPOS="2637" WIDTH="57" HEIGHT="32" WC="0.92" CONTENT="der"/><SP WIDTH="20" VPOS="2637" HPOS="1761"/>
						<String ID="string_800" HPOS="1781" VPOS="2633" WIDTH="244" HEIGHT="38" WC="0.87" CONTENT="Abſtammung"/><SP WIDTH="19" VPOS="2633" HPOS="2025"/>
						<String ID="string_801" HPOS="2044" VPOS="2629" WIDTH="57" HEIGHT="33" WC="0.92" CONTENT="der"/><SP WIDTH="18" VPOS="2629" HPOS="2101"/>
						<String ID="string_802" HPOS="2119" VPOS="2627" WIDTH="124" HEIGHT="41" WC="0.92" CONTENT="Pferde"/><SP WIDTH="20" VPOS="2627" HPOS="2243"/>
						<String ID="string_803" HPOS="2263" VPOS="2625" WIDTH="68" HEIGHT="37" WC="0.92" CONTENT="ſind"/>
					</TextLine>
					<TextLine ID="line_124" HPOS="1226" VPOS="2675" WIDTH="994" HEIGHT="50">
						<String ID="string_804" HPOS="1226" VPOS="2691" WIDTH="53" HEIGHT="32" WC="0.92" CONTENT="die"/><SP WIDTH="21" VPOS="2691" HPOS="1279"/>
						<String ID="string_805" HPOS="1300" VPOS="2688" WIDTH="92" HEIGHT="34" WC="0.1" CONTENT="Deck"/><SP WIDTH="24" VPOS="2688" HPOS="1392"/>
						<String ID="string_806" HPOS="1416" VPOS="2687" WIDTH="67" HEIGHT="32" WC="0.86" CONTENT="und"/><SP WIDTH="22" VPOS="2687" HPOS="1483"/>
						<String ID="string_807" HPOS="1505" VPOS="2681" WIDTH="251" HEIGHT="44" WC="0.91" CONTENT="Füllenſcheine"/><SP WIDTH="21" VPOS="2681" HPOS="1756"/>
						<String ID="string_808" HPOS="1777" VPOS="2675" WIDTH="277" HEIGHT="41" WC="0.86" CONTENT="mitzubringen."/>
					</TextLine>
					<TextLine ID="line_125" HPOS="1306" VPOS="2712" WIDTH="1022" HEIGHT="63">
						<String ID="string_809" HPOS="1306" VPOS="2732" WIDTH="86" HEIGHT="40" WC="0.93" CONTENT="Auch"/><SP WIDTH="23" VPOS="2732" HPOS="1392"/>
						<String ID="string_810" HPOS="1415" VPOS="2730" WIDTH="133" HEIGHT="34" WC="0.90" CONTENT="werden"/><SP WIDTH="23" VPOS="2730" HPOS="1548"/>
						<String ID="string_811" HPOS="1571" VPOS="2729" WIDTH="52" HEIGHT="31" WC="0.92" CONTENT="die"/><SP WIDTH="20" VPOS="2729" HPOS="1623"/>
						<String ID="string_812" HPOS="1643" VPOS="2725" WIDTH="190" HEIGHT="37" WC="0.91" CONTENT="Verkäufer"/><SP WIDTH="22" VPOS="2725" HPOS="1833"/>
						<String ID="string_813" HPOS="1855" VPOS="2720" WIDTH="130" HEIGHT="40" WC="0.86" CONTENT="erſucht,"/><SP WIDTH="21" VPOS="2720" HPOS="1985"/>
						<String ID="string_814" HPOS="2006" VPOS="2719" WIDTH="51" HEIGHT="32" WC="0.92" CONTENT="die"/><SP WIDTH="22" VPOS="2719" HPOS="2057"/>
						<String ID="string_815" HPOS="2079" VPOS="2712" WIDTH="159" HEIGHT="63" WC="0.8" CONTENT="Schmeife"/><SP WIDTH="23" VPOS="2712" HPOS="2238"/>
						<String ID="string_816" HPOS="2261" VPOS="2714" WIDTH="67" HEIGHT="32" WC="0.90" CONTENT="und"/>
					</TextLine>
					<TextLine ID="line_126" HPOS="1225" VPOS="2759" WIDTH="1104" HEIGHT="60">
						<String ID="string_817" HPOS="1225" VPOS="2779" WIDTH="159" HEIGHT="40" WC="0.83" CONTENT="Mühnen"/><SP WIDTH="16" VPOS="2779" HPOS="1384"/>
						<String ID="string_818" HPOS="1400" VPOS="2778" WIDTH="58" HEIGHT="31" WC="0.92" CONTENT="der"/><SP WIDTH="16" VPOS="2778" HPOS="1458"/>
						<String ID="string_819" HPOS="1474" VPOS="2774" WIDTH="124" HEIGHT="41" WC="0.92" CONTENT="Pferde"/><SP WIDTH="18" VPOS="2774" HPOS="1598"/>
						<String ID="string_820" HPOS="1616" VPOS="2770" WIDTH="83" HEIGHT="40" WC="0.92" CONTENT="nicht"/><SP WIDTH="16" VPOS="2770" HPOS="1699"/>
						<String ID="string_821" HPOS="1715" VPOS="2778" WIDTH="42" HEIGHT="30" WC="0.93" CONTENT="zu"/><SP WIDTH="16" VPOS="2778" HPOS="1757"/>
						<String ID="string_822" HPOS="1773" VPOS="2764" WIDTH="205" HEIGHT="43" WC="0.92" CONTENT="beſchneiden"/><SP WIDTH="19" VPOS="2764" HPOS="1978"/>
						<String ID="string_823" HPOS="1997" VPOS="2763" WIDTH="69" HEIGHT="32" WC="0.92" CONTENT="und"/><SP WIDTH="19" VPOS="2763" HPOS="2066"/>
						<String ID="string_824" HPOS="2085" VPOS="2762" WIDTH="52" HEIGHT="32" WC="0.93" CONTENT="die"/><SP WIDTH="16" VPOS="2762" HPOS="2137"/>
						<String ID="string_825" HPOS="2153" VPOS="2759" WIDTH="176" HEIGHT="40" WC="0.40" CONTENT="Schwanz—"/>
					</TextLine>
					<TextLine ID="line_127" HPOS="1226" VPOS="2818" WIDTH="467" HEIGHT="43">
						<String ID="string_826" HPOS="1226" VPOS="2825" WIDTH="85" HEIGHT="33" WC="0.79" CONTENT="rübe"/><SP WIDTH="21" VPOS="2825" HPOS="1311"/>
						<String ID="string_827" HPOS="1332" VPOS="2822" WIDTH="84" HEIGHT="39" WC="0.91" CONTENT="nicht"/><SP WIDTH="19" VPOS="2822" HPOS="1416"/>
						<String ID="string_828" HPOS="1435" VPOS="2829" WIDTH="41" HEIGHT="31" WC="0.91" CONTENT="zu"/><SP WIDTH="20" VPOS="2829" HPOS="1476"/>
						<String ID="string_829" HPOS="1496" VPOS="2818" WIDTH="197" HEIGHT="38" WC="0.11" CONTENT="verkürzen⸗"/><SP WIDTH="583" VPOS="2818" HPOS="1693"/>
						<String ID="string_830" HPOS="2276" VPOS="2848" WIDTH="29" HEIGHT="5" WC="0.0" CONTENT="1"/>
					</TextLine>
					<TextLine ID="line_128" HPOS="1304" VPOS="2849" WIDTH="1028" HEIGHT="57">
						<String ID="string_831" HPOS="1304" VPOS="2870" WIDTH="29" HEIGHT="32" WC="0.36" CONTENT="9."/><SP WIDTH="40" VPOS="2870" HPOS="1333"/>
						<String ID="string_832" HPOS="1373" VPOS="2863" WIDTH="227" HEIGHT="43" WC="0.90" CONTENT="Vorſtehende"/><SP WIDTH="20" VPOS="2863" HPOS="1600"/>
						<String ID="string_833" HPOS="1620" VPOS="2856" WIDTH="400" HEIGHT="42" WC="0.90" CONTENT="Ankaufsbedingungen"/><SP WIDTH="20" VPOS="2856" HPOS="2020"/>
						<String ID="string_834" HPOS="2040" VPOS="2851" WIDTH="113" HEIGHT="41" WC="0.91" CONTENT="gelten"/><SP WIDTH="22" VPOS="2851" HPOS="2153"/>
						<String ID="string_835" HPOS="2175" VPOS="2849" WIDTH="77" HEIGHT="40" WC="0.90" CONTENT="auch"/><SP WIDTH="22" VPOS="2849" HPOS="2252"/>
						<String ID="string_836" HPOS="2274" VPOS="2855" WIDTH="58" HEIGHT="32" WC="0.89" CONTENT="für"/>
					</TextLine>
					<TextLine ID="line_129" HPOS="1225" VPOS="2907" WIDTH="458" HEIGHT="48">
						<String ID="string_837" HPOS="1225" VPOS="2916" WIDTH="85" HEIGHT="39" WC="0.35" CONTENT="nict"/><SP WIDTH="20" VPOS="2916" HPOS="1310"/>
						<String ID="string_838" HPOS="1330" VPOS="2908" WIDTH="186" HEIGHT="44" WC="0.92" CONTENT="öffentliche"/><SP WIDTH="19" VPOS="2908" HPOS="1516"/>
						<String ID="string_839" HPOS="1535" VPOS="2907" WIDTH="148" HEIGHT="34" WC="0.73" CONTENT="Markte."/>
					</TextLine>
					<TextLine ID="line_130" HPOS="1304" VPOS="2948" WIDTH="526" HEIGHT="46">
						<String ID="string_840" HPOS="1304" VPOS="2957" WIDTH="137" HEIGHT="37" WC="0.92" CONTENT="Berlin,"/><SP WIDTH="23" VPOS="2957" HPOS="1441"/>
						<String ID="string_841" HPOS="1464" VPOS="2956" WIDTH="61" HEIGHT="33" WC="0.92" CONTENT="den"/><SP WIDTH="25" VPOS="2956" HPOS="1525"/>
						<String ID="string_842" HPOS="1550" VPOS="2953" WIDTH="47" HEIGHT="32" WC="0.92" CONTENT="18."/><SP WIDTH="21" VPOS="2953" HPOS="1597"/>
						<String ID="string_843" HPOS="1618" VPOS="2950" WIDTH="104" HEIGHT="37" WC="0.91" CONTENT="März"/><SP WIDTH="22" VPOS="2950" HPOS="1722"/>
						<String ID="string_844" HPOS="1744" VPOS="2948" WIDTH="86" HEIGHT="31" WC="0.33" CONTENT="1980."/>
					</TextLine>
					<TextLine ID="line_131" HPOS="1548" VPOS="2997" WIDTH="459" HEIGHT="46">
						<String ID="string_845" HPOS="1548" VPOS="2997" WIDTH="459" HEIGHT="46" WC="0.69" CONTENT="Reichswehrminiſterium."/>
					</TextLine>
					<TextLine ID="line_132" HPOS="1524" VPOS="3042" WIDTH="504" HEIGHT="48">
						<String ID="string_846" HPOS="1524" VPOS="3048" WIDTH="208" HEIGHT="42" WC="0.89" CONTENT="Jnſpektion"/><SP WIDTH="17" VPOS="3048" HPOS="1732"/>
						<String ID="string_847" HPOS="1749" VPOS="3046" WIDTH="57" HEIGHT="32" WC="0.92" CONTENT="der"/><SP WIDTH="18" VPOS="3046" HPOS="1806"/>
						<String ID="string_848" HPOS="1824" VPOS="3042" WIDTH="204" HEIGHT="35" WC="0.91" CONTENT="Kavallerie."/>
					</TextLine>
				</TextBlock>
				<TextBlock ID="block_7" HPOS="1514" VPOS="3155" WIDTH="518" HEIGHT="60">
					<TextLine ID="line_133" HPOS="1514" VPOS="3155" WIDTH="518" HEIGHT="60">
						<String ID="string_849" HPOS="1514" VPOS="3159" WIDTH="374" HEIGHT="56" WC="0.89" CONTENT="Nichtamtlicher"/><SP WIDTH="27" VPOS="3159" HPOS="1888"/>
						<String ID="string_850" HPOS="1915" VPOS="3155" WIDTH="117" HEIGHT="44" WC="0.49" CONTENT="Zeil."/>
					</TextLine>
				</TextBlock>
				<TextBlock ID="block_8" HPOS="1368" VPOS="3246" WIDTH="800" HEIGHT="101">
					<TextLine ID="line_134" HPOS="1369" VPOS="3246" WIDTH="799" HEIGHT="72">
						<String ID="string_851" HPOS="1369" VPOS="3255" WIDTH="131" HEIGHT="63" WC="0.79" CONTENT="Rote"/><SP WIDTH="13" VPOS="3255" HPOS="1500"/>
						<String ID="string_852" HPOS="1513" VPOS="3247" WIDTH="178" HEIGHT="66" WC="0.0" CONTENT="Fanie"/><SP WIDTH="19" VPOS="3247" HPOS="1691"/>
						<String ID="string_853" HPOS="1710" VPOS="3257" WIDTH="54" HEIGHT="26" WC="0.91" CONTENT="oder"/><SP WIDTH="15" VPOS="3257" HPOS="1764"/>
						<String ID="string_854" HPOS="1779" VPOS="3252" WIDTH="116" HEIGHT="29" WC="0.89" CONTENT="brennend"/><SP WIDTH="15" VPOS="3252" HPOS="1895"/>
						<String ID="string_855" HPOS="1910" VPOS="3252" WIDTH="62" HEIGHT="25" WC="0.90" CONTENT="rotes"/><SP WIDTH="14" VPOS="3252" HPOS="1972"/>
						<String ID="string_856" HPOS="1986" VPOS="3248" WIDTH="82" HEIGHT="31" WC="0.33" CONTENT="Geſcht,"/><SP WIDTH="16" VPOS="3248" HPOS="2068"/>
						<String ID="string_857" HPOS="2084" VPOS="3246" WIDTH="84" HEIGHT="26" WC="0.29" CONTENT="wirlen"/>
					</TextLine>
					<TextLine ID="line_135" HPOS="1368" VPOS="3319" WIDTH="326" HEIGHT="28">
						<String ID="string_858" HPOS="1342" VPOS="3310" WIDTH="94" HEIGHT="43" WC="0.79" CONTENT="—"/><SP WIDTH="57" VPOS="3310" HPOS="1436"/>
						<String ID="string_859" HPOS="1493" VPOS="3310" WIDTH="29" HEIGHT="43" WC="0.21" CONTENT="—"/><SP WIDTH="-154" VPOS="3310" HPOS="1522"/>
						<String ID="string_860" HPOS="1368" VPOS="3319" WIDTH="326" HEIGHT="28" WC="0.59" CONTENT=" —"/>
					</TextLine>
				</TextBlock>
				<TextBlock ID="block_9" HPOS="1367" VPOS="3278" WIDTH="801" HEIGHT="200">
					<TextLine ID="line_136" HPOS="1710" VPOS="3278" WIDTH="458" HEIGHT="39">
						<String ID="string_861" HPOS="1710" VPOS="3287" WIDTH="87" HEIGHT="30" WC="0.5" CONTENT="Mein."/><SP WIDTH="24" VPOS="3287" HPOS="1797"/>
						<String ID="string_862" HPOS="1821" VPOS="3284" WIDTH="46" HEIGHT="26" WC="0.55" CONTENT="En"/><SP WIDTH="19" VPOS="3284" HPOS="1867"/>
						<String ID="string_863" HPOS="1886" VPOS="3281" WIDTH="125" HEIGHT="30" WC="0.0" CONTENT="Hirllames"/><SP WIDTH="12" VPOS="3281" HPOS="2011"/>
						<String ID="string_864" HPOS="2023" VPOS="3278" WIDTH="84" HEIGHT="37" WC="0.0" CONTENT="Mit⸗."/><SP WIDTH="14" VPOS="3278" HPOS="2107"/>
						<String ID="string_865" HPOS="2121" VPOS="3278" WIDTH="22" HEIGHT="25" WC="0.13" CONTENT="d"/>
					</TextLine>
					<TextLine ID="line_137" HPOS="1710" VPOS="3305" WIDTH="457" HEIGHT="48">
						<String ID="string_866" HPOS="1710" VPOS="3325" WIDTH="72" HEIGHT="25" WC="0.67" CONTENT="gegen"/><SP WIDTH="10" VPOS="3325" HPOS="1782"/>
						<String ID="string_867" HPOS="1792" VPOS="3317" WIDTH="24" HEIGHT="31" WC="0.82" CONTENT="iſt"/><SP WIDTH="10" VPOS="3317" HPOS="1816"/>
						<String ID="string_868" HPOS="1826" VPOS="3316" WIDTH="35" HEIGHT="25" WC="0.93" CONTENT="die"/><SP WIDTH="8" VPOS="3316" HPOS="1861"/>
						<String ID="string_869" HPOS="1869" VPOS="3313" WIDTH="112" HEIGHT="31" WC="0.38" CONTENT="lühlende."/><SP WIDTH="2" VPOS="3313" HPOS="1981"/>
						<String ID="string_870" HPOS="1983" VPOS="3305" WIDTH="138" HEIGHT="48" WC="0.58" CONTENT="reizmilder"/><SP WIDTH="2" VPOS="3305" HPOS="2121"/>
						<String ID="string_871" HPOS="2123" VPOS="3309" WIDTH="44" HEIGHT="25" WC="0.58" CONTENT="nde"/>
					</TextLine>
					<TextLine ID="line_138" HPOS="1368" VPOS="3340" WIDTH="800" HEIGHT="47">
						<String ID="string_872" HPOS="1368" VPOS="3358" WIDTH="48" HEIGHT="26" WC="0.89" CONTENT="und"/><SP WIDTH="27" VPOS="3358" HPOS="1416"/>
						<String ID="string_873" HPOS="1443" VPOS="3355" WIDTH="176" HEIGHT="32" WC="0.44" CONTENT="ſchneelg⸗weize"/><SP WIDTH="23" VPOS="3355" HPOS="1619"/>
						<String ID="string_874" HPOS="1642" VPOS="3353" WIDTH="117" HEIGHT="24" WC="0.28" CONTENT="Cremg"/><SP WIDTH="17" VPOS="3353" HPOS="1759"/>
						<String ID="string_875" HPOS="1776" VPOS="3349" WIDTH="69" HEIGHT="36" WC="0.58" CONTENT="—"/><SP WIDTH="5" VPOS="3349" HPOS="1845"/>
						<String ID="string_876" HPOS="1850" VPOS="3347" WIDTH="70" HEIGHT="35" WC="0.70" CONTENT="—"/><SP WIDTH="21" VPOS="3347" HPOS="1920"/>
						<String ID="string_877" HPOS="1941" VPOS="3342" WIDTH="54" HEIGHT="31" WC="0.57" CONTENT="auch"/><SP WIDTH="21" VPOS="3342" HPOS="1995"/>
						<String ID="string_878" HPOS="2016" VPOS="3347" WIDTH="38" HEIGHT="20" WC="0.0" CONTENT="ais"/><SP WIDTH="21" VPOS="3347" HPOS="2054"/>
						<String ID="string_879" HPOS="2075" VPOS="3340" WIDTH="93" HEIGHT="31" WC="0.71" CONTENT="herrlich"/>
					</TextLine>
					<TextLine ID="line_139" HPOS="1368" VPOS="3367" WIDTH="799" HEIGHT="52">
						<String ID="string_880" HPOS="1368" VPOS="3389" WIDTH="106" HEIGHT="29" WC="0.80" CONTENT="duͤftende"/><SP WIDTH="9" VPOS="3389" HPOS="1474"/>
						<String ID="string_881" HPOS="1483" VPOS="3385" WIDTH="199" HEIGHT="33" WC="0.71" CONTENT="Buderunterlage"/><SP WIDTH="16" VPOS="3385" HPOS="1682"/>
						<String ID="string_882" HPOS="1698" VPOS="3375" WIDTH="123" HEIGHT="40" WC="0.15" CONTENT="vorzüglich"/><SP WIDTH="-2" VPOS="3375" HPOS="1821"/>
						<String ID="string_883" HPOS="1819" VPOS="3371" WIDTH="116" HEIGHT="48" WC="0.78" CONTENT="geeignen"/><SP WIDTH="20" VPOS="3371" HPOS="1935"/>
						<String ID="string_884" HPOS="1955" VPOS="3367" WIDTH="212" HEIGHT="39" WC="0.87" CONTENT="Ueberraſchender"/>
					</TextLine>
					<TextLine ID="line_140" HPOS="1367" VPOS="3402" WIDTH="800" HEIGHT="48">
						<String ID="string_885" HPOS="1367" VPOS="3421" WIDTH="85" HEIGHT="29" WC="0.4" CONTENT="Ecfoig."/><SP WIDTH="18" VPOS="3421" HPOS="1452"/>
						<String ID="string_886" HPOS="1470" VPOS="3418" WIDTH="68" HEIGHT="26" WC="0.27" CONTENT="Tube"/><SP WIDTH="36" VPOS="3418" HPOS="1538"/>
						<String ID="string_887" HPOS="1574" VPOS="3416" WIDTH="55" HEIGHT="29" WC="0.27" CONTENT=" Mi."/><SP WIDTH="11" VPOS="3416" HPOS="1629"/>
						<String ID="string_888" HPOS="1640" VPOS="3413" WIDTH="99" HEIGHT="28" WC="0.0" CONTENT="Sirlſem"/><SP WIDTH="10" VPOS="3413" HPOS="1739"/>
						<String ID="string_889" HPOS="1749" VPOS="3409" WIDTH="123" HEIGHT="30" WC="0.0" CONTENT="Dierngt"/><SP WIDTH="10" VPOS="3409" HPOS="1872"/>
						<String ID="string_890" HPOS="1882" VPOS="3407" WIDTH="63" HEIGHT="30" WC="0.80" CONTENT="durch"/><SP WIDTH="10" VPOS="3407" HPOS="1945"/>
						<String ID="string_891" HPOS="1955" VPOS="3402" WIDTH="212" HEIGHT="29" WC="0.0" CONTENT="Leodor⸗Edelieffe."/>
					</TextLine>
					<TextLine ID="line_141" HPOS="1367" VPOS="3429" WIDTH="798" HEIGHT="49">
						<String ID="string_892" HPOS="1367" VPOS="3451" WIDTH="117" HEIGHT="25" WC="0.1" CONTENT="Stück60"/><SP WIDTH="16" VPOS="3451" HPOS="1484"/>
						<String ID="string_893" HPOS="1500" VPOS="3448" WIDTH="40" HEIGHT="30" WC="0.88" CONTENT="Pf."/><SP WIDTH="21" VPOS="3448" HPOS="1540"/>
						<String ID="string_894" HPOS="1561" VPOS="3447" WIDTH="37" HEIGHT="26" WC="0.92" CONTENT="Jn"/><SP WIDTH="19" VPOS="3447" HPOS="1598"/>
						<String ID="string_895" HPOS="1617" VPOS="3447" WIDTH="60" HEIGHT="24" WC="0.91" CONTENT="allen"/><SP WIDTH="10" VPOS="3447" HPOS="1677"/>
						<String ID="string_896" HPOS="1687" VPOS="3438" WIDTH="339" HEIGHT="35" WC="0.37" CONTENT="Giorodont⸗Verkaufsſtellen"/><SP WIDTH="16" VPOS="3438" HPOS="2026"/>
						<String ID="string_897" HPOS="2042" VPOS="3440" WIDTH="28" HEIGHT="24" WC="0.93" CONTENT="zu"/><SP WIDTH="15" VPOS="3440" HPOS="2070"/>
						<String ID="string_898" HPOS="2085" VPOS="3429" WIDTH="80" HEIGHT="40" WC="0.86" CONTENT="haben."/>
					</TextLine>
				</TextBlock>
				<TextBlock ID="block_10" HPOS="1231" VPOS="1114" WIDTH="58" HEIGHT="70">
					<TextLine ID="line_142" HPOS="1231" VPOS="1114" WIDTH="58" HEIGHT="24">
						<String ID="string_899" HPOS="1231" VPOS="1114" WIDTH="58" HEIGHT="24" WC="0.0" CONTENT="in"/>
					</TextLine>
					<TextLine ID="line_143" HPOS="1231" VPOS="1160" WIDTH="56" HEIGHT="24">
						<String ID="string_900" HPOS="1231" VPOS="1160" WIDTH="56" HEIGHT="24" WC="0.5" CONTENT="Am"/>
					</TextLine>
				</TextBlock>
				<TextBlock ID="block_11" HPOS="1231" VPOS="1251" WIDTH="56" HEIGHT="69">
					<TextLine ID="line_144" HPOS="1231" VPOS="1251" WIDTH="55" HEIGHT="23">
						<String ID="string_901" HPOS="1231" VPOS="1251" WIDTH="55" HEIGHT="23" WC="0.82" CONTENT="am"/>
					</TextLine>
					<TextLine ID="line_145" HPOS="1231" VPOS="1297" WIDTH="56" HEIGHT="23">
						<String ID="string_902" HPOS="1231" VPOS="1297" WIDTH="56" HEIGHT="23" WC="0.0" CONTENT="m"/>
					</TextLine>
				</TextBlock>
				<TextBlock ID="block_12" HPOS="1279" VPOS="1304" WIDTH="8" HEIGHT="16">
					<TextLine ID="line_146" HPOS="1279" VPOS="1304" WIDTH="8" HEIGHT="16">
						<String ID="string_903" HPOS="1279" VPOS="1304" WIDTH="8" HEIGHT="16" WC="0.7" CONTENT="S"/>
					</TextLine>
				</TextBlock>
				<TextBlock ID="block_13" HPOS="1518" VPOS="3102" WIDTH="745" HEIGHT="27">
					<TextLine ID="line_147" HPOS="1518" VPOS="3102" WIDTH="745" HEIGHT="27">
						<String ID="string_904" HPOS="1518" VPOS="3102" WIDTH="745" HEIGHT="27" WC="0.95" CONTENT=" "/>
					</TextLine>
				</TextBlock>
				<TextBlock ID="block_14" HPOS="1223" VPOS="3124" WIDTH="313" HEIGHT="16">
					<TextLine ID="line_148" HPOS="1223" VPOS="3124" WIDTH="313" HEIGHT="16">
						<String ID="string_905" HPOS="1223" VPOS="3124" WIDTH="313" HEIGHT="16" WC="0.95" CONTENT=" "/>
					</TextLine>
				</TextBlock>
				<TextBlock ID="block_15" HPOS="1223" VPOS="3133" WIDTH="349" HEIGHT="18">
					<TextLine ID="line_149" HPOS="1223" VPOS="3133" WIDTH="349" HEIGHT="18">
						<String ID="string_906" HPOS="1223" VPOS="3133" WIDTH="349" HEIGHT="18" WC="0.95" CONTENT=" "/>
					</TextLine>
				</TextBlock>
			</PrintSpace>
		</Page>
	</Layout>
</alto>
