4365 6429
2 1736 44 18 en⸗

0 1765 45 27 ten

0 1798 46 25 tio-

4 1832 43 29 der

0 1872 46 25 gen

0 1906 47 24 ſer⸗

9 1934 39 25 die

3 1974 44 18 on⸗

0 2009 48 23 nz⸗

0 2035 48 26 rtei

0 2069 48 25 —

16 2103 33 30 te,

0 2144 48 24 ung

0 2407 51 30 net

1 2472 50 30 den

0 2505 52 29 eut⸗

0 2542 51 23 aus

0 2668 53 29 net

0 2731 54 34 aſe⸗

7 2764 47 33 auf

4 2798 50 29 das

0 2838 38 23 iin

0 2903 42 24 up

0 2936 48 22 ien

0 2963 29 25 do

13 2995 42 38 ab.

0 3034 55 23 in

0 3067 55 21 nan

4 3100 51 22 pon

3 3126 53 31 tige

9 3165 14 23 i
29 3166 27 20 nt

1 3460 54 34 —

0 3509 55 27 —

2 3573 54 31 rfie.

0 3612 57 29 igen

0 3647 57 25 enz⸗

18 3679 39 28 de⸗

0 3862 3 16 —
0 3763 20 28 4

0 3902 62 38 laid

21 3936 40 30 all.

15 4031 48 41 Er⸗

0 4093 65 38 heen

14 4175 52 59 W

25 4215 30 19 we

4 4213 62 54 3

0 4275 66 27 inem

0 4340 66 32 —

0 4374 66 29 dion

0 4440 66 28 ielen

0 4472 10 33 h
35 4479 32 25 zu

2 4636 65 38 —

0 4670 68 28 iumt

18 4702 49 29 Sio

0 4737 69 36 „im

32 4776 31 22 im

1 4804 68 29 tlien

1 4843 66 23 ann

0 4869 68 31 upt.

0 4901 69 30 ſſität

17 4935 52 31 und

12 5002 56 29 tine

0 5031 69 39 ckelt.

0 5067 69 33 niſch

0 5107 70 24 erger

3 5135 66 37 chſon

34 5168 36 26 die

17 5201 53 31 lo⸗

1 5241 68 22 nnen

0 5268 70 31 J

0 5305 70 26 ternt

18 5334 51 28 undb

15 5367 55 27 dem

4 5402 7 27 i
30 5400 41 28 der

0 5464 69 31 dat

0 5499 70 30 htort

0 5537 72 32 ſwer⸗

25 5566 39 43 en

342 347 33 28 I.
392 345 125 33 Bellage
534 351 34 27 zu
584 344 54 28 Nr.
657 345 65 30 181

1185 41 27 7 —
1286 37 50 10 —

1847 294 303 103 hamburget
2165 325 267 71 Anzeiger.

736 409 448 157 Fnburge
1218 406 118 149 T

367 591 87 60 Die
491 591 195 59 Gaͤriner
720 592 44 58 in
797 592 292 66 Hamburg.

287 674 61 27 Von
378 675 131 30 altersher
538 675 29 31 iſt
596 675 137 33 Samburg
763 676 56 27 eine
847 675 178 29 Gartenſtadt.
1071 673 85 27 Seine

239 709 145 30 Bewohner
408 710 77 25 teilen
509 710 36 27 die
567 709 77 26 Liebe
666 717 31 24 zu
720 710 86 28 allem.
828 713 56 22 was
906 709 80 33 grünt
1009 709 53 26 und
1083 709 74 30 blüht

239 746 53 24 und
315 743 108 30 Früchte
447 743 69 31 trägt
542 744 46 26 mit
612 744 68 25 allen
704 743 234 31 Niederdeutſchen.
979 743 50 26 Ein
1053 743 104 26 Garten

238 782 45 21 vor
301 778 47 25 den
364 777 102 27 Wällen
484 779 53 25 und
552 777 88 27 Toren
657 783 55 21 war
729 784 49 19 von
795 777 70 32 jeher
881 778 61 30 auch
959 778 38 26 die
1013 777 145 32 Sehnſucht

240 811 43 26 der
310 811 166 32 Lamburger
502 811 118 31 Bürger;
647 819 61 24 zum
732 811 175 31 Bürgerhaus
931 819 35 24 an
992 811 86 32 dafen
1106 813 53 23 und

255 847 57 25 fleet
334 846 102 30 gehörte
458 846 47 25 das
526 846 174 31 Gartenhaus
721 846 27 26 in
768 846 96 30 Hamm
886 846 54 25 und
959 845 83 31 Sorn,
1062 846 27 24 in
1110 845 47 25 den

253 880 179 32 walddörfern,
457 887 36 17 an
519 879 43 26 der
587 879 168 30 Elbchauſſee.
820 880 123 31 England
967 880 53 25 und
1045 879 112 30 Holland

240 919 88 21 waren
347 916 27 24 in
392 915 42 24 der
451 914 190 32 Gartenpflege
660 913 103 31 vielfach
781 913 92 31 unſere
892 913 145 26 Vorbilder.
1055 912 104 28 Namen

238 952 47 22 wie
312 950 43 24 der
381 948 99 30 Caſpar
505 947 110 31 Voghts,
642 947 44 26 des
712 946 139 32 Schöpfers
878 948 43 26 des
947 946 210 32 Jeniſch⸗Parks,

238 982 54 33 ſind
313 983 48 26 mit
381 981 234 32 unvergänglichen
634 981 105 28 Letiern
760 982 27 25 in
808 982 37 26 die
866 982 225 31 Geſchichtstafeln
1112 980 45 26 des

238 1016 129 33 deutſchen
412 1016 189 26 Gartenbaues
645 1015 160 31 vergeichnet.
877 1015 84 31 Schon
1003 1018 53 22 aus
1100 1014 56 26 dem

239 1051 37 26 18.
305 1049 182 33 Jahrhundert
516 1049 84 31 haben
629 1049 48 26 wir
705 1048 162 32 Nachrichten
897 1050 64 25 über
989 1048 168 31 Samburger

238 1085 112 26 Gärten.
387 1082 77 28 Ohne
485 1084 102 29 friſches
607 1082 114 31 Gemüſe
742 1084 52 25 und
813 1083 64 31 Obſt
896 1083 71 31 hätte
986 1086 31 22 es
1036 1082 120 31 vielleicht

238 1126 46 25 gar
314 1118 69 26 keine
413 1117 254 33 Söherentwicklung
697 1118 43 29 des
769 1117 136 31 Menſchen
935 1117 117 32 gegeben.
1099 1116 58 26 Und

237 1153 43 25 als
304 1152 137 31 Hamburg
465 1153 35 25 im
524 1150 161 28 Mittelaller
708 1152 38 26 die
769 1152 76 31 grotze
870 1151 128 31 Bierſtadt
1021 1151 44 25 des
1088 1149 68 26 Nor⸗-

238 1186 63 26 dens
319 1186 96 29 wurde,
435 1185 116 30 dufteten
570 1186 38 26 die
626 1186 83 25 vielen
727 1185 197 32 Sobfengärten
942 1186 27 25 in
989 1185 42 25 der
1049 1184 108 32 Gegend

238 1222 44 24 des
305 1220 121 32 heutigen
449 1219 322 32 Brauerknechtsgrabens
793 1219 100 32 würzig
915 1226 44 18 um
982 1219 38 25 die
1042 1218 114 32 Häuſer-

239 1262 120 19 mauern.
402 1254 40 29 Jn
466 1255 88 24 einem
580 1253 189 30 beträchtlichen
793 1253 60 26 Teil
879 1253 44 25 des
947 1252 208 32 hamburgiſchen

239 1288 214 31 Staatsgebietes
480 1288 28 29 iſt
536 1287 75 30 heute
639 1287 58 31 noch
724 1287 38 26 die
787 1286 147 26 Gärtnerei
962 1286 47 25 das
1036 1287 120 30 vorherr-

238 1323 95 32 ſchende
358 1322 137 26 Gewerbe:
521 1323 27 25 in
572 1321 169 26 Bierlanden.
779 1321 79 31 Dazu
882 1321 113 26 kommen
1017 1320 77 31 heute
1118 1320 38 26 die

239 1356 209 32 dreitzigtauſend
477 1355 141 30 Familien,
647 1356 37 26 die
713 1355 27 26 in
771 1354 219 33 Schrebergärten
1019 1354 137 32 Erbolung

239 1395 52 21 und
316 1389 147 33 Befreiung
487 1394 52 22 aus
566 1390 42 25 der
634 1388 182 31 Häuſerwüſte
842 1389 94 30 ſuchen.
978 1388 37 25 Es
1040 1388 115 26 kommen

238 1425 75 27 heute
335 1424 65 32 dazu
422 1425 37 25 die
480 1424 98 31 großen
600 1423 163 31 öffentlichen
787 1423 84 30 Parks
892 1423 53 26 und
966 1422 129 32 Anlagen,
1118 1422 38 26 die

239 1460 42 24 der
301 1458 79 31 Hand
399 1458 44 25 des
464 1456 136 27 Gärtners
622 1457 144 31 bedürfen.

287 1500 139 32 Samburg
447 1500 28 28 iſt
497 1500 56 26 eine
578 1499 178 30 Gartenſtadt,
780 1499 52 26 und
856 1499 79 30 dieſer
956 1497 121 31 Tatſache
1099 1501 56 22 ver⸗

239 1535 73 26 dault
340 1539 30 21 c
400 1533 74 27 einen
503 1533 98 33 großen
629 1533 58 26 Teil
717 1530 83 34 ſelner
828 1532 153 32 beſonderen
1009 1531 147 32 Schönheit.

238 1569 51 26 Die
303 1568 81 30 Kunſt
400 1570 44 23 des
458 1567 136 27 Gärtners
608 1567 66 26 kann
689 1567 42 31 ſich
745 1568 55 30 hier
814 1566 63 31 nicht
891 1574 53 18 nur
957 1565 26 28 in
998 1564 157 33 Nutzgärten

239 1604 95 31 geigen,
355 1603 109 28 ſandern
482 1602 61 31 auch
564 1602 26 26 in
610 1602 42 26 der
671 1601 102 31 ſchönen
792 1601 101 31 Anlage
911 1604 49 22 von
979 1599 104 27 Gärten
1103 1599 66 26 und

239 1636 94 32 Batta,
361 1637 26 26 in
416 1639 43 24 der
487 1635 78 31 Zucht
592 1635 133 31 berrlicher
754 1634 94 31 Roſen,
874 1634 124 31 Dahlien,
1026 1632 129 32 Chryſan⸗

238 1672 111 30 toemen,
370 1673 42 24 der
435 1670 129 30 koſtbaren
585 1669 149 30 Orchideen.
772 1668 146 31 Oeſonders
940 1667 68 32 ſchön
1031 1668 53 25 und
1105 1667 51 31 frei

239 1705 65 27 tann
328 1705 42 28 ſich
392 1703 169 31 ſörtneriſche
582 1702 83 30 Kunſt
686 1703 27 25 in
736 1702 119 31 unſerem
877 1702 97 32 groben
996 1701 159 30 Ohlsdorier

238 1739 122 31 Rriephof
381 1737 139 29 entialten,
540 1738 67 24 denn
627 1737 38 27 die
685 1736 224 31 Lebenslämpfer,
929 1736 38 25 die
987 1736 57 25 dort
1063 1734 93 30 ruhen,

240 1774 123 30 draucen
388 1772 43 31 für
455 1771 42 31 ſich
521 1771 79 32 ſelber
622 1778 52 18 nur
696 1770 77 26 einen
795 1768 54 34 ſehr
872 1769 172 32 beſcheidenen
1065 1767 90 27 Raum

240 1813 77 20 unter
341 1807 42 26 der
407 1806 75 28 Erde.

288 1847 257 32 GurtenLaugebiele
570 1846 134 30 erſtrecken
733 1845 42 30 ſich
802 1845 62 31 auch
891 1846 47 29 auf
965 1844 190 31 nichthambur-

239 1883 92 32 giſchen
350 1882 88 26 goden
458 1883 58 25 weit
535 1882 43 25 ins
596 1881 79 34 Sand
685 1881 106 30 hinaus.
825 1879 97 26 Altona
940 1881 52 25 und
1010 1877 144 26 Wandsbel

239 1917 91 27 woAen
353 1915 183 29 Gartenſtädte
559 1915 62 30 feisn.
659 1920 67 20 cte
747 1918 47 23 wie
815 1912 120 29 Reinbel,
955 1911 200 32 Voppenbüttel.

239 1946 139 35 Raßtſledt.
402 1948 172 32 Ahrensburg
599 1948 55 29 ſind
677 1947 168 28 Gartenorte.
886 1946 105 31 Sildlich
1015 1947 43 25 der
1083 1945 71 29 Eibe.

239 1987 27 24 in
292 1986 43 25 der
360 1984 177 30 ſogenannten
562 1981 171 32 düneburger
757 1981 86 31 Heide,
867 1980 71 31 blüht
963 1980 42 25 der
1028 1978 127 32 Gemüſe-

239 2019 51 26 bau
313 2020 26 24 in
365 2019 46 27 den
434 2016 184 27 Niederungen
640 2023 35 19 an
698 2016 43 25 der
763 2015 129 28 Jlmenau
918 2012 186 30 (Bardowiech),
1127 2013 28 25 in

240 2053 43 26 der
300 2052 101 31 Wiuſer
418 2051 101 31 Marſch
536 2042 105 45 (Ooopte
649 2049 129 31 ⸗Stöcte),
794 2050 28 25 in
838 2048 214 31 Wilhelmsburg.
1086 2046 68 26 Bar⸗

241 2085 96 27 dowieck
365 2090 26 24 in
420 2087 138 28 deſonder?
586 2085 73 29 durch
686 2084 68 30 feine
782 2082 227 31 Samenzuchterei
1038 2080 117 27 dekannt.

240 2121 48 31 Jm
308 2121 76 24 Atten
406 2118 86 27 Lande
510 2119 62 25 aber
592 2118 60 30 iteht
670 2118 75 29 heute
764 2116 43 31 für
825 2116 72 31 jeden
916 2115 165 31 damburger
1101 2114 53 31 ſein

240 2155 156 29 Sbſtbaum:
419 2153 36 26 die
481 2152 65 30 Zahl
568 2152 43 25 der
633 2151 129 31 Kirſchen-
785 2151 52 25 und
859 2149 171 32 Apfelbäume
1053 2148 101 32 betrãgt

240 2187 63 27 ſiber
327 2188 59 26 eine
411 2185 115 27 Million.

289 2221 56 31 Für
368 2222 36 25 die
427 2220 81 30 ſechſte
530 2218 111 32 deutſche
662 2218 256 31 Gartenbautagung
941 2216 85 31 dürkte
1047 2219 30 23 es
1100 2216 54 31 alſo

241 2257 67 25 leine
335 2254 145 31 günſtigere
507 2253 92 26 Stätie
626 2254 79 30 geben
730 2254 44 23 als
799 2252 143 31 Samburg.
985 2250 56 26 Wir
1068 2249 86 30 wiſſen

240 2292 38 26 die
299 2290 156 29 gedeuiung
479 2289 43 24 des
544 2286 290 32 Gartenbaugewerbes
857 2285 45 27 mit
924 2284 83 31 feiner
1028 2283 126 31 Urerzeu⸗

240 2331 70 27 gung
334 2327 49 21 von
408 2321 64 26 über
497 2322 62 31 zwei
583 2319 153 28 Milliarden
762 2320 95 29 ſeinem
879 2319 82 25 vollen
985 2317 170 31 Werie,nach

240 2366 31 25 zu
289 2358 111 30 ſchätzen.
435 2355 103 30 Wiſſen,
556 2355 49 30 daß
623 2355 42 25 der
682 2353 107 31 deutſche
806 2353 155 26 Gartenbau
979 2352 71 27 mehr
1068 2350 86 28 Werte

239 2383 56 45 Arze
300 2394 52 28 ugt
372 2391 43 25 als
435 2398 20 23 z.
475 2389 31 26 B.
527 2389 38 26 die
588 2387 311 30 Steinlohlentördetung
921 2385 49 30 (19
989 2385 164 28 Milliarden)

240 2426 60 26 oder
321 2426 37 24 di⸗
379 2422 277 30 Antomobilinduſtrie
678 2421 57 30 (mit
755 2422 46 24 71
824 2420 160 29 Nillionen).
1021 2418 56 27 Wir
1098 2423 56 21 ver⸗

241 2461 113 25 urteilen
380 2458 46 26 mit
453 2457 110 30 unſeren
589 2455 137 28 Gärtnern
752 2455 38 27 die
815 2454 125 32 unnötige
965 2453 114 31 Einfuhr
1105 2456 48 21 von

241 2493 62 30 Obſt
326 2493 52 25 und
398 2491 121 29 Gemüſe,
540 2490 36 27 die
599 2489 48 26 wit
665 2489 92 30 ebenſo
778 2492 45 28 gut
843 2489 53 25 und
917 2487 76 31 beſſer
1014 2487 47 31 auf
1083 2487 71 37 dent⸗

241 2528 76 32 ſchem
341 2526 88 26 Boden
454 2525 102 30 zuchten
581 2524 106 25 loͤnnen,/
725 2522 84 26 Wenn
833 2523 35 25 im
893 2522 84 29 letzten
1002 2521 84 31 Jahre
1110 2521 44 30 für

238 2564 58 25 ine
326 2562 73 28 halbe
428 2558 135 26 Milliarde
592 2557 204 33 gartenbauliche
825 2555 164 32 Erzeugniſſe
1017 2557 53 23 aus
1099 2554 54 25 dem

241 2595 122 26 Ausland
378 2593 150 30 eingeführt
547 2591 115 29 wurden,
680 2591 24 30 jo
723 2591 112 25 bedeutet
855 2590 47 25 das
920 2588 160 32 grotenteils
1095 2588 58 25 eine

243 2629 103 31 ſchwere
375 2626 166 32 Schädigung
572 2625 44 25 des
647 2623 127 30 deutſchen
805 2622 242 31 Volksvermigens.
1091 2621 61 25 Das

241 2663 74 30 Reich
333 2663 53 24 und
404 2661 37 25 die
461 2660 102 26 Länder
582 2660 82 30 haben
682 2658 50 27 alle
751 2657 112 31 Urſache,
882 2657 46 25 den
947 2656 156 26 Gartenbau
1122 2662 31 25 u

241 2697 105 32 foͤrdern
371 2695 52 26 und
447 2695 47 25 den
518 2692 206 31 Neichederband
747 2691 44 26 des
815 2691 127 31 deutichen
967 2689 187 39 Gartenbaues

242 2731 44 26 mit
308 2730 85 31 ſeinen
413 2729 31 24 22
465 2726 250 27 Landakverbänden
738 2725 60 31 uiw.
818 2733 31 23 zu
871 2724 176 30 unterſtuten.

289 2764 51 25 Die
359 2762 166 31 Hamburger
568 2767 88 25 Tagung
675 2760 43 30 hat
737 2760 27 25 in
780 2759 80 28 erſter
878 2758 72 27 Linie
971 2758 38 25 die
1027 2756 128 32 Aufgabe,

242 2798 37 27 die
304 2797 89 26 Mittel
417 2797 42 25 der
483 2793 223 31 Selbſhiufe
729 2801 31 23 zu
782 2792 154 37 erforſchen,
954 2791 36 26 die,
1013 2791 46 27 den
1084 2791 70 24 deut⸗

240 2833 67 30 ſchen
329 2831 156 26 Gartenbau
505 2830 28 25 in
555 2829 46 25 den
623 2827 88 26 Stand
731 2828 83 29 ſetzen,
833 2827 46 24 den
899 2824 144 32 heimiſchen
1066 2823 88 27 Marlt

243 2867 46 25 nüt
320 2864 127 31 deutſchen
479 2862 226 32 gartenbaulichen
735 2859 183 32 Erzeuaniſſen
948 2866 32 23 zu
1010 2858 144 31 verſorgen.

242 2901 52 31 Auf
323 2900 92 28 diejem
443 2897 93 27 Gebiet
563 2897 28 28 iſt
619 2896 58 28 noch
704 2895 49 25 viel
782 2893 264 30 Aufklärungsarbeit
1075 2893 79 29 unter

242 2934 146 28 Gaͤrtnern,
409 2934 34 24 im
465 2931 102 30 Handel
592 2930 52 25 und
665 2929 36 26 dei
722 2929 46 25 den
790 2927 193 29 Lerbrauchern
1005 2934 30 23 zu
1058 2926 95 30 leiſten.

240 2970 50 26 Die
313 2967 163 26 brennenden
499 2965 139 29 Probleme
660 2964 70 25 einer
751 2962 111 29 beſieren
885 2957 183 43 Jnlandserze
1067 2968 86 23 ugung

241 3011 47 23 zur
307 3001 118 31 richtigen
444 2999 56 31 geit
520 2999 54 25 und
590 3005 44 18 am
655 2996 132 31 daſſenden
806 2995 51 26 Ort
874 2996 82 30 haben
975 2995 37 26 die
1031 2994 122 29 hambur⸗

241 3037 93 32 ziſchen
356 3032 236 30 Gattenbaukreile
598 3026 165 39 beſchäftigt.
799 3029 75 39 Nõge
896 3029 61 30 auch
976 3029 41 25 der
1031 3023 122 48 Garten⸗

241 3072 96 30 damtag
363 3076 47 23 Jur
433 3067 155 31 Förderung
613 3065 79 32 dieier
715 3063 194 33 hochwichtigen
906 3057 17 49 /
934 3061 219 32 voltswirtſchaft⸗

241 3105 77 30 lichen
344 3101 119 32 Aufgabe
490 3101 144 30 beitragen.
908 3095 212 32 Spectator.

398 3157 58 38 Ole
478 3155 159 43 ſchwierige
658 3154 75 41 Lage
755 3153 51 36 des
827 3152 168 41 Obflbanes.

290 3219 54 25 Der
365 3214 266 35 Fachausſchuß
652 3212 60 32 für
733 3211 156 31 Obſtbau
886 3205 180 48 behandelte,
1066 3205 80 48 unter

243 3253 54 24 dem
315 3251 93 30 Vorüs
427 3250 44 24 des
488 3246 243 33 Obftgutsbeſitzers
750 3244 190 31 Somfleth
957 3246 51 34 aus
1028 3242 121 26 Dditteln-

243 3286 92 29 tirchen
359 3283 108 29 wichtige
490 3280 127 32 techniſche
635 3279 114 38 Fragen.
767 3278 75 25 —
866 3277 128 32 —
1017 3275 132 37 —

244 3319 133 30 beitragen
400 3315 52 31 ſoll,
475 3314 46 26 den
546 3312 130 32 deutichen
697 3311 115 30 Obitbau
844 3310 48 38 auf,
924 3310 47 24 den
1002 3303 146 40 heimiſchen

243 3347 318 31 Narttofonturrenzfähig
617 3353 32 24 zu
672 3345 108 29 machen.
819 3343 50 26 Die
893 3342 169 30 Herausgabe
1101 3345 48 22 von

242 3383 185 31 aufflaͤrenden
454 3379 186 33 Flugblältern,
683 3377 87 26 wurde
812 3375 152 32 beſchloſſen.
1006 3374 144 32 Beſonders

243 3416 96 31 wichtig
359 3415 45 38 für
427 3414 47 27 den
493 3412 130 31 deutſchen
645 3411 116 37 Obſtbau
783 3414 56 20 war
857 3410 57 36 die
932 3407 218 32 Feſtlegughg

243 3447 256 31 Tinpreitticher
551 3441 505 32 Qualitätsbezeichnungen!
1107 3441 44 24 ais

243 3482 139 26 Voracbeit
405 3480 44 31 für
471 3478 38 26 die
530 3476 171 33 Einführuͤng
723 3480 47 22 von
793 3473 290 38 Obſtſtandards,
1106 3479 45 18 um

242 3516 25 30 ſo
290 3516 37 25 die
352 3513 251 31 Marktbelieferung
624 3510 47 26 mit
692 3502 211 47 einwandfreiem
911 3506 75 39 Obſt
1006 3505 91 31 ſichern
1119 3511 31 25 zu

242 3549 93 30 helfen.
357 3547 55 32 Zur
429 3545 190 31 Erleichterung
640 3544 44 25 des
704 3542 116 31 Abſatze
839 3550 35 18 an
892 3542 39 25 die
951 3539 200 36 Verwertungz.

244 3581 120 29 ndufiric'
388 3580 86 26 wurde
495 3579 40 24 ein
557 3576 254 32 Lieferungsvertrag
832 3573 137 32 vorgelest,
1005 3571 85 31 Durch
1129 3578 21 17 die

242 3614 136 28 Luͤchftelfe
405 3613 45 24 des
477 3609 237 32 Reichsverbandes
739 3609 46 25 des
809 3607 127 30 deutſchen
962 3605 188 37 Gartenbaues

243 3648 87 25 vnede
345 3648 40 26 die
403 3645 86 32 Frage
503 3645 44 26 der
564 3642 249 33 Jnventariſieruna
828 3641 44 26 der
888 3638 263 32 Obſibaumbeſtände

229 3676 116 42 geklärt.

289 3745 57 26 Der
399 3741 206 30 Rachauszchu
674 3739 40 25 ũr
735 3734 413 39 Gartenaustubrende

237 3779 65 27 bau
328 3742 172 63 a
706 3772 45 25 der
774 3768 210 34 ſabungegemäß
1005 3768 147 30 notwendig

268 3812 141 24 Wordenen
439 3808 76 29 Wahl
562 3805 182 31 nedeſondere
789 3804 40 36 die
850 3798 55 46 Ve
916 3802 141 30 wendung,
1102 3805 50 21 von

292 3844 97 30 fchinen
416 3842 52 24 und
493 3840 121 26 Geräten
640 3845 47 25 dzur
713 3836 180 32 Verbilligung
917 3835 46 25 der
988 3829 165 40 Bodenbear⸗

236 3877 107 30 beiting
368 3874 141 31 behandelt.

1258 592 68 26 —
1347 587 182 68 Fafof
1629 592 62 32 für
1710 588 411 33 Sartenausfubren
2072 584 48 44 de

1212 625 56 63 ——
1280 625 93 32 —
1382 621 61 66 lich
1464 626 28 27 in
1531 633 28 18 der
1579 625 155 32 Sauptſache
1755 625 49 26 mit
1828 625 41 26 der
1891 623 75 31 durch
1988 624 39 27 die
2050 623 70 36 Auz⸗

1212 659 101 25 dehnung
1356 659 45 26 der
1452 658 141 32 Konkurrenz
1634 659 43 25 der
1718 657 161 58 f
1905 657 76 31 Hand
2022 656 99 32 ftändig

1211 691 158 32 wachſenden
1408 690 233 33 ſchwiexrigen
1674 689 318 32 wirtſchaftlichen
2028 689 93 31 Lase

1212 724 59 25 der
1296 723 384 31 Gattenarchitetten.
1701 737 33 6 —
1758 722 134 29 Eyndikus
1917 720 203 35 Siegmond

1211 761 58 23 vom
1296 756 206 32 Reichsverband
1528 757 46 27 des
1598 757 138 31 Deutſchen
1761 757 186 26 Gartenbaues
1973 751 148 41 behandelte

1211 788 341 32 arbeitsrechtliche
1571 789 109 33 Fragen.
1699 789 41 32 Jn
1757 793 44 25 der
1821 787 300 33 Landſchaftsgärtnerei

1213 822 54 30 ſind
1287 825 29 22 es
1336 823 80 28 neben
1439 823 47 28 den
1507 821 148 32 Rohfloffen
1677 823 55 25 die
1752 822 131 30 Loöhne,
1905 822 37 27 die
1963 821 57 26 eine
2041 821 80 32 grotze

1213 855 75 25 Rolle
1316 854 106 32 ſpielen,
1451 855 25 32 ſo
1504 855 50 32 daß
1584 855 154 31 einheitliche
1767 855 289 31 Arbeitsbedingungen
2081 853 41 26 me

1213 887 164 34 Berechnung
1405 892 50 22 von
1485 888 313 32 Gartenanlagen
1825 888 63 32 uſw.
1914 887 141 30 wefentlich
2082 894 39 18 er⸗

1213 920 118 31 leichtern
1355 920 116 27 würden.

1452 965 58 47 Die
1531 975 128 38 Gaͤrmer
1681 976 75 37 beim
1779 975 107 38 Senat.

1257 1033 52 28 Die
1332 1033 168 31 Teilnehmer
1522 1035 44 26 des
1587 1035 24 26 6.
1633 1034 141 32 Deutſchen
1797 1035 233 31 Gartenbautages
2052 1038 71 22 wur⸗

1209 1068 46 29 den
1278 1069 99 31 geſtern
1398 1069 154 32 nachmittas
1572 1069 35 26 im
1628 1069 123 30 Rathaus
1771 1072 58 23 vom
1849 1068 88 27 Senat
1956 1068 166 32 emplangen.

1209 1102 118 27 Senctor
1344 1102 22 26 &
1377 1108 39 19 ra
1427 1103 59 30 uſe
1505 1102 122 33 beorützte
1645 1103 37 26 die
1699 1103 79 31 Gäſte
1794 1103 48 26 mit
1856 1103 141 31 herzlichen
2014 1098 108 30 Botten

1210 1137 53 25 und
1283 1136 153 31 verſicherte,
1457 1136 49 32 daß
1526 1144 63 19 man
1609 1139 26 24 in
1656 1137 136 33 Hamburg
1812 1138 27 25 in
1858 1137 138 31 beſonders
2017 1136 106 32 ſtarkem

1210 1170 81 32 NMaße
1311 1170 38 27 die
1367 1170 66 27 Nöte
1452 1166 68 42 empf
1524 1166 65 42 inde,
1607 1172 77 25 unter
1701 1171 80 26 denen
1799 1170 175 33 gegenwärtig
1994 1171 38 25 die
2039 1166 39 42 de
2077 1166 46 42 ut⸗

1210 1203 66 32 ſchen
1301 1203 188 27 Gartenbauer
1513 1204 87 27 leiden.
1639 1204 51 27 Die
1712 1204 78 29 Blicke
1814 1206 42 25 der
1879 1204 167 32 Samburger
2069 1203 55 31 ſind

1210 1238 27 26 in
1262 1239 80 28 erſter
1369 1238 74 26 Linze
1469 1239 50 30 auf
1545 1238 162 31 Solland
1732 1239 125 32 gerichtet,
1885 1239 47 29 das
1960 1239 47 25 mit
2036 1238 86 32 ſeinen

1210 1271 109 31 intenſiv
1342 1272 165 26 betriebenen
1528 1272 131 27 Kulturen
1682 1273 54 25 und
1757 1273 46 25 mit
1826 1273 83 30 ſeiner
1931 1271 128 33 glänzend
2082 1279 41 24 ge⸗

1210 1306 114 32 regelten
1353 1306 266 33 Abſatzorganijation
1647 1307 91 30 unſeve
1766 1305 103 28 Märkte
1896 1307 27 25 in
1952 1306 55 30 ſehr
2035 1305 88 31 hohem

1210 1340 83 32 Maße
1323 1340 154 32 beeinflutzt!
1512 1339 60 26 Das
1600 1339 155 31 Geheimnis
1783 1340 43 25 des
1853 1338 185 32 hollaͤndiſchen
2069 1340 49 25 Er⸗

1210 1373 84 32 folges
1316 1372 61 33 liegt
1400 1376 27 25 in
1449 1376 43 24 der
1513 1374 124 32 geradesn
1660 1373 343 32 bewunderungswürdigen
2024 1373 99 31 Durch⸗

1210 1406 116 34 führuns
1349 1409 44 24 des
1414 1407 272 32 genoſſenſchaftlichen
1708 1407 135 31 Brinzips,
1865 1408 47 25 das
1934 1407 110 32 zugleich
2064 1407 60 26 eine

1209 1440 245 34 Rationaliſieruns
1476 1445 49 22 von
1549 1442 132 30 auſerſter
1703 1441 167 33 Konſequensz
1893 1442 125 25 bedeuiet.
2057 1441 66 26 Sine

1210 1477 27 24 in
1259 1475 93 30 dieſem
1377 1475 89 28 Einne
1506 1476 158 32 aufgebaute
1690 1475 150 32 Selbſthilje
1882 1475 88 27 würde
1994 1475 61 31 auch
2079 1474 43 27 der

1210 1508 128 31 deutſchen
1358 1508 294 33 Gartenbauwirtichaft
1671 1509 94 31 belfen.
1801 1509 117 26 Senator
1938 1508 101 32 Lrauſe
2059 1509 63 25 wies

1210 1542 69 27 dann
1302 1542 89 27 weiter
1413 1544 49 30 auf
1483 1543 38 26 die
1542 1543 172 26 wundervolle
1735 1542 271 34 hamburgiſche
2027 1542 95 27 Gar-

1209 1579 61 25 ten
1280 1576 94 32 unſt
1390 1577 54 29 hin,
1459 1577 39 27 die
1515 1578 68 31 ſchon
1599 1583 45 21 vor
1659 1576 215 32 Jahrbunderten
1891 1576 111 33 gepflegt
2020 1575 102 27 worden

1210 1610 36 31 iſt,
1265 1611 53 25 und
1334 1615 50 21 von
1403 1611 43 26 der
1463 1612 74 30 heute
1555 1612 56 30 noch
1629 1611 35 28 die
1682 1611 104 26 Gärten
1801 1619 34 18 an
1854 1611 42 26 der
1914 1611 83 30 Alſter
2015 1611 54 25 und
2084 1611 38 26 die

1210 1644 191 26 wundervollen
1425 1644 85 30 Barts
1533 1643 117 34 Zeugnis
1671 1645 117 31 ablegen.
1826 1644 52 26 Die
1898 1644 161 31 Gegenwart
2082 1644 40 25 be⸗

1207 1677 105 32 fleitzigt
1334 1677 52 31 ſich.
1410 1678 38 27 die
1470 1679 137 27 Tradition
1628 1686 33 26 zu
1682 1678 110 32 pflegen.
1829 1678 56 26 Der
1906 1677 104 32 heütige
2030 1676 92 27 Solts⸗

1210 1711 64 30 ſtaat
1297 1712 28 30 iſt
1348 1712 46 26 mit
1418 1712 92 33 Erfolg
1533 1712 103 31 bemühr
1658 1712 121 32 geweſen,
1801 1713 28 26 in
1851 1712 85 30 ſeinen
1959 1711 163 32 öffentlichen

1209 1746 104 27 CGärten
1333 1747 54 25 und
1407 1746 85 29 Varls
1514 1747 37 25 die
1573 1747 72 25 weite
1666 1746 83 30 Maſſe
1770 1747 44 28 des
1833 1746 94 26 Volkes
1947 1753 36 19 an
2004 1746 46 25 den
2066 1745 56 27 Ge⸗

1209 1778 90 28 nüſfen
1317 1779 158 30 teilnehmen
1492 1788 30 23 zu
1542 1780 87 31 laſſen,
1646 1780 38 26 die
1701 1780 72 31 durch
1790 1781 56 26 eine
1863 1774 32 42 ge
1894 1780 96 30 hobene
2006 1779 116 26 Garten⸗

1209 1814 88 27 kultur
1314 1814 138 29 entſtehen.
1486 1814 53 26 Der
1556 1814 119 30 Sambur
1738 1814 79 32 pflegt
1832 1814 61 30 auch
1910 1813 54 31 ſein
1981 1813 77 32 Seim
2076 1814 46 25 mit

1210 1846 105 32 friſchen
1340 1847 124 29 Blumen,
1490 1845 38 28 die
1551 1855 29 19 ex
1606 1847 43 31 ſich
1689 1848 29 25 für
1742 1848 98 32 wenige
1863 1847 130 32 Pfennige
2017 1855 36 18 an
2079 1847 43 26 der

1208 1879 85 28 Karre
1314 1881 60 25 oder
1394 1882 66 25 beim
1483 1880 117 28 Gärtner
1619 1882 132 25 erwerben
1772 1881 74 26 lann.
1882 1881 119 26 Senator
2021 1880 100 31 NRrauſe

1208 1914 125 32 wünſchte
1353 1913 43 28 der
1415 1915 112 32 Tagung
1547 1917 44 26 den
1612 1916 82 29 beſten
1714 1915 100 31 Erfolg.

1257 1956 121 26 Direftor
1396 1957 172 26 Grobben
1584 1961 57 21 vom
1658 1956 149 30 Präſidium
1826 1956 42 27 des
1885 1956 236 31 Reichsverbendes

1211 1990 44 26 des
1273 1990 143 31 Deutſchen
1437 1990 186 26 Gartenbaues
1642 1991 104 31 glaubte
1765 1990 27 25 in
1811 1989 42 26 der
1872 1989 173 31 freundlichen
2066 1990 50 25 Be⸗

1209 2023 123 33 grüßzung
1352 2023 59 27 eine
1436 2022 190 33 Anerkennung
1649 2024 42 26 der
1713 2023 286 32 vollswirtſchaftlichen
2022 2023 99 26 Bedeu⸗

1212 2059 65 30 tung
1297 2057 44 25 des
1360 2057 129 29 deutſchen
1510 2057 186 26 Gartenbaues
1715 2064 30 23 zu
1765 2057 82 31 ſehen,
1867 2058 43 24 der
1928 2057 57 25 eine
2004 2056 113 31 Jahres-

1207 2097 148 25 erzeugung
1375 2091 34 25 im
1428 2090 87 27 Werte
1533 2095 48 21 von
1598 2090 41 30 24
1662 2090 151 26 Milliarden
1831 2090 76 26 Mark
1924 2091 125 30 aufweiſt.
2084 2091 37 25 Er

1208 2126 49 30 gab
1274 2125 42 25 der
1332 2124 139 33 Soffnung
1488 2124 135 29 Ausdruck,
1638 2125 50 31 daß
1701 2125 172 30 Deutſchland
1889 2125 59 25 bald
1964 2125 48 30 auf
2010 2120 55 41 die
2070 2125 50 29 ſem

1208 2157 108 27 Gebiete
1344 2162 58 22 vom
1432 2158 122 26 Ausland
1582 2157 165 33 unabhaͤngig
1776 2159 99 25 werden
1905 2158 101 30 möchie,
2035 2158 85 30 wofür

1209 2199 62 19 man
1295 2194 26 24 in
1345 2192 137 32 Hamburg
1505 2191 100 30 manche
1628 2192 141 31 Anregung
1793 2192 86 30 finden
1903 2192 91 25 werde.
2016 2205 34 5 —
2072 2192 48 26 Bei

1209 2227 71 25 einer
1300 2226 75 28 Taſſe
1395 2226 49 27 Tee
1466 2227 98 25 blieben
1584 2226 75 29 Gäſte
1680 2227 52 25 und
1751 2226 139 32 Gaſtgeber
1907 2227 45 25 ein
1970 2225 150 32 Stündchen

1208 2260 27 26 in
1258 2259 174 31 anregendem
1454 2259 126 32 Geſpräch
1601 2260 157 31 zuſammen.

1234 2328 84 60 bei
1353 2329 82 58 den
1470 2326 628 68 Gewerbeauſſichtsheamten.

1256 2412 68 26 Bom
1344 2413 23 26 2.
1387 2412 42 29 bia
1448 2412 24 27 .
1492 2411 98 33 Auguft
1610 2411 171 31 veranſtalten
1801 2412 38 25 die
1860 2410 256 33 Gewerbeaufſichtz

1208 2446 119 27 beamten
1346 2445 189 32 Deutſchlands
1554 2450 26 24 in
1598 2445 132 31 Lambura
1750 2446 53 29 ihre
1820 2445 209 32 Jarrestagung
2066 2444 50 28 Sie

1210 2480 79 27 erhält
1309 2480 54 29 ihre
1381 2478 134 30 beſondere
1534 2477 152 33 Bedeutung
1703 2477 115 32 dadurch.
1854 2479 48 31 dat
1921 2479 39 28 die
1980 2477 136 27 Gewerbe⸗

1207 2512 104 31 aufſicht
1346 2514 42 25 der
1407 2513 101 27 Läͤnder
1541 2516 43 22 vor
1602 2514 40 28 der
1659 2511 82 32 Frage
1758 2512 43 28 der
1819 2512 157 32 Umbiduna
1993 2518 32 24 zu
2046 2514 70 25 einer

1208 2544 440 32 Reichsarbeitsaufſicht
1669 2545 67 32 ſteht.
1772 2544 50 29 Die
1843 2544 191 31 Auffaſſungen
2054 2545 64 28 über

1209 2580 38 26 die
1264 2578 170 33 Einführung
1467 2578 44 27 der
1509 2572 152 43 Reichsauf
1667 2572 54 43 ſicht
1737 2576 53 33 ſind
1807 2577 81 32 jedoch
1905 2580 77 26 unter
1998 2579 47 25 den
2063 2577 53 27 Ge⸗

1207 2612 324 30 werbeaufſichtsbeamten
1549 2612 95 30 geteilt.
1680 2610 58 27 Von
1754 2614 57 25 dem
1831 2611 120 31 früberen
1970 2613 83 26 Leiter
2074 2613 42 26 der

1207 2645 159 31 preußiſchen
1389 2644 226 31 Gewerbegufſicht
1653 2645 104 26 wurden
1780 2645 75 30 ſtarke
1878 2644 133 29 Bedenken
2035 2652 81 24 gegen

1208 2678 55 27 eine
1303 2678 154 33 vorzeirliche
1480 2677 212 34 Verreichlichuna
1731 2679 54 26 und
1810 2678 225 32 Umorganiſation
2061 2684 54 19 vor⸗

1207 2714 132 29 getragen.

1485 2751 63 36 Der
1569 2751 95 37 Senat
1686 2750 155 42 emfaͤngi.

1255 2809 109 32 Geſtern
1384 2811 80 28 abend
1483 2810 48 32 gab
1551 2811 41 28 der
1609 2809 120 28 Senat
1749 2811 46 28 den
1814 2810 301 32 Tagungtteinehmern

1209 2844 25 25 in
1257 2845 47 26 den
1327 2844 122 26 Räumen
1488 2845 44 25 des
1555 2844 194 30 Ueberfeetlubs
1772 2843 74 27 einen
1868 2844 153 27 Bierabend.
2060 2843 53 26 Die

1207 2877 78 31 Guſte
1308 2878 103 26 wurden
1433 2882 50 22 von
1505 2876 198 32 Bürgermeiſtet
1724 2876 46 26 Dc.
1793 2877 180 31 Feterſen
1994 2876 119 31 begrüt,

1208 2912 42 25 der
1269 2911 38 26 die
1328 2910 191 32 wirtſchaftliche
1556 2910 52 25 und
1629 2910 89 31 ſoziale
1739 2909 154 34 Bedeuung
1914 2910 43 26 der
1979 2910 135 28 Gewerbe⸗

1207 2944 100 30 aufſicht
1331 2943 152 30 unterftrich.
1523 2943 39 32 Jn
1586 2944 68 30 einer
1677 2943 150 31 Safenſtadt
1850 2945 47 25 wie
1920 2943 119 32 Sambur
2074 2943 39 58 E

1207 2979 55 24 dem
1269 2972 174 40 Gewerbeauf
1449 2972 195 40 ſickesbeamten
1666 2976 41 26 ein
1730 2976 206 32 Virlungs
1886 2972 71 40 reis
1970 2983 50 22 von
2032 2951 41 60 zol
2104 2986 11 17 r

1207 3010 153 32 Vodeutung
1397 3011 165 31 zugewieſen.
1598 3009 52 27 Die
1670 3010 127 29 lollegiale
1819 3010 240 32 Zuſammenarbeit
2081 3010 33 31 ſei

1204 3044 61 31 auch
1280 3044 44 25 für
1339 3044 47 25 den
1397 3043 82 26 Staat
1496 3044 115 25 werwoll
1626 3044 52 24 und
1687 3044 117 25 verdiene
1815 3043 81 30 deſien
1906 3043 206 31 Unteritũtzung.

1192 3074 65 39 Die
1274 3069 75 39 File
1366 3078 44 25 der
1427 3077 144 30 Aufgaben,
1586 3078 39 29 die
1643 3078 27 25 in
1689 3077 46 27 den
1752 3077 84 29 letzten
1853 3076 101 31 Zahren
1973 3076 61 31 nach
2050 3077 63 25 Um.

1206 3111 107 31 biidung
1336 3111 43 26 des
1400 3110 141 31 Deutſchen
1565 3109 88 31 Reichs
1676 3117 58 24 zum
1757 3109 142 30 Volkeſmat
1923 3113 75 22 unter
2020 3110 95 30 ſchwie⸗

1207 3143 93 32 rieſten
1322 3142 189 31 Verhältniſſen
1535 3142 94 33 geftellt
1666 3143 103 31 worden
1794 3143 60 30 ſind,
1892 3143 65 31 babe
1979 3144 61 28 auch
2062 3144 53 25 von

1207 3177 81 30 jedem
1298 3171 169 41 Gewerbeauf
1472 3171 199 41 ſicht?beamten
1690 3176 48 28 den
1756 3175 99 32 Einſatz
1873 3177 41 27 der
1933 3182 98 25 genzen
2052 3177 64 29 Per⸗

1207 3209 137 33 ſönlichkeit
1380 3210 128 30 verlangt.
1539 3209 207 30 Bürgermeiſter
1765 3209 47 26 Dr.
1834 3209 121 32 Veterfen
1991 3209 122 29 wünſchte

1207 3244 46 26 den
1273 3243 104 30 Gäſten,
1397 3244 49 31 daß
1465 3244 36 27 die
1521 3243 200 30 bamburgiſchen
1743 3242 214 30 Lerhandlungen
1978 3242 133 32 beitragen

1207 3276 118 31 mõchten,
1343 3275 51 31 ihre
1411 3275 292 32 verantwortungsvolle
1720 3275 89 27 Arbeit
1824 3284 34 24 zu
1876 3275 154 30 erleichtern.

1252 3316 234 33 Cberregierungð.
1506 3320 53 25 und
1580 3315 165 31 Gewerberat
1767 3316 162 32 Wenzel,
1950 3316 103 30 Berlin,
2075 3324 39 18 er⸗

1206 3349 101 29 innerte
1326 3358 34 19 an
1381 3351 38 27 die
1440 3349 158 32 Soriãhrigen
1617 3350 168 29 Geratungen
1804 3349 47 31 auf
1870 3349 44 29 der
1933 3349 114 33 Toguna
2068 3350 42 25 der

1207 3383 139 30 Deuiſchen
1365 3382 161 33 Geſellſchait
1548 3383 40 31 füt
1608 3382 230 31 Gewerbehhaiene
1859 3383 54 27 und
1930 3382 111 30 betonte,
2062 3383 51 31 das

1205 3418 37 25 die
1285 3415 337 31 Gewerbeaufſichtebeamien
1638 3418 26 25 in
1680 3415 75 31 erſter
1772 3417 73 27 Linie
1858 3416 108 29 berufen
1981 3416 76 32 ſeien,
2073 3416 39 27 die

1205 3449 147 31 Ergebniſſe
1389 3449 280 32 gewerbehygieniſchen
1692 3449 157 32 Foriſchritts
1870 3459 33 18 an
1924 3450 49 26 den
1994 3449 118 26 Arbeite⸗

1206 3483 85 31 ſtelen
1309 3482 27 27 in
1357 3483 39 26 die
1414 3483 98 32 Rraxis
1529 3483 161 31 Anuſetzen.
1724 3483 84 32 Sam
1818 3483 88 34 burg
1926 3484 49 32 ſei
1995 3483 36 26 in
2051 3478 59 31 der

1204 3515 336 32 Gewerbeaufſicht
1606 3517 36 25 in
1714 3516 162 27 nianchen
1941 3515 171 29 Vunkten

1203 3550 163 27 anderen
1401 3549 254 31 Gliedſtaaten
1690 3549 208 31 überlegen.
1935 3550 107 31 Manche
2062 3549 52 25 An⸗

1205 3589 131 25 regungen
1359 3583 26 26 in
1408 3582 374 34 Arbeiterſchutzbeſtrebungen
1804 3583 66 31 ſeien
1892 3588 49 21 von
1964 3586 43 24 der
2029 3583 82 26 Sam-

1204 3616 94 31 burger
1323 3612 182 41 Gewerbeauf
1511 3612 82 41 ſicht
1599 3620 185 29 ausgegangen
1819 3619 54 25 und
1909 3619 51 23 von
1998 3618 112 24 anderen

1204 3649 115 29 Staaten
1340 3649 187 29 übernommen
1548 3650 109 27 worden

1463 3705 58 37 Die
1541 3705 314 44 vauptverſammlung.

1249 3765 84 31 Seirte
1357 3764 142 32 vormittag
1523 3764 88 26 wurde
1634 3764 28 25 in
1688 3765 44 25 der
1756 3764 156 30 Univerſitqt
1935 3764 58 25 eine
2019 3764 95 31 öffent.

1201 3798 57 31 liche
1283 3798 204 31 Veriammlung
1526 3798 45 25 der
1594 3797 385 30 Gewerbe⸗Aufſichtsbeamten
2020 3804 93 19 veran-

1201 3831 91 31 ſtaltet.
1332 3831 52 26 Die
1408 3831 102 30 Reichs-
1549 3831 53 25 und
1607 3826 150 40 Länderbe
1760 3826 94 40 hörden
1893 3830 156 32 bekundeten
2073 3830 41 30 ihr

1200 3863 131 32 Jntereſſe
1353 3871 36 18 an
1415 3862 43 27 der
1481 3863 120 32 Tagung,
1641 3863 84 25 indem
1748 3863 35 30 ſie
1819 3863 138 32 zahlreiche
1978 3864 136 25 Vertreter

2168 416 120 31 —
2500 415 90 27 —
2611 414 177 32 ———
2776 407 64 51 ——
2872 411 214 39 ——

2168 450 44 24 tat
2249 449 163 32 Beazel,
2432 448 101 29 Seclin
2572 448 135 26 gedtreeri
2744 448 46 25 des
2837 444 248 39 Neichsarbeitzmint⸗

2153 473 55 44 ſte
2208 473 125 44 riumt.
2355 482 47 27 dez
2428 473 39 44 Re
2472 473 74 44 icha·
2545 473 34 44 De
2578 480 250 33 rficherungsamis,
2885 479 45 25 der
2971 477 119 30 Länder⸗

2173 506 96 46 riniſte
2277 506 93 46 tien.
2378 515 46 25 der
2446 513 209 33 hamdurciſchen
2681 512 136 31 Behörden
2863 511 53 37 und
2940 510 146 38 Kammern

2168 547 143 32 begruͤten.
2369 545 67 33 Nach
2494 546 174 34 frundlichen
2712 545 109 26 Sorten
2865 543 221 38 Minifterralrat⸗

2169 579 65 26 RZi
2245 581 56 30 e]
2319 584 59 22 vom
2381 572 207 44 Reichsarbeits
2594 572 169 44 miniſterium
2780 577 128 31 begrübte
2927 584 36 18 im
2982 576 104 36 Ramen

2168 612 47 26 des
2256 612 207 32 hamburgiſchen
2503 613 105 25 Senats
2650 611 121 27 Senator
2845 616 160 19 eumann
3045 608 41 25 die

2168 644 285 33 Tagungsleifnehmer
2471 645 26 26 in
2513 645 145 31 Samburg.
2693 645 37 25 Er
2746 643 66 26 wies
2827 642 50 31 auf
2892 642 40 25 die
2949 640 137 32 Gefahren

2170 678 44 26 der
2238 678 229 32 Gewerbefreiheit
2490 678 53 30 hin.
2570 678 38 25 die
2630 677 76 31 durch
2730 675 211 32 Nichtheachtuns
2965 675 46 24 der
3032 673 55 38 Ge⸗

2170 710 57 32 ſete
2247 710 128 32 entſtehen
2393 711 108 25 können.
2536 710 85 27 Benn
2640 711 39 25 die
2699 709 66 31 freie
2785 707 145 31 Wirtſchaff
2947 706 63 31 auch
3028 711 59 21 eine

2170 743 110 32 Auͤfſicht
2322 743 62 32 nicht
2408 744 70 28 liebt.
2517 743 26 32 ſo
2568 743 65 32 muß
2657 742 56 32 doch
2734 742 47 26 der
2806 740 212 31 Nichtbefolgung
3040 740 46 37 der

2171 776 99 32 Seiere
2293 778 242 35 entgegengetreten
2576 776 111 25 werden
2680 771 32 46 /
2730 775 99 26 Weiter
2854 773 82 31 haben
2960 773 64 25 aber
3047 773 39 35 die

2169 809 386 32 Geiderbe⸗/Aufſichtzbeamten
2578 809 40 25 die
2640 807 127 33 Aufgabe,
2789 808 30 24 in
2841 804 246 39 Zufammenarbeit

2171 842 48 25 mit
2243 842 184 32 Arbeitgebern
2453 843 52 25 und
2527 841 218 30 Arbeitnehmern
2784 840 41 25 bie
2846 840 85 29 beiten
2954 838 133 25 Arbeiter⸗

2153 867 132 44 Schutzbe
2292 882 171 18 ſtimnmungen
2481 874 232 32 herauszufinden.
2735 873 41 32 Jn
2797 873 146 31 Bamburg.
2961 872 50 25 das
3029 871 58 25 dem

2170 907 139 27 Gedanten
2340 909 43 24 des
2391 901 124 45 Arbeite
2520 901 145 45 vſchutzes
2682 906 121 31 manchen
2833 905 113 37 Jmpuls

2171 939 52 31 hat.
2247 941 108 25 wurden
2378 941 52 25 alle
2455 940 196 31 Anordnungen
2694 939 60 30 nach
2777 938 149 31 vorberiger
2951 936 136 32 Fuͤhlung⸗

2172 973 93 30 nahme
2306 974 49 25 mit
2380 973 185 32 Arbeiigebern
2608 973 54 25 und
2686 971 220 31 Arbeitnehmern
2992 969 94 31 woffen.

2170 1005 121 27 Senator
2307 1005 141 27 Neumann
2466 1006 124 30 wünſchte
2606 1005 46 26 der
2668 1005 114 32 Tagung
2798 1004 79 26 einen
2894 1004 83 31 guten
2993 1002 94 32 Erfols

2171 1046 60 24 tum
2252 1038 92 32 Beſten
2361 1039 48 27 des
2429 1038 204 31 Gemeimwohla.

2224 1079 66 31 Nach
2295 1070 94 45 weite
2388 1070 50 45 ren
2523 1074 139 36 rüungen
2690 1078 80 31 nahm
2796 1076 135 32 Prafeſſor
2957 1070 66 48 ad
3027 1075 63 39 Ge-

2173 1113 129 25 werbewat
2326 1112 49 27 Dr.
2418 1111 297 34 Baffenſchmidt
2754 1111 50 26 bas
2829 1110 75 26 Waort
3004 1114 86 20 einem

2210 1185 117 25 erung
2352 1178 68 26 und
2441 1179 58 24 die
2523 1178 168 32 ſozialen
2714 1177 66 25 —
2788 1176 107 59 —
2945 1174 55 38 Als.
3018 1174 72 26 Kern

2185 1211 72 25 einer
2285 1210 211 32 Augführungen
2540 1211 30 30 iſt
2597 1210 184 31 fejtsuhalien:
2846 1204 123 42 ational
2976 1208 112 29 iſierung

2191 1244 42 30 eht
2275 1243 27 26 in
2344 1243 138 33 Gegenſaͤtz
2522 1251 31 24 zu
2594 1243 46 26 der
2680 1242 207 26 anmittelbaren
2929 1239 158 38 triebbaften

2160 1268 119 44 Schaffe
2284 1268 122 44 nskraftꝰ
2405 1277 43 25 det
2470 1276 95 26 Nalux.
2601 1276 53 25 Die
2673 1275 88 29 Ratio,
2780 1274 82 31 dieſer
2883 1272 207 33 Menſchengeüt⸗

2175 1308 28 31 iſt
2214 1302 33 43 le
2253 1309 180 32 iſtungsfähig,
2472 1309 46 26 das
2540 1308 127 32 Zeitalter
2689 1309 45 25 der
2758 1308 183 30 Erfindungen
2963 1306 67 32 geigt
3051 1306 39 24 es

2176 1343 88 26 Darin
2282 1344 61 25 liegt
2360 1344 53 31 ſein
2430 1343 82 28 Sinn,
2527 1343 64 26 aber
2594 1336 59 43 die
2655 1344 188 24 Schaffensart
2861 1341 29 31 iſt
2908 1346 49 21 von
2977 1340 43 25 der
3038 1340 45 24 des

2170 1375 188 32 harmoniſcher
2380 1375 145 26 wirtenden
2549 1375 101 26 Lebens
2691 1375 163 30 verfchieden.
2895 1374 38 25 Es
2956 1372 130 30 enntehen

2171 1408 221 31 Digharmonien;
2419 1409 67 31 dazu
2528 1408 107 30 gehörien
2661 1407 41 26 die
2728 1407 114 31 ſozialen
2871 1405 112 32 Fragen.
3025 1404 61 26 Das

2172 1441 84 25 Leben
2280 1441 89 32 ſchafft
2392 1441 57 31 hier
2475 1441 169 31 derſchiedene
2670 1440 217 31 Abwehrorgane.
2929 1438 66 36 Eine
3020 1441 67 22 neue

2170 1474 222 57 a
2417 1474 79 25 —
2524 1475 43 25 —
2593 1473 243 37 —
2781 1468 85 46 —
2879 1472 108 30 —1—
3001 1465 87 40 heute

2188 1506 22 26 ie
2234 1506 276 32 Betriebsgeſtaltung.
2533 1507 49 25 das
2606 1506 132 25 rationale
2762 1505 94 26 Gbſet
2879 1504 46 26 der
3031 1503 55 25 —

2172 1539 113 31 aufficht.
2328 1539 79 29 Beide
2470 1514 65 52 en
2561 1539 107 31 dadurch
2694 1537 159 32 beeinfluht;
2879 1537 46 25 der
2950 1536 139 37 Gewerbe⸗

2171 1572 106 31 aufficht
2302 1571 140 32 erwachien
2469 1579 65 19 neue
2560 1571 140 32 Aufgaben
2726 1572 28 24 in
2780 1571 46 25 der
2853 1565 164 43 Sarmoniſie
3023 1565 64 43 rung

2172 1604 45 26 der
2239 1604 132 32 geſamten
2394 1604 165 30 Brodultion,
2582 1605 39 25 die
2640 1605 72 24 dann
2733 1603 76 31 ihren
2831 1603 86 25 vollen
2938 1602 75 36 Sinn
3034 1601 53 31 hat

2170 1643 78 20 wenn
2274 1637 93 32 ſozigle
2392 1633 150 50 Jnfeſjen
2566 1630 100 43 ſolbitve
2665 1630 170 43 ritãndliche
2843 1635 174 31 Beſtandteile
3041 1634 45 25 der

2174 1670 241 33 Nationaliſierung
2434 1670 60 31 find.

2224 1711 47 28 Dr.
2292 1711 63 32 Jng.
2375 1711 105 27 Eibel,
2516 1711 205 32 Regierungedat
2737 1713 36 25 im
2778 1703 219 45 Reicheverſiche
2996 1703 91 45 angs⸗

2175 1745 64 26 ami
2256 1744 149 31 derandelle
2419 1746 47 25 o
2482 1732 99 41 en
2599 1744 65 28 Se
2679 1742 239 32 Faticnaliſiccias
2935 1743 26 24 in
2975 1743 50 25 Nen
3042 1748 43 23 Fe-

2173 1778 149 30 werblichen
2337 1776 137 30 Betricben
2494 1782 56 21 vom
2569 1776 234 31 unfallkechniſchen
2819 1774 193 36 Standpunkt.
3048 1772 35 26 Er

2175 1810 111 32 beſprach
2312 1811 38 27 die
2374 1810 145 32 techniſchen
2544 1809 208 31 Augoirlungen
2777 1810 42 25 der
2843 1807 240 31 Rationaliſieruns

2176 1843 46 30 auf
2244 1842 38 27 die
2304 1842 136 32 Geſialtung
2479 1844 44 26 der
2526 1835 149 43 getriebse
2678 1835 176 43 inrichtungen
2876 1841 52 26 und
2950 1840 46 27 der
3016 1839 67 30 Bro⸗

2174 1875 220 32 dultionswelien.
2455 1877 55 29 Ueber
2527 1877 39 27 die
2585 1875 255 32 Ratioraliſierumg
2857 1875 27 25 in
2904 1872 179 37 gewerblichen

2174 1909 137 28 Bettieben
2349 1914 54 23 vom
2440 1908 131 34 gewẽrbe
2606 1908 119 31 hnienijchen
2748 1906 182 32 Standyunk
2954 1904 129 30 berichtete

2176 1942 301 31 Gewerbeinediainaltat
2502 1942 47 27 Dr.
2575 1933 140 44 Gerbie
2744 1933 136 44 Berlin.
2905 1938 178 27 Ununterbxo-

2177 1975 70 29 chene
2287 1976 52 24 und
2377 1975 26 32 le
2406 1974 153 33 ichfomige
2583 1974 160 31 Betuͤtigung
2767 1974 64 26 kann
2853 1980 50 19 nur
2925 1972 70 28 dann
3018 1970 65 30 ohne

2174 2008 117 31 Schaden
2316 2009 117 26 dauernd
2454 2008 127 30 verrichtet
2602 2008 110 28 werdẽn,
2738 2007 68 31 jagte
2831 2007 44 35 der
2899 2005 184 31 Lortragende⸗

2172 2047 77 19 wenn
2276 2041 38 26 die
2338 2041 282 31 Arbeitsbedingungen
2645 2040 39 26 die
2708 2039 106 27 denkbar
2824 2033 89 45 ginſt
2914 2033 81 45 igſten
3020 2037 62 37 ſind.

2173 2074 52 26 Die
2247 2074 213 31 Anforderungen
2480 2082 34 17 an
2535 2073 129 30 funlichite
2687 2072 178 32 Fernhalrung
2886 2071 67 31 jeder
2971 2070 111 36 Belan

2211 2115 33 23 ng
2262 2108 60 27 oder
2340 2107 168 32 Gefälrdung
2524 2106 74 31 durch
2613 2106 99 28 Etaub,
2729 2105 77 30 Gafe.
2825 2104 120 37 Damofe,
2963 2102 120 39 Geriche⸗

2175 2140 88 29 Larm,
2284 2140 224 32 Erſchütterungen
2529 2140 56 31 ſind
2605 2146 31 24 zu
2655 2138 163 31 verſchürfen.
2855 2137 51 26 Die
2925 2135 157 38 gedamkliche

2175 2173 187 31 Vorbereituna
2385 2173 43 27 des
2446 2179 101 24 ganzen
2569 2171 260 31 Arbeitenerfahrens
2850 2172 53 25 und
2925 2169 68 37 jeder
3027 2175 54 18 ein⸗

2173 2207 91 30 zelnen
2289 2205 260 33 Arbeitebertichting
2573 2206 27 30 iſt
2624 2207 39 25 die
2687 2204 152 31 Grundlage
2864 2204 44 27 der
2932 2201 148 27 Rationali⸗

2178 2240 109 30 ſierung.
2327 2239 48 27 Nie
2397 2238 56 31 darf
2476 2246 60 18 man
2557 2237 140 31 verſuchen,
2719 2237 71 31 durch
2811 2235 161 27 Antreiberei
2994 2233 89 37 Erfolg

2174 2278 33 25 zu
2233 2272 115 31 etzlelen.
2392 2271 54 38 Zur,
2472 2271 127 31 feelichen
2624 2270 222 30 Arbeitehygiene-
2872 2269 64 29 bne,
2962 2269 38 25 die
3025 2273 56 19 iue

2176 2305 130 26 dauetade
2331 2304 193 31 Söchnileitung
2547 2304 63 29 nicht
2634 2302 108 28 dentbar
2766 2302 37 32 iſt
2825 2301 89 32 gehört
2931 2299 151 40 Erwedung

2174 2340 54 24 uͤnd
2250 2337 148 32 Erhallung
2421 2337 44 26 der
2488 2335 264 32 Atbeitafreudigteit.
2795 2335 92 25 Mitiel
2912 2333 88 32 hierzu
3025 2332 52 31 ſind

2172 2372 81 28 neben
2277 2371 135 32 hygieniſch
2438 2370 199 28 einwandireien
2685 2368 141 29 ———
2831 2372 120 54 —
2977 2366 102 31 freund-

2171 2405 59 26 liche
2260 2402 139 30 Eindrude
2425 2403 156 31 vorbildiiche
2607 2402 119 31 Leitung
2753 2403 61 30 gute
2867 2400 211 31 Entlohnung.

2174 2437 40 27 GEs
2232 2437 96 32 folgten
2346 2437 165 30 Beratungen
2528 2436 26 25 in
2570 2434 172 34 geſchloſſener
2759 2434 210 32 Verſammlung.

2195 2506 159 69 Schluß
2384 2508 75 58 der
2487 2497 574 77 Anthropologen⸗Tagung.

2219 2595 56 27 Der
2300 2594 355 34 Freitagnachmittagſitzung
2681 2596 60 31 ging
2768 2594 39 26 die
2832 2594 153 31 Eröffnung
3007 2593 74 25 einer

2171 2627 243 35 Lusſteltung
2446 2629 384 31 endpaltolithiſcher
2866 2628 69 26 und
2969 2627 113 31 meſo—

2171 2663 186 31 lithiſcher
2375 2661 122 34 Funde
2516 2667 68 22 aus
2603 2664 57 25 der
2679 2662 205 33 ungegend
2901 2666 65 21 von
2984 2660 45 31 Sa
3032 2656 50 44 m⸗

2170 2698 90 31 burg
2277 2698 34 25 im
2329 2695 123 32 Mufeum
2470 2697 43 30 jür
2531 2697 172 26 Völkerkunde
2720 2697 103 31 vorauf.
2856 2696 38 25 Es
2911 2695 54 30 ſind
2983 2694 98 32 Funde.

2170 2731 37 25 die
2230 2730 48 25 Sr.
2300 2730 208 31 Schwantes
2530 2733 26 25 in
2578 2731 43 25 der
2642 2729 106 33 Gegend
2767 2735 50 20 von
2838 2729 179 31 Ahrensburg,
3037 2736 44 18 am

2171 2764 135 31 Schaalſee
2329 2765 53 25 und
2402 2763 135 31 Duvenſee
2560 2764 110 33 gemacht
2693 2765 52 30 hat.
2768 2765 53 25 und
2843 2763 65 26 über
2932 2764 76 27 deren
3031 2763 51 25 Be⸗

2171 2799 113 32 deutung
2305 2805 30 18 er
2358 2798 43 31 ſich
2425 2799 27 25 in
2474 2799 86 25 einem
2586 2798 136 31 feſſelnden
2746 2797 117 32 Lortras
2886 2796 117 32 auberte.
3043 2796 38 26 Es

2168 2832 107 31 handelrl
2289 2831 43 31 ſich
2348 2839 44 18 um
2408 2831 46 26 das
2471 2831 170 32 Sandwerkz⸗
2658 2832 53 26 und
2725 2831 130 32 Rüſtzeug
2868 2830 76 27 eine?
2962 2829 119 26 Nannes

2170 2868 51 22 aus
2248 2867 43 24 der
2319 2866 131 25 mittleren
2478 2865 142 32 Steinzeit;
2650 2864 153 33 Werlzeuge
2829 2865 65 25 aller
2922 2863 56 30 Art,
3003 2864 78 31 Solz⸗

2170 2900 106 30 ſchaber.
2299 2894 113 41 Rnochen
2421 2894 118 41 ſpitzen.
2545 2899 170 30 Pfeilſpitzen,
2744 2899 113 32 Klingen
2888 2898 70 31 uſw.,
2987 2898 37 26 die
3054 2899 26 24 in

2168 2934 153 28 Glaslaſten
2345 2934 41 26 der
2409 2934 169 31 allgemeinen
2600 2933 176 32 Beſichtigung
2798 2932 149 33 zugãnglich
2970 2932 109 31 gemacht

2169 2966 60 30 ſind.
2267 2967 66 32 Auch
2350 2967 59 27 eine
2428 2972 48 21 von
2496 2967 39 26 B.
2553 2967 146 31 Sanſen
2720 2967 159 31 (Gamburg!
2901 2966 104 31 daſelbit
3023 2966 56 26 ein-

2167 3002 131 31 gerichteze
2323 3000 179 32 Ausitellung:
2530 3000 227 27 Steindenkmaler
2782 3002 54 25 und
2860 3000 218 32 Denkmalsſchutz

2169 3036 75 25 bietei
2265 3035 51 25 inte
2321 3030 124 40 reſſantes
2466 3034 137 27 Material.

2217 3076 48 28 Die
2292 3076 130 32 Vorträge
2448 3077 106 26 wurden
2581 3076 146 32 fortgeſetzt.
2769 3077 76 30 Prof.
2871 3076 49 25 Dr.
2946 3075 133 32 Czeta-

2168 3110 132 31 nowſti
2320 3109 144 33 (Cemberg)
2482 3111 81 30 ſprach
2581 3110 63 27 über
2662 3111 48 25 das
2727 3111 125 29 Broblem
2871 3112 43 24 der
2933 3109 146 32 pfnchichen

2168 3144 208 31 Difjerentation
2402 3145 42 25 der
2469 3145 194 30 Komponenten
2690 3146 42 24 der
2758 3145 177 29 eutopaiichen
2960 3143 120 27 Bevõlle⸗

2169 3184 81 26 rung;
2272 3178 74 29 Prot.
2366 3178 50 26 Dr.
2436 3173 73 41 Neſt
2520 3173 62 41 ner
2603 3178 157 32 (SGamburg)
2781 3178 64 26 über
2867 3179 37 24 die
2925 3177 154 32 Bedeutung

2169 3216 49 22 von
2254 3211 396 33 Stoffwechſelunterſuchungen
2685 3212 44 29 für
2761 3212 40 25 die
2835 3211 79 31 Lehre
2949 3216 49 21 von
3032 3211 45 26 den

2169 3244 223 32 Menſcheninpen;
2417 3245 73 29 Prof.
2512 3245 48 26 Dr.
2583 3246 91 28 Byhan
2699 3245 157 31 (Gamburg
2877 3245 145 27 erlãuterte
3043 3253 35 17 an

2165 3279 74 26 einer
2263 3278 162 33 Sammlung
2448 3283 52 21 aus
2525 3278 145 26 Sardinien
2694 3280 45 25 den
2763 3279 114 31 Einfluß
2901 3280 42 25 der
2967 3279 110 25 Umwelt

2167 3313 49 31 auf
2245 3312 37 26 die
2311 3312 203 33 Ausgeifaltung
2545 3312 129 34 jachlichen
2704 3312 213 32 Kulturbeſizes;
2948 3312 129 31 Fräulein

2166 3346 101 30 Sahn
2294 3346 124 31 (erlin),
2458 3348 34 25 die
2519 3347 138 30 Schweſter
2683 3347 44 25 des
2768 3346 309 32 Wirtſchaftshiſtoritera

2167 3380 105 26 Eduard
2296 3380 84 30 Sahn.
2403 3381 83 30 ſprach
2508 3381 64 26 über
2594 3380 82 31 deſſen
2700 3380 227 32 Unterſuchungen
2951 3379 64 27 über
3040 3381 37 25 die

2167 3413 233 33 Weltanſchauung
2416 3416 43 24 der
2473 3414 171 31 Brlugkultur
2661 3415 54 25 und
2729 3414 49 26 Or.
2795 3413 155 33 Schmidt
2966 3413 111 31 (CTübin-

2167 3449 58 30 gen)
2244 3449 112 30 entwarf
2375 3457 35 17 an
2429 3450 42 24 der
2489 3449 77 30 Hand
2583 3452 49 22 von
2651 3448 167 31 Lichtbildern
2833 3449 45 26 ein
2896 3448 181 30 intereſſantes

2166 3481 61 26 Bild
2253 3480 41 27 der
2321 3481 157 31 Vohnweiſe
2505 3482 42 27 des
2573 3481 166 32 Urmenſchen
2766 3482 43 26 der
2836 3482 142 31 Sieingeit:
3007 3482 70 25 Aus⸗

2167 3516 151 31 grabungen
2342 3517 35 24 im
2401 3516 148 31 Aichbichler
2572 3516 78 25 Noor
2674 3515 81 28 haben
2780 3516 131 29 erwieſen,
2935 3516 49 30 daß
3007 3516 69 31 ſchon

2166 3551 78 30 dieſer
2261 3549 236 31 frühmenſchlichen
2517 3549 109 29 Periode
2645 3550 159 32 zweiftöckige
2823 3550 103 30 Säuſer
2944 3549 64 31 nicht
3029 3558 47 18 un-

2166 3583 109 27 belannt
2297 3590 95 21 waren.
2429 3584 49 26 Dr.
2499 3584 87 28 Boll
2606 3582 157 33 Gamburg)
2786 3584 127 31 ſchilderie
2933 3585 28 25 in
2983 3584 93 30 feinem

2164 3617 131 32 Vortrage
2312 3618 63 25 über
2392 3617 38 26 die
2446 3617 282 33 Wechſelbeziehungen
2745 3620 42 24 der
2805 3617 218 32 Bapillarmuſter
3040 3619 35 25 im

2150 3646 93 41 Beväl
2243 3646 192 41 lerungskreis.

2212 3693 52 25 Die
2287 3692 148 32 heutige
2459 3692 382 34 Lormittagslitzung
2864 3693 99 28 brachte
2974 3688 55 43 wie
3028 3688 47 43 de⸗

2163 3735 62 17 rum
2245 3727 81 27 ſieben
2346 3727 129 32 Vorträge
2494 3731 51 22 aus
2565 3728 46 25 den
2612 3723 137 40 verſchie
2753 3723 65 40 denen
2839 3727 236 32 Wiſenzgebieten.

2165 3760 138 31 Lebhaftes
2331 3760 128 30 Jntereñe
2487 3762 62 29 fand
2578 3762 37 26 die
2642 3761 163 30 Mitteilung,
2833 3761 50 31 daß
2910 3761 38 26 die
2975 3761 100 30 weſtre⸗

2164 3795 103 31 bungen
2283 3801 47 24 zur
2346 3794 148 33 Gründung
2510 3796 72 26 eines
2598 3795 228 30 völkerkundlichen
2842 3795 54 26 und
2910 3795 165 30 anthropolo-

2168 3822 89 63 lchen
2278 3827 168 32 Filmarchivz
2467 3830 60 30 feſte
2545 3829 101 30 Geſtalt
2665 3837 192 24 angenommen
2877 3829 92 31 haben.

2180 3866 41 12 —
3019 3872 24 21 .

2202 1145 97 129 21
2341 1145 113 32 Vortrag
2476 1146 63 25 über
2558 1146 50 25 den
2630 1144 116 30 Sinn
2783 1144 63 25 der
2866 1141 225 28 Ratlonalie

2194 1185 8 18 i

3461 328 189 34 Coanabend,
3666 327 34 29 4.
3716 324 111 36 Auguſt
3844 323 91 30 Ivas

3392 437 109 60 Eine
3536 434 255 70 951aͤhrige.

3772 544 91 7 —

3750 555 42 9 —
3803 552 58 13 —
3879 549 114 12 —

3818 1617 84 25 Ghot.:
3924 1616 99 24 Stubis.

3186 1672 52 26 Die
3259 1671 93 28 Bitwe
3374 1669 243 33 Shumacher,
3639 1668 192 31 Lincolnſtraße
3851 1668 40 28 28,
3909 1667 75 32 feiert
4004 1673 45 20 am

3137 1705 23 24 8.
3178 1705 97 30 Auguft
3290 1704 74 30 ihren
3380 1704 39 25 86
3435 1703 173 36 Geburtõtag.
3625 1702 50 27 Sie
3690 1702 85 29 wohnt
3793 1702 38 26 bei
3850 1700 83 31 ihrem
3948 1699 101 28 Sohne

3137 1738 60 27 Den
3247 1738 137 31 Hamburger
3410 1736 125 32 Anzeiger
3559 1736 56 30 licſt
3638 1736 50 25 das
3712 1734 163 31 Mütterchen
3899 1733 61 31 noch
3981 1739 68 21 ohne

3138 1771 90 25 Brille.

3216 1851 45 22 Die
3283 1850 107 25 Romitfe
3411 1850 39 25 für
3471 1851 45 21 den
3536 1849 161 24 Mitteiſtans,
3718 1848 184 46 evn
3947 1846 23 25 5.
3992 1846 59 24 Ro⸗

3136 1877 136 24 treuzhauã,
3290 1876 26 23 ii
3343 1877 40 23 ſctt
3400 1876 87 21 wicder
3505 1875 84 24 tàmich
3606 1876 48 19 von
3671 1874 14 21 8
3704 1874 40 21 nis
3761 1873 14 21 3
3906 1873 65 50 3
4003 1872 48 23 —

3137 1901 61 21 ſadei
3222 1905 40 21 zut
3336 1901 96 24 nglolen
3455 1899 161 28 Beſioigung
3640 1899 64 45 —
3712 1893 88 38 Berda
3937 1902 31 20 nd
4002 1898 49 20 von

3138 1927 90 24 Lurus-
3248 1930 15 17 u
3316 1924 306 25 Gedrauchsgegenſtanden
3665 1928 24 17 ein.

3179 1959 13 14 2
3212 1958 126 22 Amttiches
3358 1957 200 25 Fernlyrechdtuch-
3594 1956 45 23 Die
3660 1955 149 25 Orucoaen
3828 1955 44 21 mit
3890 1955 46 22 ben
3954 1954 95 24 NRamn

3159 1983 94 25 Nedrich
3275 1984 78 22 Rieler
3376 1982 69 24 Nach!
3515 1987 29 16 m.
3550 1977 69 36 Gef.
3634 1981 24 21 vi

3321 2008 26 21 Fer
3382 2000 72 28 Ai
3535 2008 13 19 c
3583 1998 43 30 des
3650 1983 73 69 —
3693 1977 70 60 8**
3800 1980 91 46 8*
3913 1981 136 72 ——2

3168 2012 29 16 on
3283 2013 17 16 —
3341 2008 20 28 t.
3406 2012 58 16 uſtu
3521 2011 41 16 elle
3902 2021 6 8 d

3144 2010 118 47 ee.
3280 2033 21 21 2
3322 2027 107 55 Eechob.
3449 2032 107 25 Simmer
3562 2026 36 36 g
3676 2035 30 17 von
3736 2009 15 44 —
3766 2005 22 48 —
3787 2001 41 61 —
3862 2005 51 50 —
3926 2026 42 36 ner

3187 2058 136 22 —
3456 2097 259 66 ölüulfeuet.

3185 2181 66 29 Man
3275 2181 69 31 ſollte
3367 2181 43 30 ſich
3432 2180 64 32 nicht
3519 2181 25 31 ſo
3568 2180 56 32 ſehr
3650 2180 109 26 darüber
3781 2180 133 31 gufregen,
3935 2180 51 31 daß
4008 2187 36 20 au

3135 2215 132 30 einzelnen
3314 2214 102 26 Stellen
3460 2216 44 23 des
3549 2220 86 20 neuen
3678 2213 366 32 Unterarundbahn?

3137 2247 155 27 tunnels
3321 2247 46 26 das
3392 2246 98 31 Waſſer
3517 2246 163 31 durchſickert.
3723 2245 70 28 Man
3819 2245 63 29 lann
3907 2245 136 33 ſchlieblic

3136 2280 92 26 immer
3249 2279 57 31 noch
3323 2279 51 26 den
3394 2279 106 31 Kraſſin
3521 2287 47 24 zur
3591 2277 184 35 Hilfeleiſtung
3793 2279 168 31 heranholen.

3577 2331 16 15 —

3184 2362 61 26 Daz
3279 2361 170 32 Deutſche
3486 2361 320 32 Schauſpielhaus
3844 2362 79 27 unter
3959 2362 85 27 einem

3136 2402 84 22 neuen
3238 2395 225 29 Generalditeltor
3480 2395 108 31 etõifnet
3606 2395 70 31 feine
3693 2395 129 31 Epielzeit
3838 2395 48 28 mit
3904 2395 80 28 Was
4001 2393 43 35 ior

3135 2428 93 26 wollt“.
3262 2428 42 26 Ob
3323 2428 74 31 dieſer
3415 2428 69 27 Titel
3501 2428 42 27 ein
3561 2428 160 32 Programm
3740 2428 135 26 bedeutet!

3182 2510 61 26 Das
3263 2517 66 19 neue
3354 2510 307 32 Umſtetgelyſtem
3681 2510 63 26 ber
3770 2510 271 34 StraBbenbahn

3135 2543 117 37 verlührt
3273 2543 76 26 leider
3370 2544 64 26 viele
3437 2514 85 65 Fozu
3620 2543 37 29 die
3679 2543 65 33 ſonſt
3765 2543 83 34 wenig
3890 2545 35 26 Zeit
3943 2544 98 33 hatten.

3135 2572 131 41 Auzflüse
3304 2583 32 24 zu
3376 2583 43 19 ma
3524 2577 39 25 die
3585 2577 33 30 fie
3641 2576 92 32 früher
3772 2577 45 26 nie
3839 2584 17 20 u
3936 2584 106 21 omumeã

3134 2605 96 39 hätten.

3183 2675 49 28 Die
3283 2675 87 38 Zellen
3418 2676 45 26 der
3511 2674 443 34 Fernſprechautomaten
3999 2677 44 28 ber

3134 2707 155 39 Jnnenſtadt
3310 2710 93 26 dienen.
3427 2709 126 32 ſcheindar
3576 2709 84 28 vielen
3685 2709 98 28 Seuten
3805 2710 42 26 alg
3869 2709 107 28 Kontor.
4001 2711 39 26 Ei

3134 2741 116 31 erſcheint
3270 2749 49 19 nur
3338 2742 112 32 fraglich,
3470 2742 31 25 ob
3520 2742 32 30 ſie
3571 2742 45 31 ſich
3632 2743 25 28 in
3675 2742 88 29 einem
3780 2743 141 33 wirklichen
3938 2743 102 28 Kontor

3134 2775 89 31 ebenſo
3244 2775 127 31 ftandhaft
3392 2775 144 31 behaupten
3556 2775 115 27 würden.

3579 2824 17 14 6

3183 2855 60 27 Das
3270 2855 209 32 Fernſehen
3505 2856 45 28 im
3576 2855 201 34 Runbfunk
3921 2857 120 26 ewaltige

3125 2883 170 41 Fortſchritte
3322 2855 101 64 —
3449 2890 53 24 und
3527 2889 57 27 eine
3610 2888 115 32 Zukunft
3758 2889 53 31 ——
3965 2865 76 58 H

3136 2922 78 31 jedoch
3241 2922 81 32 wenig
3348 2922 68 27 Wert
3441 2923 98 31 darauf,
3560 2922 47 27 den
3634 2922 95 27 Neann.
3755 2923 43 26 der
3821 2926 52 23 uns
3896 2923 37 27 im
3983 2930 57 19 Ham⸗-

3134 2955 94 31 burger
3246 2955 103 26 Sender
3367 2955 49 29 den
3432 2955 190 33 Wetterbericht
3642 2956 151 32 vorſtottert,
3811 2957 63 31 auch
3889 2957 58 32 noch
3977 2958 64 31 fehen

3133 2995 32 24 zu
3183 2988 108 31 müſſen⸗

3572 3024 16 17 8

3182 3055 38 26 Es
3244 3055 134 32 entſpricht
3398 3055 63 32 nicht
3482 3055 50 28 den
3555 3055 150 32 Tatſachen.
3799 3056 48 27 den
3870 3055 168 33 Mitgliedern

3133 3088 44 26 de?
3205 3088 228 33 Samburger
3459 3089 281 30 Sportverein?
3745 3084 88 44 bas,
3836 3089 202 35 Ehrenbürger-

3132 3121 61 37 recht
3215 3121 134 31 zuerlannt
3372 3122 92 27 wurde.
3483 3122 205 32 Burgermeiſter
3708 3122 121 31 Beterſen
3851 3128 55 20 war
3922 3123 63 30 nicht
4020 3130 18 17 zu

3133 3154 80 31 dieſer
3233 3154 107 33 Ehrung
3362 3162 31 24 zu
3416 3156 126 30 bewegen,
3564 3155 99 30 obwohl
3685 3162 63 20 man
3769 3155 40 25 bei
3829 3155 43 26 der
3890 3155 54 25 e

3121 3181 57 42 der
3237 3186 79 59 tete
3322 3189 64 28 den
3410 3187 110 33 Verſuch
3545 3188 100 31 machte.
3670 3188 45 31 ihn
3738 3188 48 25 mit
3811 3187 155 33 Majeftaͤt
3991 3195 47 20 an⸗-

3133 3226 120 23 zureden.

3412 3657 15 44 Eb

3413 3708 47 35 EE
3493 3697 87 33 Frita
3591 3693 160 54 tenment.
3755 3693 77 54 Hiel

341 3982 184 74 Marto
569 3979 157 83 polos
767 3976 282 74 Millionen.

509 4076 101 26 Roman
630 4077 48 22 von
697 4072 82 31 Frank
797 4071 95 28 Oeller.

243 4122 92 33 Einzig
365 4120 103 33 autoriſ.
497 4120 196 29 Ueberitagung
724 4119 50 24 aus
804 4116 56 27 dem
890 4113 183 33 Schwediſchen
1102 4115 49 22 von

580 4153 89 30 Marie
686 4154 126 31 Franooa.

655 4209 96 12 —

291 4237 50 29 (Gi.
360 4234 183 33 Fortſetzung.

294 4283 215 36 „Sechshundert
525 4282 88 34 Jahre
629 4279 112 35 ſrüter.“
757 4279 62 34 ſuht
832 4279 47 27 der
894 4278 99 29 Doktor
1010 4277 143 34 foxt.,„det

246 4321 132 34 ungefähr
398 4320 103 33 vreitzig
521 4319 108 35 Zahren
648 4317 83 34 begab
752 4324 30 20 es
801 4316 50 35 ſich,
871 4316 51 33 dah
941 4315 74 28 einer
1035 4315 44 25 der
1096 4308 58 52 Ab⸗

247 4346 37 49 koͤm
277 4359 129 32 mlinge
442 4356 98 33 Meſſer
575 4355 115 28 Marcos
727 4354 64 27 übet
825 4353 51 26 das
913 4351 119 33 Schicklal
1068 4350 87 33 ſeines

245 4395 206 29 Siammnvaters
471 4392 193 35 naͤchzudenken
684 4391 113 34 begann.
826 4390 37 27 Et
884 4389 65 34 ging
969 4389 95 30 daran,
1084 4386 69 33 ſeine

245 4431 189 33 Reiſeberichte
450 4437 31 26 zu
498 4430 141 33 ſtüdieren,
655 4427 54 28 und
727 4427 42 28 dei
786 4426 87 33 dieſen
889 4425 120 28 Studien
1025 4424 83 27 baute
1126 4429 28 21 er

246 4468 43 64 F
311 4468 25 33 ſo
359 4466 152 33 allmählich
534 4467 59 26 eine
617 4465 114 33 Theorie
756 4463 54 33 auf.
841 4462 86 28 Seine
951 4461 115 32 Theorie
1089 4467 66 24 wat,

264 4505 33 33 at
313 4505 44 27 ein
375 4504 99 31 Mann,
491 4503 45 27 der
553 4502 99 34 ſowohi
670 4508 52 20 von
739 4500 83 33 ſeiner
840 4498 176 33 Heimatſtadt
1034 4498 51 26 wie
1102 4503 53 20 von

246 4541 84 34 ſeiner
356 4540 120 35 Familie
499 4538 26 33 ſo
549 4537 99 34 ſchlecht
673 4536 142 34 behandelt
841 4535 100 31 vurde,
965 4534 67 32 nicht
1058 4528 94 42 umhin

246 4579 103 31 konnte,
367 4576 143 28 verbitteri
528 4582 31 26 zu
579 4575 107 27 werden
702 4588 34 6 —
755 4573 25 32 ſo
799 4572 152 32 verbittert,
968 4571 51 32 daß
1040 4577 28 20 er
1087 4569 67 32 diele

246 4614 198 32 Berbitterung
464 4613 28 26 in
512 4612 43 27 die
576 4611 54 27 Tat
651 4609 122 34 umſetzte.
803 4608 67 29 War
890 4615 30 20 es
941 4605 214 35 wahrſcheinlich,

246 4651 26 35 ſo
291 4651 88 34 fragte
400 4649 42 34 ſich
464 4648 98 34 Meſſer
582 4647 116 29 Natcos
719 4645 177 33 Nachtomme,
916 4644 51 33 daß
988 4644 45 27 ein
1042 4638 112 43 Mann.

246 4689 45 27 der
316 4688 49 27 mit
389 4686 172 33 Mitrauen,
585 4682 78 35 Hohn
686 4683 54 27 und
763 4681 84 33 Spott
872 4681 160 33 empiangen
1056 4680 99 42 wurde.

246 4725 138 36 gutwillig
408 4723 59 27 eine
490 4721 171 28 undankbate
684 4718 152 33 Vaterſtadt
860 4717 55 27 und
938 4718 60 26 eine
1022 4716 133 33 verſtänd⸗

248 4761 99 33 alsloſe
368 4759 120 34 ſamilie
506 4758 44 28 die
569 4757 168 32 Reichtümer
756 4755 79 27 etben
854 4753 63 34 ließ,
936 4754 43 27 die,
998 4760 28 20 er
1048 4753 29 27 in
1098 4757 57 22 dem

246 4797 173 35 ichwindelnd
439 4795 101 35 reichen
558 4794 81 34 Oſten
657 4792 152 35 gelammelt
829 4790 86 33 haben,
936 4789 111 33 mußte?
1074 4789 82 32 Rein⸗

248 4836 51 26 daͤs
318 4841 59 20 war
396 4832 67 33 nicht
481 4830 215 33 wahrſcheinlich
716 4837 30 20 es
766 4827 168 33 widerſprach
953 4827 49 26 den
1022 4821 132 51 innerſten

247 4871 117 34 Gefeßen
384 4871 44 26 der
450 4867 179 34 menſchlichen
651 4866 99 32 Nätur,
771 4865 50 33 daß
844 4872 27 20 et
893 4864 51 26 das,
965 4864 81 41 getän
1068 4862 87 34 haben

249 4908 81 33 foliic.
356 4907 73 27 Aber
448 4912 60 21 was
528 4904 75 33 hatte
623 4910 28 21 er
671 4903 73 27 dann
764 4903 50 26 mit
833 4901 50 27 den
901 4899 188 33 Reichtümern
1108 4906 48 20 an⸗

249 4944 140 34 gefangen,
418 4943 42 26 die
490 4947 27 21 er
548 4941 28 27 in
606 4939 86 34 dieſen
721 4938 116 35 fiebzehn
865 4937 107 34 Jahren
1002 4931 154 51 geſammelt

248 4981 87 34 zaben
360 4979 90 33 mußte
474 4983 55 23 und
554 4976 49 33 auf
627 4977 43 26 die
695 4983 28 20 er
747 4976 132 32 übrigens
906 4974 28 27 in
958 4973 84 33 ſeinet
1066 4971 90 33 Reife⸗

249 5017 183 33 beſchreibung
454 5016 47 26 des
524 5013 102 34 öfteren
649 5011 151 35 anſpielte?
831 5011 71 28 Sein
926 5010 149 33 Teſtament
1099 5015 59 20 wat

249 5054 132 33 erhalten,
399 5052 64 28 aber
481 5059 30 20 es
528 5052 41 26 tat
588 5050 126 27 teinerlei
731 5048 177 33 Erwähnung
927 5054 51 20 von
997 5041 160 41 beſonderen

249 5090 196 33 Neichtümern,
464 5089 86 27 weder
569 5086 61 33 nach
650 5085 106 34 jetzigen
774 5085 59 32 noch
851 5085 60 32 nach
931 5082 157 34 damaligen
1104 5082 53 28 Be⸗

250 5127 108 34 griſſen.
388 5125 72 29 Man
481 5125 88 33 wußte
590 5122 76 33 nicht,
685 5123 50 32 daß
755 5128 28 21 er
803 5121 45 28 der
870 5120 90 33 Kirche
983 5118 172 35 irgendeinen

268 5164 109 33 roͤßeren
399 5162 104 33 Betrag
523 5159 125 36 aeſchenkt
669 5158 83 33 hätte,
774 5165 59 20 was
856 5157 29 33 ja
905 5156 124 34 dazumal
1052 5156 42 26 die
1115 5161 42 27 ge⸗

250 5172 158 61 —
427 5198 81 34 Form̃
527 5204 67 25 war,
611 5195 69 34 ſeine
700 5195 183 28 Lerwandten
900 5200 45 21 um
962 5194 42 26 die
1024 5191 133 34 Erbichaft

250 5245 31 27 zu
302 5238 110 33 prellen.
443 5236 72 27 Man
538 5233 89 34 wußte
650 5231 150 33 überhaupt
823 5231 92 33 nichts,
937 5230 50 27 das
1010 5229 66 42 Feld
1099 5234 58 21 war

251 5275 44 33 für
321 5271 167 36 Hypothelen
514 5271 61 33 frei.
600 5269 55 28 und,
682 5268 96 33 Meſſer
805 5268 138 27 Miliones
969 5261 190 42 Abloͤmmling

251 5311 82 32 ſtellt?
357 5311 59 26 eine'
440 5307 147 34 Hypothefe
610 5304 61 34 nach
695 5309 44 22 der
763 5305 117 26 anderen
902 5303 55 33 auf.
988 5303 52 27 Sie
1064 5302 94 34 batten

251 5348 52 27 afle
324 5348 50 26 den
397 5345 115 33 Vorzug.
535 5343 67 33 nicht
624 5341 139 33 widetlegt
785 5341 105 27 werden
911 5347 31 27 zu
965 5340 108 27 können.
1106 5338 52 29 Die

252 5383 157 33 Atienſtüce
431 5381 112 33 reichten
563 5381 66 33 dazu
651 5378 66 34 nicht
737 5384 60 20 aus
825 5377 72 28 Aber
918 5376 179 33 andererleus
1117 5382 42 27 ge⸗

252 5422 106 26 nierten
383 5421 31 32 ſie
437 5418 171 32 nienanden,
631 5416 55 27 und
708 5415 44 26 der
773 5414 100 33 Mann,
897 5414 45 27 der
965 5413 31 34 ſie
1019 5412 140 33 aufftelte,

252 5458 75 33 hatte
351 5457 61 34 Zeit
438 5462 87 27 genug
548 5460 60 28 zum
632 5450 217 35 Theoretiſteren,
872 5451 70 27 denn
966 5457 28 20 er
1020 5450 66 27 ierte
1111 5448 48 34 ſeit

252 5495 91 27 dielen
365 5492 108 36 Jahren
497 5491 29 28 in
547 5491 76 27 einer
646 5490 51 27 Utt
720 5487 173 35 ſreiwilligen
917 5485 188 35 Landesflucht
1130 5486 29 28 in

252 5532 111 32 Europa
382 5528 118 36 hetum.

302 5568 102 32 Gräfin
423 5565 112 28 Sandra
555 5571 58 20 war
630 5563 65 33 blat
713 5569 47 20 vor
779 5560 164 35 Spannung.

301 5602 144 36 Weitet⸗
463 5601 71 34 ſagie
552 5601 41 33 ſie.
611 5599 121 34 „weller!
760 5596 69 30 Was
847 5596 47 33 bat
912 5597 37 27 all
968 5596 59 28 vis
1043 5595 50 21 —

319 5642 87 27 Eines
425 5638 103 34 ſchoͤnen
548 5636 116 34 Tages,“
682 5636 61 33 fuhr
760 5635 45 27 der
824 5633 99 29 Doktot
942 5633 62 33 jott.
1023 5633 72 33 „lom
1115 5632 45 27 der

235 5659 107 58 guleũ
363 5681 56 23 dem
436 5674 216 33 unermüdlichen
669 5671 168 35 Theoretiter
853 5677 31 27 zu
902 5670 81 32 Hille.
1001 5670 44 28 Et
1062 5669 98 33 bejand

254 5715 42 33 ſich
320 5715 29 26 in
373 5712 165 33 Strabburg.
561 5711 51 26 das
636 5710 110 27 damals
768 5709 59 26 eine
849 5706 112 33 deutſche
985 5707 85 28 Stadt,
1095 5713 66 25 war.

255 5752 53 27 und
331 5758 28 19 er
381 5756 57 22 war
460 5749 86 27 damit
567 5746 159 34 beſchäftigt,
747 5752 58 27 zum
826 5743 170 35 zwanzigſten
1018 5743 79 29 Male
1118 5743 43 27 die

254 5785 263 35 Reiſebeſchreihung
560 5784 87 34 ſeines
690 5783 204 29 Siammvaters
937 5781 29 27 in
1009 5781 51 26 den
1103 5786 58 20 ver⸗

255 5823 165 35 ſchiedenften
439 5822 148 28 Ediſlonen
606 5819 198 35 durchzugehen.
830 5818 37 28 Er
885 5817 74 33 hatte
977 5817 29 28 in
1025 5817 74 28 einer
1116 5816 46 27 der

255 5860 149 34 Ausgaben
425 5859 53 27 alle
499 5858 108 28 Stellen
629 5856 193 34 unierſtrichen.
843 5855 43 27 die
907 5854 68 33 leine
995 5853 116 34 Theorie
1131 5859 30 27 zu

256 5897 164 34 deträͤftigen
445 5895 114 33 ſchienen
580 5908 34 7 —
636 5894 59 32 jene
718 5893 116 32 Stellen,
857 5891 42 27 die
923 5898 52 20 von
998 5893 50 24 den
1061 5884 101 41 Reich⸗

257 5934 107 30 jümern
386 5932 124 36 ſprechen.
531 5932 43 28 dia
597 5931 99 31 Matco
716 5929 73 35 Volo
812 5936 52 21 aus
887 5928 91 34 Cbina
1000 5926 164 34 mitbrachte

1208 3940 55 27 und
1280 3939 42 27 die
1341 3940 29 26 in
1388 3939 87 26 einem
1492 3937 259 28 unüberbrückbaren
1767 3936 180 34 Widerſpruch
1966 3938 50 26 mit
2034 3937 81 27 allem

1207 3976 95 32 ſtehen,
1323 3982 60 20 was
1404 3982 64 19 man
1489 3974 64 27 über
1573 3973 68 33 ſeine
1662 3973 181 33 Lebensweiſe
1866 3974 28 26 in
1916 3974 122 33 Venedig
2061 3974 54 26 und

1208 4012 66 27 über
1300 4011 56 34 ſein
1382 4011 152 33 Teſtament
1563 4010 74 33 weiß.
1674 4009 60 29 Das
1761 4010 74 32 hatte
1866 4009 45 34 ihn
1939 4010 67 33 nicht
2036 4011 79 26 einen

1206 4048 103 33 Schritt
1327 4048 83 32 näher
1426 4055 46 26 zur
1490 4047 102 33 Löſung
1610 4046 126 34 gebracht,
1753 4047 54 27 und
1823 4047 50 27 das
1891 4047 95 27 konnte
2005 4053 30 20 es
2053 4047 61 32 auch

1208 4085 76 32 nicht,
1301 4085 69 27 denn
1388 4085 52 26 das
1450 4084 145 31 Material,
1613 4084 49 27 mit
1679 4083 58 27 dem
1747 4091 28 19 er
1785 4084 138 32 operierte,
1942 4090 58 20 wat
2020 4084 95 26 immer

1208 4121 129 33 dasſelbe.
1362 4120 69 29 Was
1448 4128 28 20 er
1494 4120 128 33 brauchte,
1639 4127 56 20 war
1714 4127 83 20 neues
1814 4119 144 28 Material.
1984 4120 38 27 Er
2041 4120 74 31 hatte

1208 4165 30 20 es
1254 4159 29 26 in
1299 4156 218 35 zeitgenöſſiſchen
1533 4157 131 32 Schriften
1683 4156 105 34 geſucht,
1804 4156 63 28 aber
1883 4155 68 33 ohne
1966 4163 31 26 zu
2014 4156 102 32 finden.

1208 4201 61 20 was
1285 4201 28 19 er
1329 4193 88 33 ſuchte.
1434 4194 39 28 Er
1490 4193 74 32 hatte
1583 4194 40 26 die
1639 4192 188 33 Bibliothelen
1845 4193 128 31 Eutopas
1991 4190 124 34 refultat-

1208 4231 45 26 los
1272 4230 180 32 durchſtöbert.
1481 4229 72 28 Aber
1571 4230 58 33 hier
1648 4230 28 26 in
1697 4229 156 34 Straßburg
1871 4229 74 33 ſollte
1966 4236 28 20 er
2013 4228 102 34 finden,

1208 4274 60 20 was
1286 4274 28 20 er
1331 4266 88 34 ſuchte.
1446 4265 60 29 Und
1523 4273 59 20 was
1600 4273 27 20 er
1646 4265 72 34 fand,
1736 4273 58 20 war
1811 4266 83 27 dies
1908 4265 25 29 !“

1257 4312 40 27 Er
1318 4311 82 33 nahm
1420 4312 45 27 ein
1485 4311 30 27 in
1537 4311 80 28 Leder
1638 4311 170 34 gebundenes
1829 4310 287 34 Vergamentbüchlein

1208 4355 53 21 von
1279 4349 59 26 einen
1382 4348 217 33 Seitentiſchchen
1617 4350 53 24 und
1687 4347 68 34 hielt
1772 4355 30 20 es
1819 4347 25 33 ſo
1863 4348 27 26 in
1907 4348 43 26 die
1968 4347 80 32 Höhe,
2065 4346 51 33 daß

1209 4385 52 28 alle
1282 4393 30 19 es
1342 4392 65 20 ſchen
1428 4385 122 27 konnten.
1580 4384 100 33 Gräfin
1701 4384 113 28 Sandra
1836 4384 54 27 und
1911 4384 46 27 der
1978 4384 139 34 Aſtrologe

1209 4422 177 33 betrachteten
1404 4429 30 19 es
1452 4422 51 26 mit
1521 4421 136 32 Staunen,
1674 4421 44 26 der
1736 4420 74 28 treue
1828 4421 150 33 Chauffeur
1996 4420 120 34 Schmidt

1210 4459 50 27 mit
1287 4459 87 27 einem
1402 4458 259 33 verſtändnisvollen
1687 4457 116 33 Grinſen
1830 4458 54 27 und
1912 4457 106 33 Signor
2046 4456 70 28 della

1210 4495 84 28 Croce
1312 4495 50 27 mit
1381 4495 105 33 Augen,
1504 4494 42 27 die
1565 4501 48 20 vor
1631 4493 109 34 Raſerei
1758 4494 238 32 blutunterlaufen
2016 4501 101 19 waren.

1209 4533 38 27 Er
1267 4532 96 32 machte
1383 4532 60 26 eine
1462 4531 80 28 Serie
1561 4530 209 34 konvulſtvlſcher
1789 4531 198 33 Bewegungen,
2007 4537 47 20 um
2074 4529 42 35 ſich

1209 4576 31 27 zu
1262 4567 128 34 befreien,
1416 4568 65 27 aber
1505 4568 42 27 die
1572 4567 109 34 Feſſeln.
1706 4567 43 27 die
1775 4567 115 28 Etienne
1917 4567 131 34 gefangen
2075 4574 41 27 ge⸗

1210 4605 94 33 halten
1324 4605 104 33 hatten,
1447 4604 141 34 beſtanden
1607 4604 42 27 die
1669 4603 98 34 Prode.
1796 4603 110 34 Endlich
1926 4603 141 34 beruhigte
2089 4610 28 21 er

1210 4642 43 34 fich
1272 4642 106 31 wieder,
1397 4641 56 27 und
1471 4641 46 27 der
1535 4640 98 29 Doktor
1653 4640 61 33 fuhr
1751 4640 49 69 z

1259 4678 68 34 „Um
1346 4677 42 34 ſich
1408 4678 146 33 heuzutage
1573 4677 83 33 dieles
1675 4677 47 32 Buch
1765 4677 184 33 auszuleihen,
1970 4677 62 33 muß
2054 4684 63 20 man

1210 4715 42 27 die
1282 4714 154 34 Bürgſchaft
1468 4714 77 28 eines
1575 4714 61 27 oder
1666 4713 93 34 zweier
1791 4713 148 29 bekannten
1971 4713 145 33 Gelehrten

1210 4751 97 34 ſtellen.
1339 4750 46 35 Jch
1409 4750 69 34 weiß
1501 4750 50 27 das
1576 4757 52 21 aus
1650 4751 106 33 eigener
1778 4750 165 34 Erfahrung.
1977 4749 46 34 Jch
2049 4749 68 33 weiß

1210 4788 70 33 auch,
1300 4788 51 33 daß
1373 4795 73 25 man,
1468 4795 78 20 wenn
1567 4794 62 20 man
1651 4786 170 34 langfingrig
1844 4787 29 33 iſt
1894 4787 55 27 und
1972 4786 62 33 leiſe
2058 4786 58 32 auf⸗

1211 4826 72 32 tritt,
1303 4824 67 33 ohne
1390 4825 60 26 eine
1470 4823 77 35 ſolche
1568 4823 152 34 Bürgſchaft
1741 4823 29 27 in
1791 4823 89 33 ſeinen
1901 4824 78 34 Beſttz
1999 4823 118 27 kommen

1210 4861 77 27 kann.
1304 4860 102 35 Welche
1416 4860 196 34 Bedingungen
1631 4867 62 21 man
1711 4867 46 26 zur
1774 4859 131 34 deutſchen
1924 4859 61 35 Zeit
2002 4859 115 32 erfüllen

1211 4897 99 34 mußte,
1330 4898 67 32 weiß
1420 4897 35 33 ich
1477 4897 75 33 nicht,
1573 4896 63 28 aber
1658 4896 34 34 ich
1713 4896 76 33 weiz,
1810 4896 50 34 daß
1882 4896 98 33 Meſſer
2001 4896 116 28 Matcos

1210 4934 204 33 Lblfömmlinge
1431 4934 33 33 ſie
1479 4933 116 33 erfüllte,
1612 4933 68 27 denn
1698 4940 43 20 am
1759 4932 169 35 Nachmitiag
1945 4934 49 26 des
2010 4934 39 26 28.
2067 4932 50 28 Ot⸗

1211 4971 76 28 tober
1304 4978 48 20 vot
1368 4971 119 33 zwanzig
1504 4970 106 34 Jahten
1627 4969 90 28 wurde
1733 4977 30 19 es
1781 4970 54 32 ihm
1853 4969 199 34 eingehändigt.
2079 4970 38 27 Er

1211 5008 75 33 hatte
1318 5007 77 27 laum
1428 5007 70 34 Zeit,
1529 5007 42 26 die
1604 5006 91 33 Hälfte
1727 5006 236 34 durchzublättern,
1996 5006 45 27 ais
2075 5005 42 27 die

1211 5044 156 33 Bibliothek
1392 5042 148 36 geſchloſſen
1565 5043 98 27 wurde.
1696 5043 40 28 Es
1761 5050 58 21 war
1845 5043 69 32 ſeine
1939 5042 108 33 Abſicht,
2073 5049 44 21 am

1212 5081 116 33 nächſten
1345 5081 59 33 Tag
1422 5080 69 33 ſeine
1510 5080 120 27 Studien
1649 5078 170 35 fortzuſezen.
1845 5079 72 28 Aber
1935 5087 30 19 es
2003 5079 53 27 ſtand
2076 5086 42 26 ge⸗

1197 5117 150 34 ſchrieben,
1363 5117 52 33 datz
1431 5124 30 20 es
1479 5117 66 32 nicht
1556 5117 65 33 dazu
1631 5116 117 27 kommen
1765 5115 81 34 ſollte.
1868 5116 45 27 Am
1926 5115 88 33 ſelben
2024 5114 94 28 Abend

1213 5155 59 33 noch
1292 5154 55 33 traf
1366 5161 28 20 er
1412 5155 79 26 einen
1511 5154 184 31 Landsmann,
1713 5153 79 27 einen
1812 5152 174 34 Venezianer,
2004 5153 46 26 der
2071 5152 47 33 ihn

1212 5191 26 33 ſo
1253 5190 93 34 tödlich
1361 5190 153 33 beleidigie,
1528 5190 50 33 daß
1594 5196 29 20 es
1640 5196 51 21 nur
1706 5189 49 27 mit
1770 5189 70 28 Blut
1855 5187 181 35 abgewaſchen
2053 5194 65 21 wer⸗

1212 5228 50 26 den
1280 5228 104 27 konnte.
1410 5227 61 28 Das
1487 5226 81 29 Duell
1587 5226 64 33 fand
1670 5233 44 20 am
1732 5226 117 33 nächſten
1866 5227 117 32 Morgen
2003 5226 28 26 in
2051 5225 67 27 aller

1214 5264 89 34 Frühe
1331 5263 71 34 ſtatt.
1440 5263 55 28 Der
1525 5263 69 33 Graf
1625 5261 26 28 di
1680 5262 118 33 Vaſſano
1824 5263 175 29 verwundete
2029 5261 90 34 ſeinen

1212 5301 107 33 Gegner
1339 5300 26 34 ſo
1384 5299 97 34 ſchwer,
1500 5299 50 34 daß
1569 5300 76 27 kaum
1665 5299 138 33 Hoffnung
1823 5298 114 34 beftand,
1956 5298 55 33 ſein
2030 5298 88 28 Leben

1212 5344 31 27 zu
1264 5340 95 25 tetten.
1390 5337 41 28 Es
1451 5336 73 28 blieb
1546 5337 54 33 ihm
1622 5343 52 21 nur
1694 5336 77 27 eines
1793 5335 87 34 Übrig,
1900 5343 79 20 wenn
2000 5341 28 21 er
2051 5335 67 33 nicht

1214 5375 45 27 ins
1277 5374 156 33 Gefängnis
1450 5374 128 27 wandern
1596 5373 100 27 wollte:
1717 5379 30 27 zu
1766 5372 108 34 fliehen.
1899 5372 39 29 Er
1955 5370 82 35 floh.⸗

1262 5411 56 28 Der
1338 5411 100 28 Dolior
1461 5410 96 34 machte
1579 5410 59 27 eine
1658 5409 84 27 kleine
1762 5408 88 34 Paule
1872 5409 54 27 und
1949 5408 45 34 ſah
2017 5408 101 34 Gräfin

1213 5448 113 28 Sandra
1344 5447 151 34 unſchlüſſig
1512 5454 44 25 an,
1575 5446 78 28 deren
1672 5446 89 33 Bulen
1780 5446 42 33 fich
1840 5453 47 20 vor
1906 5446 143 33 Erregung
2067 5445 52 34 hob

1213 5486 55 26 und
1284 5484 91 34 ſenkte.
1398 5484 53 28 Sie
1466 5484 116 33 forderte
1599 5483 46 33 ihn
1662 5483 50 27 mit
1729 5483 87 27 einem
1832 5482 91 28 Niden
1939 5481 57 34 auf,
2014 5483 105 27 welier⸗

1212 5521 158 34 zuſprechen,
1388 5521 56 27 und
1463 5527 28 20 er
1510 5522 41 25 tat
1569 5527 37 20 es.

1263 5558 69 34 „Die
1352 5558 122 34 ſpäteren
1493 5557 135 33 Schicſale
1649 5556 46 28 des
1714 5555 104 34 Grafen
1836 5556 87 33 baben
1944 5556 52 27 mit
2017 5556 102 27 meiner

1214 5595 140 34 Geſchichte
1380 5595 85 32 nichts
1491 5601 32 26 zu
1550 5596 56 25 tun.
1641 5593 46 34 Jch
1713 5593 57 27 will
1797 5600 51 20 nur
1874 5591 87 35 ſagen,
1987 5592 51 34 dat
2066 5592 54 33 ſein

1214 5631 133 35 Jntereſſe
1366 5631 45 33 fur
1429 5631 99 27 Marco
1547 5630 71 32 Volo
1636 5629 213 35 unvergleichlich
1868 5629 93 34 ſtärker
1980 5629 140 34 geworden

1215 5669 63 34 ſein,
1304 5669 29 32 ja
1359 5675 45 27 zur
1430 5668 179 27 Monomanie
1635 5666 181 35 angewachlen
1842 5666 54 33 ſein
1922 5666 70 33 muß.
2017 5665 48 33 ſeit
2092 5673 28 19 er

1216 5706 97 32 wußte,
1331 5705 50 33 daß
1400 5712 30 20 es
1447 5705 46 27 ein
1510 5704 69 33 Buch
1597 5704 59 33 gab,
1674 5705 28 26 in
1720 5703 57 27 dem
1796 5710 28 20 er
1842 5702 217 35 mäglicherweiſe
2079 5704 42 25 die

1216 5742 178 33 Beſlätigung
1424 5741 84 34 ſeiner
1537 5741 113 32 Theorie
1679 5738 93 35 finden
1802 5740 101 27 konnte.
1944 5738 92 36 Zuerſt
2066 5738 54 33 ſein

1216 5778 81 29 Duell
1318 5778 55 28 und
1393 5777 87 34 ſpäter
1499 5778 45 27 der
1563 5777 83 34 Krieg
1666 5776 124 34 ſchnitten
1811 5776 55 33 ihm
1887 5774 42 29 die
1950 5770 69 45 Moal
2022 5770 94 45 ichkeit

1216 5816 76 27 einer
1310 5815 126 34 Rilckehr
1457 5814 62 33 nach
1538 5813 156 34 Straßoͤurg
1714 5813 42 28 ab.
1784 5813 39 29 Er
1842 5811 74 35 batte
1936 5813 46 27 ein
2002 5813 119 33 einzige⸗

1215 5852 83 33 Kind,
1319 5852 59 27 eine
1399 5851 115 33 Tochted
1544 5849 157 35 Vielleicht“
1719 5864 34 8 —
1771 5850 46 29 der
1837 5849 100 28 Dottor
1959 5849 109 33 lüchelte
2087 5862 34 8 —

1217 5887 148 35 vielteicht
1387 5887 54 34 lieb
1465 5894 28 20 er
1516 5887 42 34 ſich
1581 5894 52 20 von
1655 5886 96 33 ſeinem
1774 5886 187 28 Stammvater
1984 5886 54 28 und
2062 5882 58 34 dem

1214 5926 130 34 geringen
1362 5924 187 35 Venändnia,
1566 5924 50 37 das
1633 5929 27 23 et
1664 5918 63 47 boi
1727 5918 102 47 leiner
1837 5923 101 29 Gaitin
1956 5923 55 28 und
2016 5918 37 47 ſe
2052 5922 68 35 laeu

1672 6257 27 6 —
1705 6256 18 7 u
1841 6260 3 3 V.
1851 6252 116 13 i

2169 3937 57 26 drei
2246 3937 126 31 Töchtern
2392 3937 131 33 gefunden
2545 3937 82 33 hatte,
2648 3944 119 20 warnen.
2796 3937 48 33 Jch
2865 3936 99 34 glaube
2987 3936 87 33 jeden⸗

2169 3973 67 32 falls
2254 3974 65 32 nicht
2336 3980 31 27 zu
2386 3974 81 31 irren,
2483 3981 78 19 wenn
2580 3973 33 33 ich
2631 3973 67 34 ſage,
2716 3973 50 33 daß
2785 3981 27 19 er
2832 3972 70 33 ſeine
2920 3973 155 33 Lieblings⸗

2170 4010 101 31 theorie
2293 4011 45 26 der
2360 4010 106 32 Tochter
2489 4009 147 34 gegenüber
2658 4011 44 26 nie
2724 4010 125 32 berützrte
2870 4024 34 5 —
2926 4009 149 33 möglicher⸗

2171 4046 75 33 weiſe
2266 4047 49 26 mit
2334 4046 157 33 Ausnahme
2509 4047 76 27 eines
2602 4047 121 33 einzigen
2743 4046 118 34 Falles.“

2218 4082 101 33 Gräfin
2338 4082 111 29 Sandra
2470 4082 131 33 ſchüttelte
2621 4083 216 33 verſtaͤndnislos
2857 4083 50 27 den
2929 4082 79 33 Kopf.

2222 4118 54 34 „Et
2303 4120 47 32 hat
2380 4119 45 28 nie
2454 4121 44 26 ein
2529 4119 78 28 Wort
2636 4119 89 27 davon
2755 4119 149 32 erwähnt.“
2934 4118 72 35 ſagte
3036 4119 40 33 ſie.

2171 4156 151 33 „Während
2345 4157 103 26 meines
2470 4155 221 33 Heranwachſens
2714 4155 44 34 ſah
2782 4156 34 33 ich
2840 4157 47 30 ihn
2911 4163 52 20 nur
2986 4155 90 33 ſelten.

2169 4193 73 27 Aber
2264 4193 60 32 auch
2347 4192 85 33 ſpäter
2454 4206 32 6 —
2510 4193 72 31 nein,
2604 4193 108 31 Doktor,
2736 4200 28 19 er
2788 4193 47 32 hat
2860 4193 44 27 nie
2929 4192 45 27 ein
2998 4192 78 28 Wort

2169 4229 116 28 darüber
2305 4229 81 33 fallen
2406 4229 89 32 laſſen.
2523 4228 69 29 Was
2611 4228 51 28 Sie
2683 4229 132 33 erzählen,
2835 4230 85 26 mutet
2942 4228 64 33 mich
3025 4229 51 26 wie

2170 4267 45 27 ein
2237 4266 125 31 Märchen
2384 4273 44 26 an,
2448 4265 63 28 aber
2533 4266 44 27 ein
2600 4265 139 34 Märchen,
2756 4266 59 33 das,
2837 4266 52 27 wie
2912 4264 34 34 ich
2969 4265 107 34 glaube,

2171 4303 75 32 waht
2266 4301 58 35 iſt!“

2178 4339 96 28 .Der
2296 4339 98 28 Doltor
2416 4339 89 33 neigte
2526 4338 118 28 danthar
2665 4339 51 27 den
2740 4338 78 33 Kopf.
2850 4338 84 29 Dann
2957 4338 118 27 wendete

2170 4383 28 20 er
2224 4376 42 33 ſich
2293 4376 84 33 ihrem
2401 4374 213 35 unfreiwilligen
2639 4375 143 34 Gaftgeber
2808 4382 39 26 zu.
2882 4375 72 28 Sein
2980 4374 96 33 Geſicht

2169 4411 125 35 ſpiegelte
2312 4411 71 28 leine
2401 4411 180 34 freundlichen
2597 4411 124 34 Gefühle,
2738 4412 45 27 als
2802 4419 27 20 er
2850 4413 58 26 dies
2929 4412 48 27 tat.

2220 4456 88 34 „Aber
2326 4464 30 20 es
2373 4456 52 34 gab
2443 4456 132 33 jemand,“
2594 4456 52 33 rief
2663 4464 37 24 er,
2719 4456 73 33 „dem
2810 4456 43 33 ſich
2871 4455 70 33 Graf
2959 4455 118 33 Paſſano

2172 4494 30 27 in
2225 4494 75 27 einer
2325 4492 136 34 ſchwachen
2485 4492 109 29 Stunde
2620 4494 185 31 anvertraute,
2830 4493 117 32 jemand,
2972 4493 50 26 den
3049 4498 28 21 er

2170 4530 50 33 auf
2241 4529 88 33 ſeinen
2350 4529 96 33 Reiſen
2469 4529 132 34 getroffen
2623 4528 83 34 hatie,
2727 4530 80 26 einen
2829 4529 176 33 Benezianer,
3026 4528 51 27 wie

2171 4574 28 19 er
2218 4565 81 35 ſelbſt,
2316 4566 44 27 der
2378 4565 185 34 Freundſchaft
2581 4566 43 32 für
2642 4566 50 27 den
2711 4565 106 28 alteren
2835 4566 93 27 Mann
2947 4564 129 34 heuchelte

2171 4603 54 27 und
2252 4602 66 33 dieſe
2345 4601 184 35 Freundſchaft
2556 4603 66 32 dazu
2650 4602 123 34 benutzte,
2800 4602 43 33 fich
2869 4601 44 27 bei
2941 4602 50 26 den
3019 4608 56 20 ver⸗

2171 4638 165 34 ſchiedenſten
2364 4639 128 33 Unläſſen
2518 4639 69 27 Geld
2612 4638 43 27 bei
2684 4638 55 33 ihm
2767 4638 177 33 auszuleihen
2970 4652 35 6 —
3032 4637 44 27 ein

2171 4675 111 33 Menſch,
2305 4676 45 26 der
2374 4675 42 34 ſich
2441 4676 58 33 Ugo
2522 4675 71 28 della
2618 4676 83 27 Croce
2726 4677 111 30 nannte,
2862 4682 78 20 wenn
2965 4682 30 19 es
3021 4674 55 33 ihm

2171 4713 95 33 gerade
2286 4711 86 34 paßte,
2390 4712 64 27 aber
2474 4712 65 33 ſonſt
2556 4711 61 34 auch
2635 4713 118 26 anderen
2773 4711 143 34 Zunamen
2937 4711 67 32 nicht
3024 4717 52 20 aus

2171 4749 58 27 dem
2249 4748 80 33 Wege
2350 4748 72 34 ging.
2450 4748 91 33 Dieſer
2560 4749 67 32 Berr
2646 4748 92 33 erfuhr
2757 4755 52 20 von
2829 4748 46 27 der
2895 4747 115 33 Theorie
3029 4747 47 27 des

2171 4785 111 32 Grafen.
2310 4785 40 27 Es
2370 4784 29 34 iſt
2417 4785 191 33 anzunehmen,
2628 4784 51 34 daß
2699 4791 28 20 er
2749 4783 41 33 ihr
2811 4784 110 28 damals
2941 4783 72 27 keine
3033 4783 43 27 be⸗

2171 4821 105 33 ſondere
2298 4820 152 35 Beachtung
2472 4821 115 33 ſchenkte,
2608 4821 69 27 denn
2697 4828 28 20 er
2747 4821 75 32 hatte
2844 4820 70 27 viele
2937 4820 80 32 Eiſen
3040 4820 37 26 im

2172 4858 94 33 Feuer,
2283 4858 55 26 und
2355 4865 29 19 es
2400 4858 58 32 gibt
2476 4857 28 33 ja
2521 4857 198 33 Koſtbarkeiten
2738 4864 52 20 von
2810 4856 144 34 friſcherem
2972 4856 104 28 Datum

2171 4894 46 28 als
2239 4894 104 30 Kublai
2363 4894 96 33 Khans
2480 4894 225 33 Regierungszeit
2728 4894 29 27 in
2777 4894 99 32 China.
2907 4892 72 28 Aber
3000 4894 77 26 eines

2171 4930 91 34 Tages
2291 4930 44 33 ſah
2365 4936 27 22 er
2422 4930 111 34 zufällig
2563 4929 43 29 die
2636 4930 108 33 Tochter
2775 4929 87 34 ſeines
2892 4929 185 33 verſtotbenen

2171 4965 171 35 Wohltäters
2362 4967 29 28 in
2410 4966 172 34 Amſterdam.
2610 4967 41 28 Es
2671 4968 65 33 ging
2758 4967 54 32 ihm
2834 4966 74 33 durch
2928 4966 49 27 den
2997 4965 80 33 Kopf,

2171 5004 51 33 daß
2249 5004 31 33 ſie
2308 5003 60 34 noch
2396 5004 185 33 irgendwelche
2608 5004 118 33 Papiere
2756 5003 74 32 ihres
2858 5003 103 28 Vaters
2990 5002 87 33 haben

2171 5041 102 32 könnte,
2296 5041 28 27 in
2344 5040 83 28 denen
2448 5040 98 33 nähere
2566 5041 185 32 Einzelheiten
2773 5040 66 27 über
2861 5039 67 33 dieſe
2951 5038 126 34 myſtiſche

2171 5077 114 33 Theorie
2306 5077 115 34 ſtanden.
2449 5077 38 28 Er
2507 5077 149 33 verſchaffte
2677 5077 42 33 ſich
2740 5076 106 34 Zutritt
2869 5076 29 27 in
2921 5076 42 33 ihr
2986 5076 91 32 Hotel⸗

2171 5115 108 32 zimmet
2296 5128 33 6 —
2346 5114 50 27 das
2414 5120 57 21 wat
2489 5113 44 34 für
2551 5114 79 27 einen
2647 5114 91 27 Mann
2756 5120 53 20 von
2827 5113 85 32 ſeiner
2931 5111 145 35 Fertigleit

2171 5151 56 27 und
2246 5149 96 36 ſeinem
2364 5150 181 34 angenehmen
2566 5149 139 34 Aeußeren
2727 5149 58 28 kein
2805 5148 144 34 Kunſtſtück
2969 5163 34 5 —
3022 5148 56 28 und

2171 5187 45 34 ſah
2233 5187 56 34 ihre
2306 5187 88 28 Laden
2411 5186 134 35 gründlich
2562 5186 82 34 durch.
2660 5186 47 35 Jch
2722 5186 67 32 weiß
2805 5193 53 20 aus
2874 5186 81 31 beſter
2972 5185 105 32 Quelle,

2172 5224 51 34 daß
2241 5232 28 20 er
2288 5225 59 27 eine
2366 5224 65 33 Liſte
2450 5224 45 27 der
2514 5223 146 33 Schuldner
2680 5224 47 26 des
2746 5223 105 32 Grafen
2872 5221 143 34 mitnahm,
3035 5223 42 25 die

2172 5263 80 25 uniet
2275 5261 116 27 anderen
2415 5260 61 33 auch
2499 5260 88 33 ſeinen
2611 5260 106 27 Namen
2741 5259 123 32 enthielt.
2898 5258 45 29 Ob
2965 5265 28 20 er
3018 5258 60 33 noch

2174 5298 139 33 irgendein
2339 5298 113 27 anderes
2479 5297 102 33 Papier
2608 5297 49 27 mit
2683 5296 232 33 Aufzeichnungen
2942 5295 65 27 über
3035 5295 43 27 die

2173 5334 180 34 Foͤrſchungen
2371 5335 47 26 des
2437 5333 103 33 Grafen
2559 5333 54 28 und
2633 5333 65 27 über
2718 5333 59 32 jene
2797 5333 93 33 Viſion
2911 5333 45 26 der
2974 5331 105 34 Lölung

2173 5371 48 27 des
2237 5371 110 33 Rätſels
2363 5370 73 34 fand,
2451 5371 43 26 die
2511 5370 54 33 ihm
2582 5370 29 27 in
2628 5369 157 34 Straßburg
2802 5369 153 34 aufgeblitzt
2973 5375 58 21 war
3046 5382 33 7 —

2174 5408 51 27 das
2242 5407 67 33 weißt
2327 5407 34 33 ich
2378 5407 76 33 nicht,
2470 5406 64 28 aber
2550 5414 30 20 es
2598 5406 30 34 iſt
2643 5405 214 34 wahrſchelnlich.
2883 5406 80 28 Denn
2979 5405 47 27 als
3045 5404 35 34 ich

2174 5445 65 33 zwei
2261 5444 73 33 Tage
2356 5443 86 34 ſpäter
2466 5444 29 27 in
2517 5443 157 33 Straßburg
2696 5442 111 33 eintraf,
2831 5449 46 21 um
2899 5443 59 26 eine
2982 5442 98 27 Unter⸗

2175 5481 109 34 ſuchung
2302 5482 27 27 in
2345 5482 74 26 einer
2434 5487 66 28 ganz
2516 5481 116 27 anderen
2647 5479 212 34 Angelegenheit
2877 5479 203 33 vorzunehmen,

2176 5525 58 21 war
2253 5524 28 22 er
2302 5517 69 34 ſchon
2391 5519 41 25 da.
2461 5517 54 28 Uls
2535 5518 85 27 meine
2641 5516 238 34 Nachforſchungen
2900 5515 63 34 mich
2986 5515 28 28 in
3037 5515 43 27 dit

2173 5554 155 33 Bibliothel
2353 5553 116 34 führten,
2495 5553 64 34 fand
2587 5553 33 34 ich
2646 5552 47 34 ihn
2720 5554 67 30 dort,
2814 5551 55 29 und
2896 5552 46 27 als
2970 5551 35 33 ich
3031 5551 48 32 auf

2175 5592 101 33 langen
2297 5591 142 33 Umwegen
2461 5597 31 28 zu
2513 5590 57 27 dem
2592 5589 172 33 Manuſkript
2784 5589 205 34 vorgedtungen
3012 5595 67 26 war,

2175 5635 45 21 um
2242 5629 49 26 das
2311 5627 43 28 die
2374 5627 140 28 Gedanken
2535 5628 46 26 des
2601 5626 103 33 Grafen
2724 5625 118 34 Paſſano
2863 5625 25 33 ſo
2909 5625 78 32 viele,
3009 5625 71 26 diele

2176 5665 87 34 Jahre
2282 5663 105 35 gekreiſt
2406 5664 102 33 hatten,
2529 5664 55 26 und
2604 5670 30 20 es
2656 5664 52 26 mit
2729 5662 144 32 ausleihen
2894 5662 98 32 wollte.
3014 5661 65 33 ſand

2177 5702 42 33 ich,
2242 5701 50 33 daß
2317 5701 34 33 ich
2374 5701 78 27 einen
2474 5699 194 29 Mitbewerber
2691 5700 83 32 hatte.
2807 5699 60 28 Das
2893 5705 57 21 war
2974 5698 105 33 Signor

2176 5738 70 27 della
2270 5738 91 28 Croce.
2417 5737 23 33 Jch
2465 5738 62 32 trus
2551 5736 50 28 den
2624 5736 68 34 Sieg
2719 5739 87 24 davon
2831 5737 55 26 und
2912 5734 91 28 bekam
3029 5735 51 26 das

2176 5773 180 35 Manuſtript,
2377 5781 64 20 aber
2462 5772 94 36 gerade
2580 5772 36 28 im
2639 5772 157 34 Augenblid
2819 5772 47 27 des
2890 5772 100 33 Sieges
3012 5770 68 34 ſtahl

2176 5812 53 28 mir
2247 5812 106 33 Signot
2372 5811 70 27 della
2461 5811 83 27 Troce
2562 5807 43 30 die
2624 5809 109 34 Früchte
2752 5809 47 27 des
2820 5809 108 33 Sieges.
2958 5807 47 35 Jch
3024 5807 55 28 und

2176 5848 72 27 mein
2273 5848 88 27 trenet
2387 5847 108 34 Freund
2517 5845 117 29 Etienne
2658 5846 93 33 jagten
2775 5844 59 28 dem
2859 5844 70 29 Dieb
2954 5844 56 27 und
3034 5844 45 26 der

2176 5885 180 29 Diebesbeute
2381 5882 75 34 durch
2479 5883 65 34 halb
2594 5882 130 34 Frankteich
2750 5881 68 34 nach,
2843 5888 54 21 von
2922 5880 158 37 Stratzdurg

2172 5920 46 30 bis
2244 5929 31 27 zu
2300 5921 50 29 den
2377 5920 97 35 Ulpen.
2506 5920 45 30 Un
2646 5920 105 33 Grenze
2777 5918 86 35 ſeines
2891 5916 185 31 Vaterlandes

2043 6251 31 14 —
2395 6255 58 12 M

3130 3935 144 33 hinterliez
3295 3942 55 20 uns
3372 3935 76 32 unſer
3470 3935 107 34 Freund
3599 3936 69 26 della
3690 3936 84 27 Croce
3795 3937 79 26 einen
3895 3937 139 33 würdigen

3129 3971 212 34 Abſchiedsgruß,
3362 3979 28 20 er
3412 3972 53 33 ließ
3488 3980 54 19 uns
3564 3980 91 26 wegen
3677 3973 48 27 des
3747 3973 164 33 Diebſtahls,
3933 3974 49 26 den
4005 3980 28 20 er

3129 4007 73 34 ſelbſt
3221 4008 137 33 begangen
3379 4008 82 33 hatte,
3482 4009 179 27 arretieren!“

3178 4044 54 28 Der
3255 4045 99 28 Dottor
3378 4045 104 33 kicherte
3505 4046 43 27 bei
3571 4047 58 26 dem
3655 4045 142 28 Gedanken
3822 4053 36 21 an
3881 4047 86 33 dielen
3993 4054 41 26 ge⸗

3129 4081 135 34 lungenen
3292 4081 112 34 Streich,
3430 4082 65 27 aber
3523 4082 294 34 eigentümlicherweiſe
3845 4085 91 26 wurde
3965 4083 69 33 ſeine

3129 4117 143 32 Heiterkeit
3289 4125 53 20 von
3360 4119 57 27 dem
3436 4118 117 34 Urheber
3572 4120 47 26 des
3637 4119 124 34 Scherzes
3780 4120 66 33 nicht
3866 4120 101 34 geteilt.
3996 4120 38 28 Et

3129 4153 61 34 fuhr
3208 4154 104 33 lachend
3329 4154 66 33 fort:

3178 4190 82 34 „Jetzt
3292 4191 99 27 komme
3425 4192 34 33 ich
3491 4199 30 27 zu
3553 4193 59 27 dem
3643 4193 107 32 Corpus
3784 4195 96 31 delicti.
3912 4200 32 27 zu
3976 4194 58 28 dem

3129 4227 180 33 Manuſkript,
3333 4235 45 20 um
3404 4229 51 26 das
3480 4230 41 26 die
3546 4229 143 28 Gedanken
3715 4231 48 26 des
3788 4230 103 31 Gtafen
3918 4230 117 34 Paſſano

3129 4263 134 35 beſtůndig
3288 4264 115 34 kreiſten,
3427 4266 51 26 das
3505 4266 52 27 mir
3583 4273 83 27 gegen
3691 4267 43 27 die
3761 4267 154 33 Bürgſchaft
3941 4267 94 34 zweiet

3130 4299 121 36 Freunde
3276 4303 162 26 anvertraut
3462 4303 91 27 wurde
3578 4304 55 26 und
3658 4303 51 28 das
3736 4304 72 27 mein
3834 4304 107 33 Freund
3965 4304 70 26 della

3129 4336 83 28 Croce
3246 4338 51 26 mir
3330 4337 75 34 ſtahl,
3438 4339 42 27 die
3513 4339 391 34 Denkwürdigteiten
3938 4340 97 33 Neſſer

3129 4373 188 33 Ruſticcianos
3346 4382 52 20 aus
3428 4375 78 33 Viſa!
3543 4376 70 28 Was
3643 4377 142 31 enthalten
3815 4376 52 33 ſie?
3897 4376 51 28 Sie
3979 4378 57 26 ent⸗

3130 4410 95 32 halten
3247 4418 51 20 nur
3319 4411 60 27 eine
3401 4411 82 34 Sache
3506 4419 52 21 von
3581 4412 140 34 Jntereſſe,
3744 4414 79 26 einen
3844 4413 104 33 Bericht
3972 4412 65 30 über

3132 4446 98 28 Marco
3250 4447 89 33 Volos
3360 4448 86 27 Alter.
3477 4448 41 34 Jn
3539 4449 94 32 dieſem
3657 4450 105 32 Bericht
3785 4449 72 34 heißt
3879 4457 38 25 es.
3940 4448 97 34 Meſſer

3130 4483 98 28 Marco
3245 4484 73 33 habe
3331 4484 156 34 beſchloſſen/
3507 4485 83 32 ſeiner
3610 4486 101 27 Gattin
3730 4486 55 27 und
3803 4486 89 32 ſeinen
3910 4487 126 32 Töchtern

3130 4520 45 27 ein
3192 4519 150 33 Pflichtteil
3358 4529 31 25 zu
3407 4522 182 33 hinterlaſſen,
3606 4522 65 27 aber
3689 4522 85 32 nichts
3791 4522 115 28 darüber
3925 4523 112 33 hinaus.

3130 4556 34 26 da
3182 4556 40 34 iht
3239 4556 161 34 Mitrauen
3418 4559 54 26 und
3491 4559 56 32 ihre
3564 4558 140 34 Zankfucht
3722 4559 32 33 ſie
3773 4559 65 32 nicht
3855 4567 31 27 zu
3904 4559 72 33 mehr
3993 4558 44 29 be⸗

3129 4588 74 44 recht
3209 4588 97 44 igten.
3308 4593 47 34 Jch
3374 4594 94 32 möchte
3488 4592 51 30 nür
3559 4595 162 33 bemerlen,“
3740 4609 34 7 —
3794 4596 45 26 der
3861 4596 98 27 Doltor
3979 4602 58 21 ver⸗

3131 4629 88 34 neigte
3238 4629 41 34 fich
3296 4630 93 33 hoͤftich
3406 4638 48 20 vor
3470 4631 102 33 Gräfin
3589 4632 114 27 Sandra
3718 4646 34 6 —
3770 4632 66 33 „daß
3854 4632 69 33 diele
3939 4633 99 33 Eigen⸗

3130 4664 110 35 ſchakten
3259 4666 42 34 ſich
3322 4667 67 31 nicht
3410 4668 28 27 in
3458 4668 46 27 der
3525 4669 119 33 Familie
3666 4668 107 28 vererbi
3794 4669 99 32 haben!
3923 4669 115 33 Ebenſo⸗

3131 4704 89 33 wenig
3240 4703 85 33 dachte
3348 4704 96 33 Meſſer
3467 4705 98 27 Marco
3587 4706 95 31 daran,
3704 4704 85 34 ſeiner
3812 4705 162 34 Vaterſtadt,
3996 4706 41 28 die

3133 4739 45 33 ihn
3199 4738 26 35 ſo
3244 4739 97 34 ſchlecht
3362 4740 144 34 behandelt
3526 4742 83 33 hatte,
3629 4744 88 25 etwas
3738 4749 32 27 zu
3789 4742 181 33 hinterlaſſen.
3999 4743 39 28 Er

3132 4774 55 35 ſagt
3206 4777 84 32 nichts
3311 4777 123 32 darilber,
3453 4785 60 20 was
3533 4786 28 19 er
3583 4779 50 26 mit
3655 4778 96 33 ſeinem
3773 4779 59 32 Hab
3853 4780 54 26 und
3928 4780 57 27 Gut
4005 4786 31 27 zu

3132 4813 102 32 machen
3251 4814 114 32 gedenkt.
3389 4814 72 27 Aber
3479 4815 113 33 plötzlich
3609 4815 113 33 beginnt
3741 4815 70 33 ſeine
3829 4816 145 33 Bhantaſie
3992 4823 45 22 um

3133 4848 112 29 Tauben
3263 4857 30 26 zu
3311 4850 103 32 kreiſen.
3442 4851 85 32 „Dies
3548 4851 29 33 iſt
3598 4852 40 26 die
3658 4852 86 27 Stadt
3763 4852 45 27 der
3827 4852 138 32 Tauben.“
3983 4852 56 35 ſagt

3131 4892 29 20 er
3178 4892 30 27 zu
3227 4886 96 33 feinem
3342 4887 117 33 Freund,
3479 4888 48 33 „ſie
3547 4888 103 32 wachen
3670 4889 68 31 ohne
3758 4889 132 33 Unterlaß
3911 4889 65 27 über
3996 4888 42 29 die

3132 4922 90 33 grötte
3244 4923 44 27 der
3311 4923 199 33 Koſtbarkeiten
3533 4925 45 26 der
3602 4924 93 28 Stadt.
3727 4924 52 29 Die
3802 4926 94 27 Taube
3919 4926 29 33 iſt
3970 4925 68 34 ſcheu

3133 4960 54 25 und
3207 4958 87 34 ſchwer
3314 4966 31 27 zu
3365 4959 107 34 fangen.
3501 4962 82 32 Möge
3603 4962 145 33 derjenige,
3769 4962 45 27 der
3833 4962 118 33 weniger
3970 4962 68 33 jchen

3138 4995 28 33 ift
3188 4995 45 27 als
3257 4995 41 28 die
3320 4995 102 33 Taube
3445 4997 31 32 ſie
3501 4997 152 33 überliſten,
3679 4998 41 32 iht
3744 4998 61 33 Reſt
3828 4999 133 32 plündern
3985 4999 55 28 und

3134 5032 55 32 ihre
3209 5032 65 28 Eier
3293 5033 115 27 rauben!
3439 5034 139 32 Vielleicht
3601 5034 93 33 bedarf
3716 5042 29 19 es
3767 5035 65 33 dazu
3855 5036 44 26 der
3921 5035 52 35 Liſt
3993 5036 45 28 der

3132 5068 138 34 Schlange,
3291 5076 52 20 don
3367 5070 44 26 der
3433 5070 44 27 der
3501 5071 98 32 heilige
3623 5071 119 27 Marcus
3766 5071 98 33 ſpricht.
3896 5072 141 34 Vielleicht

3132 5105 60 32 auch
3211 5108 46 24 des
3275 5105 83 28 Muts
3374 5107 48 26 des
3441 5107 104 31 Löwen.
3565 5109 45 25 der
3628 5108 46 27 der
3692 5108 143 33 Beſchützer
3855 5109 46 26 des
3919 5109 119 33 heiligen

3133 5141 116 28 Narcus
3274 5143 54 27 und
3353 5143 45 27 der
3424 5143 85 28 Stadt
3536 5144 122 33 Venedig
3685 5144 37 33 iſt.
3757 5145 84 33 Möge
3866 5145 45 27 der
3937 5146 101 27 meiner

3132 5178 195 33 Nachlommen,
3344 5179 45 27 der
3407 5179 68 33 kühn
3494 5181 54 26 und
3567 5180 60 34 klug
3645 5181 114 33 zugleich
3777 5181 30 33 iſt
3825 5182 54 26 und
3896 5182 50 27 das
3963 5183 75 29 Neue

3133 5216 66 32 nicht
3222 5215 116 34 fürchtet,
3360 5216 62 27 weil
3444 5224 30 19 es
3497 5216 246 34 unwahrſcheinlich
3766 5219 123 26 anmutet
3910 5233 33 6 —
3964 5219 75 33 moge

3132 5259 28 20 er
3184 5253 72 26 mein
3279 5252 70 28 Erbe
3375 5253 28 27 in
3428 5253 77 34 Beſitz
3531 5254 120 31 nehmen.
3686 5254 119 28 Gedenke
3830 5255 82 31 dieſet
3937 5255 101 34 Worte,

3133 5295 77 21 wenn
3233 5289 35 26 du
3290 5295 53 22 von
3365 5290 114 27 meinem
3504 5290 72 28 Tode
3599 5290 77 33 hörft,
3700 5297 16 21 o
3739 5291 198 32 Ruſticciano.“
3968 5293 70 28 Die⸗

3132 5324 63 34 ſteht
3213 5325 131 34 ungefähr
3362 5326 29 27 in
3408 5327 50 27 den
3475 5326 268 35 Denkwürdigkeiten
3760 5335 31 26 zu
3811 5328 78 33 leſen,
3906 5329 54 28 und
3979 5337 59 22 wa⸗

3132 5361 67 34 dieſe
3218 5361 93 29 Worte
3329 5362 61 33 auch
3409 5362 138 34 bedeuten,
3566 5363 45 33 jür
3631 5364 58 31 den,
3708 5364 45 27 der
3773 5365 32 32 ſie
3824 5365 74 33 hörte
3918 5366 55 27 und
3992 5366 46 28 der

3135 5398 31 34 ſte
3182 5398 192 34 niederſchrieb,
3391 5399 93 34 hatten
3500 5400 32 34 ſie
3549 5400 92 27 keinen
3656 5401 85 32 Sinn,
3756 5401 70 27 denn
3842 5409 28 20 er
3887 5401 55 35 ſagt
3959 5402 82 34 ſelbſt.

3134 5435 50 33 daß
3200 5442 28 20 er
3245 5436 31 33 ſie
3291 5436 46 27 als
3352 5436 107 34 Zeichen
3475 5437 90 32 nahm,
3581 5437 51 32 daß
3649 5437 98 32 Reſſer
3764 5438 98 27 Marco
3878 5440 37 26 im
3931 5439 109 35 Fieber⸗

3134 5472 102 27 taumel
3258 5473 60 27 odet
3341 5480 52 20 aus
3415 5473 215 33 Altersſchmäche
3653 5473 26 34 ſo
3701 5473 93 34 ſprach.
3826 5475 149 35 Aufrichlig
3997 5484 42 26 ge⸗

3134 5507 55 35 ſagt
3209 5508 157 29 bedeuteten
3387 5509 30 34 ſie
3438 5510 62 33 auch
3519 5510 44 33 für
3585 5510 62 32 mich
3668 5511 93 32 nichts,
3783 5511 46 27 als
3852 5512 33 33 ich
3907 5513 32 32 ſie
3958 5513 81 34 zuceſt

3134 5545 52 27 las.
3218 5545 56 34 Auf
3296 5546 102 27 meiner
3422 5553 100 27 ganzen
3547 5547 74 34 Jagd
3646 5547 61 33 nach
3731 5547 105 34 Signor
3862 5550 69 26 della
3956 5550 83 27 Croce

3134 5581 132 28 irtitierte
3283 5589 30 20 es
3333 5582 70 34 mich,
3421 5583 50 32 daß
3484 5583 33 33 ich
3528 5584 54 32 ihm
3594 5583 144 33 nachjagte,
3758 5591 45 20 um
3813 5586 45 25 ein
3868 5585 171 34 Manuſktipt

3134 5619 49 27 mit
3211 5618 108 34 einigen
3347 5619 171 33 belangloſen
3546 5618 183 34 Ausſprüchen
3757 5622 282 32 wiederzubekommen

3132 5655 242 33 DAusſprüchen,
3395 5656 42 27 die
3460 5656 122 33 offenbar
3603 5656 52 27 das
3678 5665 101 25 waren,
3800 5658 86 32 wofür
3909 5659 43 27 der
3975 5660 63 33 gute

3133 5692 172 33 Rufticciano
3334 5693 31 33 ſie
3395 5692 76 33 hielt,
3500 5694 50 25 das
3579 5693 227 35 Altersgeſchwaͤz
3835 5695 75 27 eines
3940 5696 98 33 großen

3134 5729 122 28 Mannes
3276 5731 29 26 in
3323 5728 84 34 ſeiner
3427 5729 140 34 Schwäche.
3595 5729 59 33 Erft
3674 5731 37 26 im
3731 5730 90 33 Arreſt
3841 5731 27 27 in
3886 5731 45 28 St.
3952 5732 86 34 Joan⸗

3133 5766 217 31 de⸗Mautienne,
3368 5766 29 27 in
3414 5766 49 27 den
3481 5767 71 26 mein
3563 5766 108 34 Fteund
3687 5766 70 28 della
3768 5768 82 27 Croce
3866 5768 63 34 mich
3946 5771 91 28 unter⸗

3133 5802 117 34 gebracht
3269 5800 82 37 hatte,
3371 5802 98 34 begriff
3489 5802 42 33 ich,
3551 5802 52 33 dab
3622 5803 68 33 dieſe
3710 5804 93 27 Worte
3823 5805 78 26 einen
3923 5806 113 33 tieferen

3131 5839 76 28 Sinn
3228 5835 101 36 halten.
3350 5839 55 27 und
3427 5839 50 33 dat
3497 5839 42 27 die
3560 5839 75 34 Lagd
3657 5840 63 33 nach
3740 5840 190 33 Rufticcianos
3951 5843 83 28 aſtem

3131 5876 170 34 Manulkript
3320 5875 132 34 vielleicht
3471 5875 57 34 doch
3547 5877 46 26 der
3612 5876 87 33 Mühe
3717 5875 122 36 lohntel“

3445 5917 176 35 (Sorieuna
3639 5918 86 33 lolat]

4281 3866 6 51 —
