2305 2928
95 98 307 60 6in
1226 96 112 84 8

195 193 111 83 Mein
313 191 248 90 Hinterhaus
582 208 65 57 am
667 207 230 67 Fiſchmarkte
907 221 48 54 iſt
968 233 48 46 zu
1030 194 216 89 vermiethen
1268 224 74 55 und
1359 235 45 43 zu
1424 221 204 59 Michaelis
1641 237 45 44 ʒu
1695 198 174 87 beziehen.
1893 201 162 71 ——

673 278 183 42 72
1116 282 74 51 —
1438 312 350 22 Kauͤfmann
1808 276 260 65 Geißler..

206 321 58 45 Es
280 327 88 43 wird
386 325 54 43 ein
461 324 127 46 kleiner
610 317 151 71 trockner
775 317 131 71 Keller
912 340 54 44 zu
987 326 149 53 miethen
1163 329 158 54 geſucht;
1367 341 71 36 von
1465 332 125 45 wem?
1617 336 152 58 erfährt
1782 339 86 41 man
1903 348 61 34 am
1988 333 238 62 Obermarkte

103 373 36 45 in
159 377 74 44 Nr.
257 380 84 41 126.
359 380 79 42 eine
458 379 146 54 Treppe
621 381 93 54 hoch.

207 430 78 57 Nuf
300 432 67 43 das,
388 431 219 47 Dominſum
626 435 139 50 Sercha
784 438 73 41 und
876 437 69 49 auf
967 438 64 40 das
1051 447 42 41 zu
1114 436 302 53 Mittel⸗Sohra
1433 441 134 55 werden
1590 441 43 53 zu
1651 440 191 53 Johannis
1861 445 32 40 d.
1915 442 47 48 J.
1983 455 95 42 zwey
2098 442 125 45 Klein⸗

102 480 155 55 Schäfer
276 485 161 55 geſucht;
465 490 197 51 diejenigen,
687 489 118 46 welche
826 489 68 43 mit
915 492 109 50 guten
1053 490 197 51 Atteſtaten
1271 493 155 52 verſehen
1443 495 98 50 ſind/
1558 493 134 45 konncn
1701 476 38 74 fi
1794 496 146 52 daſelbſt
1962 497 156 43 melden.

205 538 76 43 Ein.
302 538 181 53 Schafer,
509 542 135 50 welcher
665 542 95 50 ſchon
780 542 150 49 mehrer?
952 534 116 72 Jahre
1079 546 72 41 als
1165 545 272 54 Schaafmeiſter
1454 550 41 41 in
1516 548 171 51 Dienſten
1704 549 184 53 geſtanden
1920 553 73 40 und
2024 551 82 48 auch
2127 549 94 51 noch

99 589 122 55 ſtehet,
247 591 155 59 wünſcht
423 607 44 41 zu
486 595 183 50 Sohaanie
690 596 27 42 1.
738 595 48 49 J.
808 597 97 43 einen
923 602 131 39 andern
1072 597 128 55 Dienſt
1228 601 59 44 als
1316 601 291 55 Schaafmeifler/
1639 605 81 42 oder
1747 603 85 52 u
1860 603 59 44 As
1952 602 268 54 Schaafknech

78 646 272 55 anzunehmen.
406 649 141 48 Nähere
568 647 185 53 Auskunft
768 649 92 53 giebt
877 651 50 42 die
946 650 136 56 Exped.
1100 655 66 42 des
1186 653 125 56 Anz.
1442 681 112 22 —
1984 684 131 20 ———

203 712 53 42 20
276 701 54 43 bis
350 709 51 42 80
422 700 116 43 Stück
559 701 208 55 feinwollige
784 705 146 51 geſunde
952 705 328 55 Zucht⸗Schaaf?,
1307 709 192 54 ingleichen
1518 717 27 44 8
1557 709 117 52 Stück
1704 709 133 56 jährige
1867 711 149 53 Stähre
2047 710 77 53 ſind
2154 712 67 52 auf

97 756 79 43 dem
191 755 235 53 Ritterguthe
444 754 198 52 Ebersbach
661 768 46 41 zu
729 757 256 50 verkaufen.

181 808 92 44 Ein
294 812 103 49 guter
421 808 266 52 Nachtwächter
706 812 89 42 wird
816 823 45 41 zu
882 812 165 52 Johangi
1067 817 33 41 d.
1123 814 46 49 J.
1194 815 36 41 in
1252 815 128 52 Dienſt
1400 817 158 54 gefucht;
1583 818 100 43 wo?
1719 820 79 52 ſagt
1816 819 52 42 die
1893 819 130 51 Exped.
2043 819 60 42 des
2125 816 95 55 Anz.

197 861 127 54 Junge
351 862 175 51 Mädchen
549 863 135 43 können
710 865 203 52 Unterricht
932 868 48 41 im
1000 868 131 50 Nähen
1148 868 186 53 erhalten;
1369 870 66 53 beh
1457 870 116 48 wem?
1599 873 83 51 ſagt
1707 873 52 42 die
1780 872 132 53 Exped
1934 876 60 40 des
2015 871 52 44 G.
2091 872 91 52 Anz.

194 916 117 39 Ende
334 916 114 53 April
472 926 180 31 erwarte,
666 917 66 39 ick
751 920 187 39 meinem
956 920 144 41 achten
1123 921 150 54 Rigaer
1294 925 294 47 Leinsaamen,
1614 926 178 40 velcher
1813 928 89 39 dies
1924 926 99 43 ſahr
2042 928 177 52 vorsuùg-

91 968 84 40 lich
197 969 128 40 achõn
348 969 191 48 ausfallt,
568 971 102 48 auch
694 972 117 52 bihig
831 974 66 41 ist.
1654 981 61 40 M.
1746 981 268 49 Schmidit.

192 1022 80 48 Zur
293 1035 63 40 24.
383 1023 129 46 kleinen
525 1025 240 44 Geldlotterie
787 1028 74 48 ſund
880 1027 105 52 Looſe
1006 1027 35 44 in
1064 1027 153 54 Ganzen
1235 1041 46 40 zu
1300 1042 24 31 2
1345 1032 88 51 thlr.
1447 1045 24 30 2
1489 1043 69 43 ge⸗
1575 1033 38 44 in
1633 1033 145 54 Halben
1805 1045 17 32 1
1846 1036 89 52 thlt.
1957 1049 19 29 1
1997 1045 67 43 gt.
2086 1036 74 44 und
2179 1035 41 42 in

89 1075 165 56 Vierteln
277 1088 44 44 zu
346 1090 47 30 12
413 1090 54 46 gr.
488 1079 28 41 6
537 1080 52 52 pf.
613 1079 55 43 bis
691 1090 84 44 zum
796 1080 267 56 Ziehungstage
1081 1085 64 42 den
1165 1089 38 43 8.
1226 1085 100 52 May
1348 1097 47 41 zu
1415 1087 112 49 haben
1548 1086 61 53 ben

1536 1140 206 48 Michael
1781 1141 230 51 Schmidt.

192 1183 129 44 Einem
339 1185 354 52 hochzuverehrenden
709 1186 157 50 Publiko
885 1188 89 54 zeige
989 1188 49 52 ich
1063 1188 175 55 hierdurch
1255 1202 92 44 ganz
1369 1194 173 53 ergebenſt
1573 1207 66 37 an,
1674 1199 69 49 daß
1767 1195 224 45 kommenden
2023 1195 196 54 Sonntag,

88 1240 60 42 als
170 1240 64 43 den
260 1245 58 36 16.
341 1240 120 51 April,
489 1242 92 40 mein
599 1240 141 43 Garten
763 1242 123 43 wieder
908 1242 157 52 geöffnet
1084 1243 55 50 iſt.
1801 1246 210 58 Kählich.

192 1293 93 42 Ven
308 1292 100 51 heute
429 1304 46 32 gn
497 1295 41 48 iſt
560 1295 107 42 meine
683 1295 243 51 Badeanſtalt
946 1299 123 41 wieder
1091 1309 44 40 zu
1141 1297 244 52 Jedermanns
1405 1300 185 52 Gebrauch
1607 1304 160 52 gangbat
1784 1307 75 40 und
1875 1304 138 44 können
2035 1301 83 51 nach
2136 1301 81 43 Be⸗

85 1345 113 45 keben
222 1346 130 50 Seifeg
365 1367 28 27 ⸗
416 1348 201 48 Ktäuter⸗,
636 1348 206 50 Schwefel⸗
861 1349 146 52 Stabl
1028 1355 74 40 und
1124 1354 174 42 otdinaire
1313 1355 148 46 Bäder,
1482 1365 109 43 gegen
1612 1359 116 53 dilige
1737 1359 150 51 Gebüht
1898 1359 156 54 gewahlt
2065 1357 152 44 werden.

80 1399 85 54 Für
186 1400 185 52 promteſte
393 1401 227 54 Bedienung
601 1395 38 75 /
643 1402 226 52 Reinlichkeit
893 1406 73 42 und
986 1404 305 53 Bequemlich
1219 1395 89 75 keit
1311 1410 89 41 wird
1419 1408 245 55 beſtmoglichſ
1683 1413 121 53 forgen

1711 1466 48 41 A.
1800 1465 64 42 Con
1878 1467 131 40 rad.

190 1508 74 43 Am
289 1520 58 30 10.
371 1510 35 39 d.
427 1508 64 49 hat
512 1508 61 50 ſich
597 1509 54 41 ein
667 1511 128 50 großer
812 1508 126 52 ſtarker
955 1510 124 50 weißer
1100 1510 248 53 Hühnerhund
1368 1514 69 40 mit
1454 1513 160 44 braunen
1630 1518 196 52 Behange,
1853 1531 23 39 3
1896 1518 161 43 braunen
2079 1516 136 54 Flecken

83 1563 75 43 und
179 1564 171 40 braunem
371 1561 198 52 Schwanze
590 1564 65 39 mit
676 1565 129 46 weiße:
830 1562 134 52 Spitze,
993 1576 44 38 zu
1059 1565 67 41 mit
1146 1569 196 50 gefunden;
1373 1568 99 49 ſollte
1494 1568 63 49 ſich
1574 1568 126 44 binnen
1722 1572 71 50 hite
1810 1576 73 38 und
1921 1583 48 40 14
1989 1570 129 54 Tagen
2139 1571 75 44 kein

82 1616 255 54 Eigenthümer
357 1617 140 49 finden,
524 1618 35 48 ſo
582 1617 86 41 wird
686 1628 36 29 er
744 1617 156 42 alsdann
922 1616 174 50 verkauft.
1518 1621 108 52 Zuch
1639 1628 88 44 ert,
1755 1624 252 48 Stadtſoldat.

187 1669 55 44 Es
263 1671 62 49 hat
351 1670 60 49 ſich
440 1681 61 31 am
520 1682 38 41 3.
583 1669 104 52 Apxil
709 1670 83 50 früh
815 1673 25 39 6
860 1671 75 49 Uhr
950 1672 53 41 ein
1023 1670 268 52 Hühnerhund,
1332 1676 90 51 groß
1451 1677 75 40 und
1560 1676 90 52 ſtatk
1680 1688 67 32 von
1779 1680 182 48 Anſehen,
2000 1678 213 53 pohlniſcher

79 1725 117 54 Rage,
219 1723 65 44 mit
306 1724 127 53 langen
452 1724 157 41 braunen
630 1723 215 58 Behängen,
873 1735 70 33 von
967 1726 113 49 Farbe
1102 1728 110 48 weiß,
1239 1729 67 49 auf
1326 1731 75 39 dem
1419 1728 142 44 Rücken
1581 1732 227 49 hinterwärts
1831 1735 66 41 mit
1918 1734 111 44 einem
2050 1734 161 43 braunen

81 1779 147 49 Schilde
248 1779 147 47 bedeckt,
423 1782 23 37 8
470 1778 99 47 Jahr
588 1778 78 45 alt,
692 1781 74 40 und
792 1782 56 39 der
870 1782 66 48 auf
951 1782 77 40 dem
1049 1780 145 43 Namen
1216 1781 97 43 Caro
1336 1783 92 49 hött,
1457 1784 107 42 wider
1584 1787 67 41 alle
1677 1787 224 54 Etwartung
1921 1801 70 31 von
2009 1792 75 39 dem
2117 1789 94 49 herr⸗

81 1833 210 52 ſchaftlichen
308 1831 94 54 Hoſe
423 1844 44 41 zu
488 1831 428 54 Nieder⸗Ludwigödorf,
945 1837 172 40 entweder
1138 1837 198 46 verlaufen,
1364 1840 82 39 oder
1464 1838 39 50 iſt
1523 1840 145 46 derſelbe
1687 1844 237 51 aufgefangen
1947 1846 152 38 worden.
2145 1842 66 49 Da

81 1898 79 32 gun
178 1898 46 30 an
244 1889 57 39 der
317 1887 340 52 Wiedererlangung
678 1886 103 50 dieſes
805 1887 153 53 Hundes
973 1890 69 40 viel
1070 1890 136 53 gelegen
1237 1890 64 49 iſt,
1340 1892 34 47 ſo
1403 1892 88 42 wird
1510 1895 233 53 demjenigen,
1780 1898 142 48 welcher
1948 1897 59 47 ihn
2039 1897 172 42 entweder

81 1940 220 53 überbringt,
328 1944 78 38 oder
427 1941 117 48 ſichere
567 1939 160 49 Beweiſe
751 1940 109 47 ſeines
882 1941 248 51 Auffenthalts
1152 1944 106 52 geben
1281 1944 104 45 kann,
1414 1947 175 48 hierdurch
1614 1949 63 51 be5
1712 1949 218 53 Erſtattung
1963 1954 57 37 der
2053 1951 156 50 Futter⸗

82 1997 81 42 oder
186 1997 141 39 anderer
352 1995 156 49 Koſten,
534 1996 57 39 ein
612 1995 83 46 nach
717 1994 178 49 Beünden
919 1999 251 50 angemeſſenes
1186 1997 173 44 Douceur
1378 2001 216 50 zugeſichert.
1801 2003 228 48 Schmidt.

187 2047 72 43 Am
282 2059 36 38 9.
343 2049 104 50 April
465 2048 38 45 iſt
526 2050 66 40 mit
611 2050 53 39 ein
689 2048 234 51 Fiſchkaſten,
948 2051 183 48 QViertel
1149 2055 109 51 lang,
1288 2053 50 41 die
1357 2052 126 49 Thüte
1506 2066 88 31 vorn
1619 2054 127 50 herein,
1775 2058 216 51 verſchloſſen
2023 2059 65 42 mit
2117 2060 92 42 einer

79 2103 131 53 langen
235 2102 108 42 Kelte
366 2106 70 37 und
458 2101 127 53 Ringe,
613 2104 137 40 worinn
772 2106 25 47 3
815 2104 105 41 Etnt.
943 2105 206 52 Aalraupen
1170 2119 139 35 wären,
1337 2107 288 53 weggekommen.
1678 2111 87 41 Wer
1783 2114 66 40 mir
1874 2125 65 40 zur
1951 2112 258 49 Wiedererlan⸗

80 2168 99 44 gung
186 2150 116 66 behül
301 2150 94 66 flich
409 2156 62 50 iſt/
498 2157 111 45 erbalt
633 2168 15 29 1
671 2157 83 48 thlt.
781 2156 185 44 Douceur.
1326 2161 97 42 Kart
1455 2162 52 42 G.
1538 2162 198 54 Schulz,
1767 2166 235 53 Weisgerber.

183 2209 134 51 Zoey
345 2208 176 50 Thaler.
549 2209 291 51 Belohnung
894 2213 59 48 für
983 2214 212 52 denjenigen
1234 2215 67 41 mit
1317 2219 57 37 der
1395 2215 256 56 Verſicherung
1669 2223 60 37 des
1750 2220 131 49 tiefaen
1899 2204 98 72 Stiũ
2005 2204 196 72 ſchweigens

76 2265 107 50 ſeines
205 2263 182 44 Nacens,
410 2265 58 39 der
489 2262 66 43 mir
575 2265 128 50 gewiſſe
727 2265 148 52 Anzeige
895 2268 57 39 der
972 2266 130 51 beyden
1122 2267 186 49 boshaften
1330 2270 144 49 Frevler
1493 2272 136 47 machen
1651 2271 104 48 kann,
1784 2276 118 42 welche
1934 2287 60 29 am
2026 2277 84 37 oten?
2142 2286 64 39 zur

76 2318 185 52 Nachtzeit
282 2318 36 41 in
338 2318 149 40 meinem
510 2318 214 48 gepachteten
746 2318 151 46 Garten,
926 2321 51 41 die
1000 2322 68 40 mit
1090 2333 42 41 zu
1155 2324 148 40 meinem
1324 2323 220 54 Vergnügen
1547 2314 84 70 koſt
1637 2314 180 70 ſpieligen
1817 2328 200 48 Miſtbeete,
2044 2329 162 42 demolirt

77 2373 132 51 haben;
238 2375 37 38 es
290 2372 84 51 liegt
396 2371 36 41 in
456 2371 102 39 dieſer
579 2370 219 48 ſchändlichen
819 2373 202 55 Handlung
1042 2376 90 49 gicht
1151 2376 204 50 Diebſtahl,
1385 2379 140 45 ſoͤndern
1548 2379 53 42 ein
1622 2380 63 42 bos
1691 2366 146 74 baftes
1836 2382 245 54 Vertgungs⸗
2095 2383 109 52 Sy⸗

75 2427 108 51 ſtem,
209 2426 139 50 welches
371 2426 113 53 gewiß
508 2424 137 52 härtert
668 2424 130 52 Strafe
821 2429 167 48 verdient,
1015 2431 61 41 als
1096 2442 99 31 wenn
1214 2443 85 32 man
1326 2434 70 39 aus
1416 2432 102 48 Noth
1538 2436 134 38 rauben
1694 2438 99 48 muß.

1346 2485 116 47 Job.
1492 2486 257 53 Gottfried
1777 2488 220 50 Sackiſch,

1296 2537 180 53 Gaſthof⸗
1490 2539 150 51 Beſitzer
1663 2553 82 40 zum
1767 2542 127 43 blauen
1915 2543 124 53 Hecht.

177 2586 79 51 Auf
276 2589 55 40 der
350 2584 177 55 Bauzner
546 2583 145 52 Straße
712 2584 40 49 iſt
776 2597 52 29 ein
850 2587 216 53 Gebetbuch,
1094 2589 50 44 die
1159 2590 195 54 Bußroſe,
1381 2595 172 50 gefunden
1573 2599 152 44 worden,
1752 2597 137 51 welches
1913 2600 57 41 da
1989 2593 123 61 Eigen
2123 2598 81 51 thü⸗

75 2652 72 34 mer
169 2644 34 41 in
226 2644 56 39 der
302 2640 130 50 Exped.
459 2644 55 37 des
527 2638 107 44 Görl.
657 2638 91 53 Anz.
769 2641 123 51 zurück
913 2646 154 45 erhalten
1087 2643 104 43 kann.

180 2695 70 43 Die
274 2694 317 55 Geſezſammlung
612 2704 71 35 von
710 2699 103 43 1610
833 2694 54 45 bis
909 2698 154 54 1816,7
1084 2698 133 55 Jahrg.
1241 2701 191 52 gebunden,
1459 2700 72 51 ſind
1552 2713 45 43 zu
1615 2703 210 57 verkaufen;
1851 2707 87 45 wo?
1964 2717 34 32 er
2005 2707 96 54 fährt
2115 2719 87 33 man

76 2751 36 42 in
132 2751 57 41 der
211 2748 132 51 Exped.
366 2751 61 42 des
447 2748 92 54 Anz.
