2517 3670
286 247 2045 296 JJJJ

721 581 263 44 Herausgegeben
1006 587 76 28 vom
1106 579 204 44 Lõniglichen
1334 579 231 36 Landratsamt
1587 579 35 34 in
1643 578 220 36 Gumbinnen.

166 654 156 43 Erſcheint
346 654 88 41 jeden
461 652 208 42 Donnerstag

166 718 66 30 und
257 714 91 42 koſtet
374 714 19 31 3
419 712 95 36 Nark
542 710 126 44 jährlich
1057 718 87 36 Fris

855 684 59 35 Für
933 683 49 28 den
1000 682 210 35 nichtamtlichen
1226 682 62 29 Teil
1306 680 244 35 verautwortlicher
1567 680 163 30 Medakteur

1191 718 105 36 ruäger
1315 718 29 28 in
1361 717 184 30 Gumbinnen.

739 764 96 28 Oruck:
852 749 171 45 rauſenecs
1043 763 102 35 Rerlag
1165 770 25 20 u.
1208 761 209 36 Sachdruckerei
1436 762 34 28 S.
1486 769 35 19 m.
1535 761 26 28 b.
1572 761 37 37 S.
1627 761 27 27 in
1672 759 183 31 Gumbinnen

1979 648 250 43 Anzeigenpreis
2251 645 53 43 für
2325 645 49 34 die

1956 707 205 44 3geipaltene
2178 706 91 44 Zeile
2284 708 40 31 15
2340 705 55 43 Pf.

159 838 140 71 Nr.

776 853 310 53 Ausgegeben
1114 852 133 44 Gum
1246 843 291 67 binnen,
1574 847 87 42 den
1690 847 71 43 16.
1788 849 140 52 April

1928 818 129 5 —
2141 816 298 104 1

290 975 432 45 Bekauntmachungen
744 974 161 44 höherer
927 973 226 43 Behörden.

163 1041 67 48 Ar.
242 1032 90 61 314,
379 1038 70 43 Für
467 1040 61 36 den
549 1039 196 41 Amtsbezirkt
776 1038 275 40 Gerwiichkehmen
1082 1038 60 34 Nr.
1167 1038 104 33 1„des

157 1082 125 49 Kreiles
303 1083 207 45 Gumbinnen
531 1082 78 41 habe
631 1082 42 41 ich
695 1083 58 34 den
778 1082 203 40 Gutsbeſiter
1001 1082 165 38 Hermann
1188 1080 84 39 Hein

158 1137 32 23 in
215 1125 272 41 Gerwiſchkehmen
534 1135 72 31 zum
628 1125 233 36 Stellvertreier
906 1127 55 31 des
1003 1123 268 40 Amtsvorſtehers

157 1174 145 29 ernannt.

244 1212 208 41 Königsberg,
472 1211 62 35 den
558 1215 28 30 1.
606 1211 97 40 Aptil
727 1212 94 32 1914.

310 1255 66 35 Der
400 1253 243 42 Oberprüſident
666 1255 53 33 der
742 1253 142 40 Provinz
910 1252 205 40 Oitpreupen.

154 1350 54 32 Nr.
232 1350 71 31 315.
488 1348 272 39 NRemonteankauf
781 1347 51 40 für
854 1349 93 32 1914.

226 1392 51 49 9
298 1392 92 48 Zum
414 1391 126 41 Ankauf
576 1390 213 42 dreiſähriger,
827 1388 335 40 vorkommendenfalls
1199 1387 69 41 auch

140 1431 218 58 vierjähriger
377 1434 180 35 Remonten
576 1434 94 40 ſollen
688 1435 34 33 in
741 1434 111 40 dieſem
871 1432 103 41 Jahre
993 1432 43 34 im
1056 1431 212 41 Regierungs—

153 1478 99 41 bezirk
277 1478 205 35 Gumbinnen
517 1478 50 34 die
602 1476 277 41 nachbezeichneten
915 1474 194 40 öffentlichen
1146 1474 122 35 Märkte

153 1520 182 42 abgehalten
355 1521 134 35 werden:

328 1562 75 38 Von
433 1564 53 35 der
518 1566 31 32 1.
578 1559 492 42 Remontierungskonrmiſſion:

280 1610 53 40 21.
354 1607 93 42 April
469 1609 20 32 8
509 1609 43 34 V.
572 1607 233 40 Pelleningken,
828 1604 94 38 Kreis
942 1604 199 41 Jnſterburg,

279 1653 55 32 .
358 1652 94 38 April
476 1652 20 32 8
521 1651 43 35 V.
588 1650 217 36 Gumbinnen,

280 1696 52 32 25.
351 1693 94 42 April
465 1694 19 32 8
502 1693 43 36 V.
564 1693 134 37 Blecken,
718 1692 97 37 Kreis
833 1689 215 38 Gumbinnen,

277 1739 55 32 Z.
352 1736 93 49 April
465 1737 20 33 8
505 1737 42 35 V.
565 1735 236 40 Mallwiſchken.
820 1735 94 36 Kreis
933 1732 179 41 Villkallen,

278 1782 54 33 28.
349 1780 94 41 April
460 1780 20 33 8
495 1780 45 34 V.
557 1778 125 41 Kuſſen,
700 1778 95 35 Kreis
811 1776 178 45 Billtallen.

278 1824 54 34 25.
350 1823 95 40 April
464 1823 20 33 8
503 1822 42 35 V.
563 1821 178 41 Pillkallen,
761 1820 96 37 Kreis
873 1818 176 42 Pillkallen,

277 1867 53 34 30.
352 1864 94 42 April
468 1866 19 32 8
509 1865 42 36 V.
571 1863 177 41 Pillkallen,

276 1911 32 33 4.
330 1908 76 36 Mai
428 1909 96 36 10,30
543 1908 41 35 V.
615 1907 179 39 Sodargen.
828 1905 95 36 Kreis
944 1903 229 40 Stallupönen,

275 1955 32 31 5.
325 1951 77 36 Mai
419 1953 20 32 8
458 1951 41 35 V.
519 1949 206 41 Pillupönen,
744 1948 96 37 Kreis
859 1947 227 39 Stallupönen,

275 1997 33 32 6.
326 1994 77 36 Mai
421 1996 18 32 8
460 1994 42 35 V.
522 1992 201 37 Willkinnen,
744 1990 94 38 Kreis
858 1989 227 41 Stallupönen,

277 2041 31 31 7.
321 2037 79 36 Mai
416 2039 20 32 8
454 2036 42 35 V.
515 2036 203 41 Schirwindt,
738 2034 96 37 Kreis
850 2033 177 41 Pillkallen,

274 2083 33 32 9.
325 2080 77 36 Mai
422 2082 19 32 8
460 2080 42 35 V.
524 2079 207 42 Schillehnen,
752 2078 94 36 Kreis
868 2075 175 41 Pillkallen,

276 2126 51 32 11.
345 2123 76 36 Mai
440 2125 20 32 8
477 2122 43 36 V.
538 2121 197 41 Lasdehnen,
755 2119 94 37 Kreis
867 2118 178 41 Pillkallen,
1222 2131 18 10 E

275 2169 52 32 12.
346 2166 78 36 Mai
444 2167 76 36 7,80
540 2166 43 35 V.
605 2163 206 41 Budwethen,
834 2163 95 36 Kreis
950 2162 133 40 Ragnit,

275 2213 51 31 14.
345 2209 77 37 Mai
440 2211 20 32 8
480 2209 41 35 V.
543 2206 230 42 Kraupiſchken,
795 2204 96 38 Kreis
910 2204 132 41 Ragnit,

276 2255 50 32 15.
345 2252 79 36 Mai
443 2253 19 33 8
481 2251 44 35 V.
547 2250 136 41 Szillen,
704 2250 56 35 Kr.
780 2248 134 41 Ragnit,

274 2298 51 32 16.
345 2296 76 34 Mai
439 2296 20 33 8
477 2295 44 34 V.
542 2292 229 42 Ober-Eiſſeln,
793 2291 94 37 Kreis
907 2291 131 46 Ragnit,

273 2340 52 33 18.
345 2338 76 36 Mai
441 2337 41 35 10
501 2337 43 35 V.
564 2334 213 42 Willkiſchken,
798 2334 95 37 Kreis
914 2332 101 41 Tilſit,

274 2383 50 33 19.
343 2381 77 35 Mai
439 2381 74 37 8,30
532 2380 43 34 V.
593 2377 172 42 Plaſchken,
784 2377 96 37 Kreis
898 2374 102 42 Tilſtt,

269 2426 54 33 20.
340 2424 77 35 Mai
434 2425 19 33 8
472 2423 43 34 V.
534 2421 205 41 Kaukehmen,
760 2419 95 37 Kreis
874 2418 192 41 Niederung,

269 2469 55 33 22.
345 2466 87 40 Mai,
454 2466 75 36 730
553 2465 42 35 V.
618 2463 191 46 Lappienen,
844 2461 96 38 Ereis
972 2460 194 40 Riederung.

260 2511 54 33 22.
332 2509 76 36 Mai
429 2512 15 31 1
475 2508 42 35 N.
536 2506 273 42 Heinrichswalde,
841 2505 95 36 Kreis
965 2503 191 40 Niederung,

268 2555 53 32 23.
342 2552 77 36 Mai
439 2554 20 32 8
480 2551 43 35 V.
543 2548 227 43 Jurgaitſchen,
790 2548 94 36 Kreis
905 2547 131 40 Ragnit,

267 2598 55 32 23.
340 2595 77 36 Mai
436 2596 20 33 2
477 2594 44 35 N.
539 2593 216 40 Skaisgirren,
774 2591 95 37 Kreis
887 2590 192 39 Niederung,

267 2641 54 32 25.
337 2638 76 36 Mai
430 2640 19 31 8
466 2637 42 35 V.
526 2635 229 40 Aulowöhnen,
772 2632 95 39 Kreis
883 2632 199 41 Jnſterburg.

267 2684 54 31 27.
337 2681 78 36 Mai
434 2682 73 36 9,15
529 2680 41 35 V.
589 2678 137 44 Saalau,
746 2677 96 37 Kreis
858 2675 198 41 Jnſterburg,

270 2727 50 31 11.
337 2724 88 41 Juni
442 2725 19 32 8
477 2723 44 35 V.
538 2720 298 41 Tollmingkehmen
852 2718 97 37 Kreis
965 2718 140 38 Goldap,

267 2769 31 32 3.
316 2767 78 41 Juli
411 2768 18 32 9
447 2766 42 36 V.
508 2764 174 41 Wiſchwill,
700 2763 94 37 Kreis
810 2761 131 40 Ragnit.

266 2812 31 32 S.
318 2810 79 39 Zuli
415 2811 19 31 8
454 2808 41 35 V.
514 2807 213 40 Piktupönen,
750 2804 96 38 Kreis
866 2803 103 41 Tilfit.

267 2855 31 32 9.
317 2852 78 42 Juli
415 2852 73 37 7.30
509 2851 42 35 V.
570 2849 187 41 Kendekrug,
777 2847 94 48 Kreis
889 2846 189 40 Hendekrug,

267 2898 51 32 16.
337 2895 78 41 Zuli
434 2895 74 37 8,30
529 2893 41 35 V.
590 2890 157 41 Neukirch,
768 2892 94 35 Kreis
882 2888 191 40 Niederung,

267 2941 51 32 18.
336 2937 77 42 Juli
431 2939 18 32 8
467 2937 44 35 V.
530 2936 133 41 Ragnit,
683 2933 95 38 Kreis
795 2932 131 49 Ragnit.

264 2983 53 33 26.
336 2981 77 41 Juli
433 2981 18 33 8
472 2980 41 35 V.
533 2977 215 42 Leügwethen,
769 2977 94 36 Kreis
881 2975 131 40 Ragnit,

262 3026 55 32 23.
336 3024 77 41 Juli
431 3024 19 32 8
469 3023 42 34 V.
529 3021 220 39 Brakupönen,
767 3019 93 36 Kreis
880 3016 218 38 Gumbinnen,

263 3068 54 33 24.
334 3066 77 41 Juli
430 3067 19 32 8
467 3066 43 34 V.
530 3064 227 39 Stallupönen⸗

262 3111 54 32 27.
335 3109 79 40 Juli
432 3110 19 32 8
471 3108 43 35 V.
533 3106 192 40 Willuhnen,
745 3105 56 36 Kr.
820 3102 175 40 Pillkallen,

262 3154 53 32 28.
331 3152 77 40 Juli
427 3152 19 32 8
465 3150 41 35 V.
524 3148 104 40 Tilfit,

262 3197 53 32 Z1.
335 3195 79 40 Juſi
434 3194 74 38 8,30
528 3193 42 35 V.
592 3189 213 41 Neuniſchken,
840 3188 93 36 Kreis.
957 3185 198 41 Jnſterburg.

318 3238 76 35 —
456 3236 62 35 —
573 3235 73 36 —⏑
725 3233 49 35 ⏑
807 3231 62 40 —
868 3226 18 52 ⏑
937 3230 105 38 —

259 3284 53 31 21.
330 3279 95 41 April
444 3282 19 32 8
482 3279 41 35 V.
543 3278 254 40 Marggrabowa,

258 3326 54 32 28.
328 3322 95 41 April
439 3324 18 32 8
476 3322 42 34 V.
536 3321 253 45 Angerburg.

258 3369 53 32 25.
328 3365 93 40 April
438 3366 19 33 8
475 3364 42 35 V.
533 3364 168 39 Trempen,
718 3362 95 35 Kreis
829 3359 202 40 Darkehmen,

257 3412 55 32 30.
328 3408 128 40 April?
473 3407 44 34 V.
533 3405 205 40 Darkehmen,

258 3455 31 31 2
309 3451 77 36 Mai
406 3452 38 32 12
466 3449 52 36 M.
539 3447 249 40 Remmersdorf,
819 3445 96 37 Kreis
933 3443 221 36 Gumbinnen,

256 3498 33 31 4.
306 3495 74 35 Mai
400 3496 15 31 1
434 3494 43 35 N.
494 3491 147 41 Kruſinn,
662 3489 94 38 Kreis
774 3488 198 42 Jnſterburg,

1460 969 32 32 6.
1509 966 114 35 Man8
1643 965 41 35 V.
1702 964 197 37 Blockinnen,
1918 964 96 36 Kreis
2031 963 198 42 Jnſterburg.

1460 1013 31 30 7.
1510 1008 78 35 Mai
1607 1011 19 31 8
1644 1008 43 36 V.
1704 1008 171 40 Lugomen,
1895 1007 96 36 Kreis
2009 1006 199 41 Jnſterburg.

1460 1055 32 31 .
1508 1051 79 41 Zuli
1606 1052 38 33 10
1660 1052 43 35 V.
1722 1051 53 36 Ei.
1789 1049 239 38 Dombrowken.
2046 1049 95 37 Ereis
2154 1048 197 42 Engerburg.

1459 1097 54 32 N.
1533 1094 78 42 Juli
1628 1095 20 32 9
1666 1094 44 35 V.
1731 1094 139 39 Goldap.

1410 1138 36 36 Y
1475 1137 63 36 Die
1568 1136 202 43 angekauften
1796 1135 114 42 Pferde
1938 1136 122 34 werden
2089 1134 95 41 ſofort
2213 1133 222 42 abgenommen

1322 1181 66 35 und
1406 1190 93 31 gegen
1517 1180 166 40 Quitrung
1702 1179 56 35 bar
1777 1180 73 34 oder
1866 1179 123 34 mittels
2005 1177 123 41 Schecks
2144 1177 132 40 bezahlt.

1410 1225 35 40 3)
1472 1224 193 40 Volljährige
1703 1222 178 41 Zugpferde
1917 1222 51 39 für
1993 1220 441 40 Maſchinengewehrkompag⸗

1322 1269 74 33 nien
1415 1268 122 34 werden
1556 1267 79 40 nicht
1655 1265 131 41 gekauft.

1409 1311 36 40 4)
1471 1310 114 41 Pferde
1609 1309 59 34 mit
1692 1308 167 40 Mängeln,
1905 1308 48 34 die
1979 1306 143 41 geſetzlich
2165 1306 61 34 den
2252 1305 84 38 Kauf
2360 1306 73 33 rück—

1321 1354 116 40 gängig
1452 1352 130 41 machen,
1599 1352 64 40 ſind
1680 1358 74 28 vom
1769 1350 168 40 Verkäufer
1953 1360 96 30 gegen
2063 1350 185 39 Erſtattung
2264 1349 56 33 des
2337 1348 95 38 Kauf—

1321 1396 114 41 preifes
1458 1398 65 32 und
1544 1396 54 34 der
1620 1394 153 41 Unkoſten
1795 1393 282 41 zurückzunehmen,
2099 1390 189 42 desgleichen
2309 1390 122 40 Prerde,

1320 1440 51 34 die
1391 1439 54 41 ſich
1464 1438 147 40 während
1627 1438 56 34 der
1705 1436 98 42 erſten
1823 1439 41 31 45
1888 1436 83 41 Tage
1992 1436 73 39 nach
2086 1436 70 33 dem
2176 1434 86 41 Tage
2282 1434 56 34 der
2358 1433 74 35 Ein—

1320 1483 153 47 lieferung
1496 1482 35 34 in
1553 1483 59 32 das
1633 1481 109 40 Depot.
1764 1481 74 39 uſw.
1861 1480 50 34 als
1933 1478 217 41 Klopfhengſte
2173 1477 152 36 erweiſen.
2371 1476 63 35 Die

1320 1525 211 41 geſetzmätzige
1556 1523 225 41 Gewährsfriſt
1806 1523 82 34 wird
1911 1523 52 39 für
1989 1520 179 42 veriodiſche
2193 1520 239 40 Augenentzün⸗

1318 1570 85 39 dung
1425 1568 123 40 (irinere
1566 1566 326 42 Augenentzuͤndung,
1914 1563 274 41 Mondblindheit)
2213 1564 55 38 auf
2287 1564 41 32 28
2351 1562 83 39 Tage

1318 1612 73 40 nach
1406 1611 69 34 dem
1492 1610 86 41 Tage
1595 1611 51 34 der
1665 1609 221 40 Einlieferung
1904 1609 33 34 in
1955 1608 59 34 das
2031 1607 106 40 Depot
2151 1606 77 40 uſw.
2248 1605 184 39 verlängert.

1405 1654 36 41 5)
1459 1652 178 42 Vexkäufer,
1656 1653 49 34 die
1722 1652 117 40 Pferde
1857 1651 177 40 vorführen,
2053 1650 49 34 die
2120 1649 98 40 ihnen
2234 1648 81 40 nicht
2333 1647 99 40 eigen⸗

1318 1697 123 40 tümlich
1462 1696 141 41 gehören,
1621 1696 118 39 müſſen
1756 1694 53 41 ſich
1826 1694 123 41 gehörig
1969 1692 172 45 ausweiſen
2158 1692 130 34 können.

1404 1740 35 40 6)
1469 1740 69 34 Der
1566 1737 171 41 Verkäufer
1786 1737 39 40 iſt
1854 1735 197 42 verpflichtet,
2104 1735 100 40 jedem
2255 1732 176 40 verkauften

1316 1782 117 41 Pferdé
1458 1783 65 34 eine
1570 1790 86 27 neue,
1704 1780 102 41 ſtarke,
1852 1780 195 34 rindlederne
2069 1778 115 39 Trenſe
2210 1776 59 35 mit
2293 1776 138 40 glattem,

1317 1825 136 41 ſtarkem,
1479 1823 115 42 einfach
1618 1822 211 43 gebrochenem
1853 1822 103 40 Gebiß
1984 1821 98 40 (keine
2108 1819 232 40 Knebeltrenſe)
2369 1819 63 33 und

1317 1868 68 35 eine
1405 1877 78 26 neue
1505 1866 200 41 Kopfhalfter
1729 1872 63 28 von
1814 1866 96 34 Leder
1942 1865 73 34 oder
2037 1863 88 40 Hanf
2157 1863 62 34 mit
2242 1863 75 39 zwei
2350 1861 81 34 min⸗

1316 1911 159 41 deſtens?
1497 1909 108 36 Meter
1625 1910 115 39 langen
1761 1908 140 34 Stricen
1922 1905 217 41 unentgeltlich
2159 1904 206 41 mitzugeben.

1403 1953 34 41 5
1458 1954 69 40 Zur
1545 1952 202 42 Feſtſtellung
1766 1952 55 33 der
1837 1950 229 39 Abſtammung
2085 1949 52 34 der
2158 1947 118 41 Pferde
2293 1947 66 40 ſind
2382 1947 49 34 die

1314 1996 86 36 Deck
1422 1997 65 34 und
1507 1994 229 43 Fuͤllenſcheine
1757 1992 240 47 mitzubringen.

1401 2039 85 40 Auch
1511 2038 121 35 werden
1657 2037 51 34 die
1736 2036 166 40 Verkäufer
1941 2034 120 42 erſucht,
2098 2032 49 36 die.
2187 2032 153 43 Schweife
2377 2032 53 34 der

1313 2082 116 41 Pferde
1450 2082 79 40 nicht
1551 2080 187 41 übermäßig
1759 2088 38 31 zu
1818 2078 189 42 beſchneiden
2041 2078 66 34 und
2128 2076 50 34 die
2202 2074 227 42 Schwanzrübe

1312 2126 80 40 nicht
1414 2133 39 32 zu
1473 2123 175 42 verkürzen.

1400 2168 35 40 8
1457 2166 207 41 Vorſtehende
1684 2163 364 42 Ankaufsbedingungen
2066 2162 102 42 gelten
2189 2160 72 41 auch
2279 2160 53 41 für
2349 2159 78 41 nicht

1312 2210 171 42 öffentliche
1499 2209 136 37 Märkte.

1399 2253 122 39 Berlin,
1541 2253 64 34 den
1623 2254 51 32 24.
1696 2250 146 42 Februar
1862 2251 94 33 1944.

1699 2292 336 42 Kriegsminiſterium.

1679 2334 369 42 Remonte⸗Jnſpektion.

1756 2388 61 32 gez.
1838 2377 138 42 Haack.

1309 2450 55 31 Nr.
1388 2452 72 31 316.
1515 2449 185 41 Verfügung
1725 2456 73 25 vom
1827 2447 50 33 12.
1903 2445 131 41 Jannar
2060 2444 93 35 1214
2180 2440 172 41 betreffend
2376 2438 49 36 die

1311 2492 209 42 Musführung
1551 2493 55 34 des
1646 2500 100 24 neuen
1773 2489 125 40 Reichs-
1938 2488 65 34 und
2045 2487 60 34 —
2151 2484 111 41 —
2325 2482 99 42 —

1311 2537 128 41 geſetzes.

1394 2577 165 43 Fnläßlich
1598 2577 54 35 des
1681 2575 250 41 Jnkrafttretens
1969 2573 55 34 des
2063 2577 100 29 neuen
2203 2568 126 42 Reichs
2359 2566 60 36 und

1310 2606 85 60 Staa
1399 2619 403 43 angehorigkeltzgeſetzes
1822 2624 74 28 vom
1915 2617 53 33 22.
1990 2615 79 40 Juli
2090 2615 82 33 1918
2198 2612 59 41 (.
2261 2606 97 60 GBl.
2380 2612 43 34 S.

1309 2665 78 41 3855
1412 2664 62 41 fm8
1499 2664 47 34 die
1570 2661 206 42 Vorſchriften
1807 2660 76 46 über
1914 2658 48 36 die
1986 2657 165 39 Erteilung
2186 2662 65 28 von
2283 2655 139 40 Heimat—

1308 2709 133 40 ſcheinen
1466 2708 66 40 (fuͤr
1554 2707 59 34 den
1636 2703 190 42 Aufenthalt
1849 2703 45 34 im
1916 2700 179 41 Auslande)
2120 2699 64 34 und
2212 2699 210 46 Staatsange

1308 2749 338 43 hoͤrigleitzauszweiſen
1669 2748 72 40 (zur
1760 2746 181 40 Benutzung
1960 2745 45 33 im
2028 2742 153 41 Jnlande,
2207 2734 216 52 einſchließlich

1308 2795 52 33 der
1388 2793 153 40 deuſſchen
1568 2789 238 43 Schutzgebiete)
1857 2788 85 34 einer
1969 2786 222 41 Nachprüfung
2221 2784 199 39 unterzogen,

1308 2837 72 41 nach
1394 2838 92 33 deren
1502 2834 157 41 Ergebnis
1675 2833 42 41 ich
1735 2832 162 41 folgendes
1914 2829 151 35 anordne:

1718 2875 28 34 J.
1762 2872 241 43 Zuſtändigkeit.
2177 2910 66 7 —

1395 2922 33 40 1)
1454 2920 171 42 Zuſtändig
1669 2928 56 31 zur
1750 2916 165 39 Extkilung“
1960 2923 63 39 von
2046 2912 263 48 Heimatſcheinen
2354 2905 66 49 und

1307 2960 538 45 Staalsaugehoͤrtokeitsguzweiſen
1897 2957 37 41 iſt
1959 2965 59 27 wie
2047 2955 105 41 bisher
2201 2955 51 33 die,
2280 2953 139 35 Landes—

1305 3007 243 42 Pellzeibehörde
1571 3005 179 41 dezjenigen
1772 3001 137 42 Bezirks,
1953 3001 34 34 in
2008 3001 69 33 dem.
2121 2999 53 33 der
2186 2990 232 59 Antragſteller

1306 3052 100 39 fened
1429 3048 146 42 Wohrftz
1597 3048 54 41 hat
1669 3047 75 34 oder
1763 3046 61 33 den
1845 3045 100 39 letzten
1968 3042 147 41 Wohnſitz
2138 3042 35 33 in.
2197 3040 155 44 Preußen
2370 3047 47 40 ge—

1305 3094 71 41 hab?
1397 3093 53 40 hat
1493 3093 65 39 der
1581 3087 378 46 Regierungspräſtdent
1989 3086 52 40 für
2083 3085 58 33 den
2161 3075 257 51 Landespolizei⸗

1304 3135 229 42 üezirk'Berlin
1557 3134 52 34 der
1632 3132 108 42 hiefige
1761 3127 310 44 Polizeipräſident).
2081 3122 31 59 .
2118 3126 63 48 Hat
2206 3126 53 48 der
2262 3119 154 49 Antrag⸗

1303 3180 96 40 ftelfer
1422 3178 35 34 in
1478 3178 150 41 Preußen
1649 3175 105 34 keinen
1776 3172 148 42 Woänfitz
1948 3170 117 43 gehabt,
2090 3170 30 39 ſo
2120 3165 74 59 iſt,
2205 3169 48 47 die
2276 3161 139 51 Landes⸗

1304 3220 244 43 volizeibehoͤrde
1568 3221 55 33 des
1643 3218 101 40 letzten
1766 3215 193 41 preußifchen.
1980 3212 183 47 Wohnſitzes
2187 3217 98 40 ſeiner
2296 3203 120 57 Eltern

1305 3267 111 38 vent.
1444 3266 52 32 des
1522 3261 211 41 letztlebenden
1757 3257 216 41 Elternteiles)
2002 3256 72 35 oder
2100 3255 153 39 dieienige
2277 3247 136 58 Landes⸗

1303 3306 243 42 polizeibehörde
1573 3303 170 42 zuſtändig,
1770 3301 104 41 welche,
1900 3302 56 33 den,
1980 3300 105 38 letzten
2096 3291 315 58 Staatzangehörig—

1301 3351 217 34 lciisusocig
1538 3349 72 32 oder
1631 3345 220 42 Heimatſchein
1873 3344 50 40 für
1943 3342 56 41 ihn
2017 3342 73 33 oder
2090 3334 99 57 ſeine
2198 3338 214 45 Eltern,aus—

1301 3394 112 40 geſfelll
1434 3393 71 33 oder
1526 3390 63 40 ihm
1610 3397 70 27 oder
1701 3389 103 39 ſeinen
1825 3387 110 35 Eltern
1957 3386 65 34 eine
2043 3384 109 33 andere
2173 3383 50 33 die
2243 3373 169 56 preubiſche

1300 3434 347 41 Stagſzangehörigkeit
1687 3430 204 41 beſtätigende
1909 3427 145 36 Urkunde
2097 3423 203 43 (Aufnahme,
2333 3421 76 34 Ein—

1299 3475 347 45 Euͤrgerungsürkunde)
1667 3472 155 42 zugeſtellt
1840 3473 63 40 hat.
