2370 2965
300 713 989 561 —

1533 407 21 10 —
1572 381 37 14 —
1633 385 17 24 S

1137 709 371 345 An
1604 773 564 317 eiger.

371 1074 232 133 6.
677 1071 439 106 Donnerſtags,
1173 1103 106 60 den
1250 1080 118 156 D
1401 1075 363 94 En

476 1229 43 37 C.
544 1229 40 44 F.
608 1237 99 30 verw.
731 1207 128 67 —1
913 1207 39 66 —
975 1206 199 76 Berlegerin.

1291 1236 78 37 G.
1378 1212 204 70 S503
1604 1238 197 36 Redakteur.

796 1354 327 100 SeLannt
1149 1358 27 70 m
1215 1360 77 90 alc
1308 1358 100 72 un
1408 1354 64 100 g.

167 1395 84 78 2
276 1433 97 41 einer
394 1432 326 63 unverſchloſſenen
742 1432 129 44 Stube
893 1437 102 40 eines
1016 1438 155 54 hieſigen
1195 1433 274 74 Buͤrgerhauſes
1496 1441 39 49 iſt
1570 1453 61 31 am
1663 1444 61 42 16.
1748 1444 159 44 October
1943 1448 78 41 eine
2052 1450 153 49 ſilberne

64 1486 277 53 zweigebaͤufige
365 1487 231 45 Taſchenuhr
619 1487 69 41 mit
710 1490 195 50 deutſchen
907 1490 144 63 Ziffern
1077 1495 76 40 und
1177 1495 98 41 einer
1292 1494 110 44 Dede
1427 1507 71 30 von
1522 1498 206 51 ſchwarzem
1750 1499 107 47 Horn
1883 1504 206 42 entwendet
2105 1518 101 50 wor⸗

63 1543 82 53 den,
173 1553 66 29 vor
263 1545 103 36 deren
387 1541 144 46 Ankauf
555 1540 139 47 hiermit
717 1549 168 45 gewarnt
907 1545 117 50 wird.

63 1590 311 58 ſchwarzſeidenen
396 1593 215 46 Baͤndchen.

67 1647 204 66 Goͤrlit,
298 1648 67 40 den
390 1648 37 40 1.
453 1646 209 42 November
683 1647 128 56 1837.

1067 1546 56 43 An
1151 1543 180 81 derſelben
1355 1548 41 52 iſt
1419 1550 57 57 ein
1499 1550 218 53 meſſingner
1742 1552 230 53 Uhrſchluͤſſel
2004 1568 49 32 an
2083 1560 120 47 einem

1346 1653 208 55 Koͤnigl.
1608 1658 393 54 Polizei-Amt.

791 1760 230 75 8

165 1825 72 40 Am
257 1825 86 41 Aten
368 1824 127 51 dieſes,
509 1823 151 43 Abends
681 1825 80 51 ſind
785 1826 115 43 einem
926 1828 153 53 hieſigen
1101 1829 149 53 Buͤrger
1270 1841 85 32 vom
1378 1831 133 42 Boden
1534 1833 65 42 des

60 1882 204 40 entwendet
294 1881 171 40 worden;
520 1882 42 58 1)
592 1880 57 39 ein
675 1879 291 52 Mannshemde,
994 1885 196 50 gezeichnet
1223 1883 45 44 C.
1294 1886 45 41 A.
1362 1885 94 53 W.;

61 1935 105 41 blaue
189 1932 183 53 Schuͤrze;
428 1932 45 54 4)
501 1931 57 44 ein
585 1933 361 51 weißbaumwollner
966 1932 275 88 Betiuberzug;

111 1986 157 53 Goͤrlitz,
297 1990 66 40 den
385 1988 39 42 3.
447 1987 209 42 November
680 1989 115 42 1837.

1618 1833 152 63 Hauſes
1790 1835 250 51 nachſtehende
2040 1831 156 81 Sachen

1511 1888 44 48 2)
1595 1889 57 39 ein
1685 1888 299 65 Frauenhemde;
2039 1896 44 53 3)
2121 1899 81 46 eine

1273 1948 66 34 vor
1360 1941 106 40 deren
1486 1939 148 50 Ankauf
1653 1949 167 44 gewarnt
1840 1946 105 40 wird.

1337 1991 202 56 Königl.
1597 1996 390 54 Pclizei-Amt.

36 2073 157 55 —
192 2073 157 55 —
366 2073 203 55 —
568 2073 184 55 —
792 2073 203 55 —
1035 2073 10 55 ꝓ
1044 2073 235 55 ⏑
1306 2073 24 55 ꝓ
1393 2073 28 55 ⏑
1530 2073 29 55 ⏑
1645 2073 19 55 ⏑
1704 2073 148 55 ⏑⏑⏑
1902 2073 83 55 ⏑e
1984 2073 19 55 ⏑
2002 2073 111 55 ⏑

339 2148 464 68 Geburten.

108 2242 195 55 Goͤrlitz.
367 2246 92 52 Joh.
485 2245 142 55 Traug.
651 2244 140 51 Seidel,
817 2245 281 55 Bauergutsbeſ.

54 2320 39 31 u.
116 2307 140 50 Richter
277 2308 38 49 in
333 2310 245 52 Schlauroth,
610 2322 39 31 u.
669 2310 89 52 Frn.
780 2310 111 43 Anna
911 2310 89 53 Roſ.
1022 2311 75 54 geb.

54 2372 132 47 Rubel,
208 2371 124 51 Sohn,
352 2375 77 52 geb.
451 2377 66 41 den
540 2376 73 47 17.,
636 2382 67 46 get.
714 2377 66 41 den
791 2379 62 40 22.
871 2367 80 65 Oct.
965 2375 132 52 Fried⸗

54 2435 68 51 rich
157 2434 183 53 Wilhelm.
386 2460 33 9 —
445 2440 99 53 Hrn.
579 2440 140 53 Guſtav
735 2434 158 61 Adolph
915 2440 183 57 Kaderſch,

54 2499 179 51 Portrait⸗
254 2511 36 30 u.
314 2499 320 55 Geſchichtsmaler,
656 2498 91 56 auch
761 2502 253 52 Zeichnenlehr.
1037 2516 60 31 am

56 2564 241 53 Gymnaſium
332 2576 36 31 u.
404 2576 49 31 an
485 2567 59 41 der
572 2568 130 53 hoͤhern
724 2567 258 56 Buͤrgerſchule
1003 2571 92 50 allh,

53 2640 39 30 u.
111 2630 85 50 Frn.
220 2628 171 44 Mariane
412 2628 183 53 Wilhelm.
618 2634 77 53 geb.
715 2632 107 52 Ritze,
857 2633 125 51 Sohn,
1017 2635 74 54 geb.

55 2693 66 44 den
154 2696 60 50 2.,
245 2698 70 52 get,
348 2695 67 42 den
444 2695 66 60 28.
536 2695 105 53 Oct.,
674 2698 167 45 Clemens
863 2697 150 54 Arthur.
1041 2722 53 9 —

1152 2181 89 44 Carl
1261 2183 137 50 Theod.
1426 2183 97 53 Geß,
1554 2185 51 42 B.
1632 2196 37 31 u.
1692 2185 313 58 Tuchbereitergeſ.
2029 2193 93 49 allh,
2155 2208 41 33 u.

1150 2247 90 51 Frn.
1252 2247 85 49 Jul.
1348 2250 116 42 Beate
1485 2251 74 53 geb.
1585 2249 153 53 Seifert,
1759 2252 161 51 Tochter,
1944 2256 75 51 geb.
2046 2258 63 41 den
2124 2260 71 53 15.,

1150 2319 69 49 get.
1238 2316 65 41 den
1325 2316 61 41 25.
1408 2316 96 49 Oct,
1527 2314 139 44 Minna
1690 2316 168 49 Pauline.
1877 2341 50 8 —
1950 2320 90 49 Joh.
2050 2321 132 59 Tang

1149 2376 154 53 Seifert,
1333 2379 108 48 Jnw.
1465 2382 94 48 allh.,
1595 2392 36 32 u.
1653 2382 87 51 Frn.
1766 2381 89 52 Joh.
1877 2383 86 48 Roſ.
1990 2385 75 53 geb.
2101 2387 96 89 en⸗

1150 2444 66 49 ſel,
1248 2443 159 51 Tochter,
1441 2447 78 52 geb.
1546 2446 69 42 den
1635 2447 74 49 19.,,
1737 2451 66 49 get.
1824 2448 65 40 den
1909 2450 63 41 25.
1994 2450 97 51 Oct.,
2123 2453 75 49 Jo⸗

1151 2508 114 47 hanne
1289 2508 143 53 Thereſe
1441 2457 144 104 —
1614 2534 49 9 —
1688 2510 86 46 Sul.
1799 2510 157 52 Frieder.
1982 2515 76 54 geb.
2085 2516 110 46 Guͤn⸗

1148 2574 84 48 ther,
1258 2573 136 50 unehel.
1408 2573 127 52 Sohn,
1557 2574 75 55 geb.
1655 2576 65 40 den
1743 2577 74 47 20,
1840 2581 73 50 get.
1937 2579 65 44 den
2024 2583 61 39 27.
2082 2578 113 65 Oct.,

1145 2635 175 51 Friedrich
1343 2637 182 52 Wilhelm.
1547 2661 53 9 —
1627 2637 97 54 Hrn.
1743 2639 88 44 Carl
1863 2642 132 49 Friedr.
2020 2615 174 89 2

1145 2701 54 43 B.
1218 2712 36 32 u.
1269 2703 59 43 der
1352 2702 344 55 Buchdruckerkunſt
1717 2704 97 54 Befl.
1828 2707 95 53 allb/
1947 2720 34 31 u.
1996 2708 88 52 Frn.
2096 2711 93 56 Joh.
