4647 6191
356 986 126 37 Grſcheint
492 1000 35 21 an
542 997 68 25 allen
621 998 179 30 Kochentagen
811 1000 103 25 ende
930 1001 114 30 mwiſchen
1085 1002 51 25 und
1146 1003 80 27 wer

619 1032 46 27 fuͤr
680 1033 46 23 den
742 1033 133 30 folgenden
891 1035 65 29 Tag.

507 1068 120 31 Ganbt⸗
635 1070 170 31 Expedition
827 1074 51 22 und
895 1073 176 28 NRedaetiomt

541 1104 178 31 Hamburg,
745 1105 236 29 Dammthorſtrate
997 1110 36 22 .

1565 1005 184 132 für
1830 943 413 200 Sambi
2271 953 131 185 eg
2459 1007 435 104 Altona

3395 996 255 34 Jnſertionsprels
3665 996 45 28 far
3724 995 40 25 die
3780 994 130 29 Betitzelle
3924 992 45 27 28
3985 991 42 29 Vt.

3542 1024 130 40 Reclame⸗
3672 1024 89 40 geilen
3776 1029 46 25 80
3837 1028 43 29 Vi.

3384 1070 52 26 Bei
3456 1069 229 29 Siederholungen
3712 1067 198 27 entiprechender
3934 1063 102 26 Rabatt.

3503 1103 126 30 Beuagen
3645 1102 58 26 nach
3719 1099 200 27 Uebereinkunft.

434 1180 251 37 Siliaten:
716 1182 139 33 Attona
866 1184 173 37 Elbſeite):
1061 1186 45 31 S.
1118 1186 210 38 Schnurpfell,
1342 1187 166 38 Neueburg
1519 1188 55 33 40:
1594 1186 141 33 Altona
1750 1187 201 38 (Rordſeitey:
1973 1188 37 32 C.
2028 1189 38 39 8.
2087 1189 150 38 Schmidt,
2257 1189 171 39 Bürgerſtr.
2450 1190 73 36 122;
2548 1188 207 34 Barmbeck:
2782 1187 48 32 W.
2851 1186 115 39 Timm,
2983 1185 245 40 Hamburgerſtr.
3247 1185 54 37 22
3322 1174 443 63 Borgfelde⸗Hohenfelde:
3789 1178 57 31 Ad.
3864 1176 125 38 Weſche,
4008 1173 179 40 Borgfelde,

316 1226 220 40 Buͤrgerwelde
543 1226 49 40 64
603 1229 148 33 Eilbeck:
760 1230 43 31 O.
820 1222 114 57 Graack.
953 1222 204 57 Wandsbecker
1164 1235 143 36 Chauſſee
1316 1236 66 36 1gg
1393 1235 236 32 Eimsbuttei:
1639 1236 38 37 &.
1689 1222 134 57 Gerlach,
1836 1222 200 57 Bismarckſtr.
2045 1238 48 36 11
2104 1237 467 38 Eppendorf⸗Winterhude:
2586 1237 36 30 A.
2629 1237 205 38 Silermann,
2842 1222 186 57 Eppendorf,
3035 1222 241 57 Eirchenfutzweg
3287 1233 40 29 28
3334 1233 90 36 part;
3435 1230 255 38 Samm⸗Soru:
3702 1227 37 31 E.
3749 1217 206 69 Schwaling/
3957 1217 113 69 Hamun
4078 1217 109 69 Sand⸗

305 1266 92 64 wehr
406 1277 39 30 72
466 1276 184 37 Ottenſen:
661 1276 43 32 O.
711 1266 139 64 Steinle,
858 1278 231 40 Slottbederſtr.
1096 1283 31 35 4
1138 1283 61 32 Et.
1212 1283 135 36 Geors:
1359 1283 36 29 A.
1408 1282 179 38 Stefansti,
1594 1283 259 36 Steindamm
1804 1266 54 64 8a:
1865 1266 62 64 St.
1937 1266 123 64 Bauli:
2070 1285 36 30 l.
2114 1284 154 38 decband,
2277 1285 143 40 Semeſtt.
2429 1287 49 34 Iai
2489 1283 289 38 uhtenhorſt:
2716 1266 70 64 Th.
2787 1283 117 38 Bolſch,
2915 1283 49 38 (S.
2972 1281 91 36 Gaus
3072 1266 125 64 Nachf.)
3204 1266 153 64 Kanalſtt.
3367 1281 25 33 4:
3403 1278 228 34 Wandsbeck:
3644 1276 30 32 L.
3681 1276 38 37 B.
3729 1266 187 64 Surgenſen/
3921 1266 188 64 Lubecerſtr.
4118 1270 66 30 163.

101 1322 1481 47 ————
1581 1322 726 47 ——
2349 1322 753 47 ——
3101 1322 1051 47 ——

394 1383 98 48 Die
522 1384 191 57 heutige
744 1385 238 48 Nummer
1012 1389 195 57 umfaßt
1238 1389 41 45 8
1311 1390 190 47 Seiten.

403 1579 89 6 An
548 1578 514 156 unſere
1122 1566 259 175 geſer

400 1797 92 45 Um
538 1798 105 47 eine
687 1804 221 54 prompte
964 1804 100 47 und
1112 1807 324 58 regelmäßige
1481 1805 99 58 Zu⸗

309 1860 203 59 ſtellung
544 1865 200 56 unſeres
776 1868 209 47 Slattes
1025 1866 413 64 herbeizuführen,
1477 1873 100 46 und

307 1928 94 47 den
432 1929 313 61 Bewohnern
787 1934 86 46 der
916 1936 218 57 oberſten
1167 1939 219 57 Etagen,
1425 1940 153 46 denen

307 1996 94 46 wir
432 1996 91 48 den
544 1999 550 61 „General⸗Anzeiger
1125 2005 168 56 bisher
1313 2007 112 57 noch
1456 2006 125 57 nicht

306 2064 224 57 zuſtellen
576 2066 220 58 konnten,
843 2070 78 45 die
953 2071 325 59 Gelegenheit
1315 2085 61 45 zu
1414 2074 166 56 geben,

306 2130 97 47 das
416 2131 149 47 Blatt
581 2136 299 58 regelmäßig
892 2138 224 59 beziehen
1135 2152 60 44 zu
1205 2140 201 52 können,
1423 2141 157 57 haben

306 2198 95 46 wir
431 2202 98 42 uns
563 2200 316 60 entſchloſſen,
911 2212 113 39 vom
1044 2207 49 45 J.
1114 2206 217 48 Oktober
1361 2208 49 46 d.
1430 2208 64 56 J.
1518 2209 61 45 ab

307 2265 104 47 eine
444 2265 560 66 Abonnementsgebühr
1036 2281 99 39 von

304 2382 584 185 monatlich

443 2587 66 65 hei
550 2588 133 76 fteier
723 2588 245 80 Zuſtellung
1010 2590 49 66 in
1098 2591 70 65 dit
1208 2590 235 81 Wohnung

303 2704 60 45 zu
395 2693 224 58 erheben,
650 2695 205 58 welchen
885 2696 194 55 Setrag
1109 2697 95 44 wir
1240 2705 91 48 pro
1362 2698 216 48 Oktober

305 2770 151 45 gegen
473 2760 365 59 Behändigung
862 2763 132 44 einer
1016 2762 274 56 gedruckten
1309 2764 265 58 Quittung

304 2826 209 58 Anfang
595 2829 216 57 nächſten
880 2828 227 48 Monats
1158 2842 86 45 zur
1305 2831 269 59 Erhebung

303 2892 205 58 bringen
539 2896 171 56 laffen.

392 2961 276 65 Hierdurch
696 2963 196 47 werden
938 2964 111 55 wir
1080 2975 61 45 zu
1182 2965 131 46 einer
1355 2976 220 44 genauen

306 3028 241 47 Controle
585 3022 120 52 über
746 3029 78 45 die
871 3029 196 58 richtige
1112 3030 100 45 und
1251 3031 326 58 regelmäßige

304 3095 335 58 Austragung
688 3096 201 57 unſeres
939 3097 208 46 Blattes
1199 3099 238 53 gelangen
1476 3098 98 44 und

302 3165 114 52 noch
439 3164 274 53 wirkfamer
744 3164 85 41 als
860 3162 174 54 ſeither
1055 3162 92 44 den
1170 3162 403 46 Reklamationen

304 3227 227 55 abhelfen
561 3226 204 44 können.

390 3291 159 54 Jeder
581 3290 268 46 Abonnent
886 3292 91 44 des
1009 3292 565 57 „General⸗Anzeiger

300 3358 89 57 hat
420 3357 76 44 die
527 3356 373 58 Berechtigung,
931 3357 69 46 im
1030 3357 155 59 Laufe
1224 3359 89 45 des
1336 3359 239 52 Monats,

303 3424 90 57 auf
444 3425 205 56 welchen
708 3424 79 45 die
847 3424 267 58 Quittung
1171 3426 172 52 lautet,
1395 3427 181 46 einmal

303 3492 113 63 ein
444 3500 210 59 Juſerat
694 3501 138 53 von
863 3486 171 90 zwei
1043 3486 246 90 Zeilen
1336 3503 238 47 einrücken

302 3591 60 45 zu
387 3578 168 58 laſſen,
580 3584 143 39 wenn
745 3590 52 33 er
818 3577 77 46 die
917 3579 656 58 Abonnements⸗Quittung

301 3647 54 46 in
387 3646 86 45 der
502 3645 462 58 Hauptexpedition,
1002 3646 456 58 Dammthorſtraße
1484 3647 89 53 32,

302 3713 232 59 vorzeigt.

916 3771 193 58 Verlag

905 3849 93 80 iger
1018 3848 136 78 ſir

638 4065 310 76 Rloderne
990 4065 249 75 Römer.

299 4150 33 43 —
610 4149 125 34 Roman
760 4154 63 29 von
851 4150 191 39 Reinhold
1070 4149 199 33 Ortmann.

826 4238 232 40 (Fortſetzung.)

372 4295 53 39 Es
449 4302 72 31 war
543 4297 93 43 mehr
659 4298 165 36 Staunen
856 4297 57 35 als
939 4297 207 44 Erſchrecken,
1178 4297 63 33 das
1274 4298 66 32 aus
1372 4294 112 43 dieſem
1507 4293 68 50 ein⸗

299 4344 97 42 zigen
410 4341 135 42 Ausruf
569 4343 59 33 des
642 4341 145 44 Prinzen
812 4340 110 44 klang,
944 4341 68 33 und
1037 4345 96 29 wenn
1158 4348 35 25 er
1217 4339 54 43 ſich
1297 4338 74 41 auch
1396 4341 65 30 aus
1475 4338 101 48 ſeiner

302 4384 176 77 F
503 4385 177 43 bequemen
697 4385 164 43 Siellung
887 4383 210 44 aͤufgerichtet
1120 4382 100 43 hatte,
1244 4383 32 41 ſo
1302 4386 72 29 war
1398 4380 70 42 doch
1493 4380 82 43 ſeine

302 4428 156 43 Haltung
483 4429 161 40 durchaus
668 4428 82 41 nicht
775 4427 156 43 diejenige
964 4427 91 34 eines
1080 4426 166 49 Mannes
1279 4424 56 34 der
1365 4424 113 43 ſoeben
1510 4428 66 29 von

306 4470 106 35 einem
437 4471 243 40 dernichtenden
705 4471 145 42 Schlage
875 4470 161 43 getroffen
1061 4470 133 33 worden
1219 4468 47 41 iſt.

370 4513 89 44 „Ja,
480 4513 87 35 mein
580 4513 123 43 Sohn!
735 4514 51 34 Es
826 4517 35 30 hat
886 4513 54 42 ſich
964 4512 123 41 raſcher
1111 4511 161 44 erſchöpft,
1297 4510 56 35 als
1367 4510 40 42 ich
1432 4508 143 45 glauben

302 4558 130 42 konite,
456 4554 191 37 id
536 4549 47 55 —
582 4554 65 37 um
673 4556 62 34 das
748 4556 95 42 Ding
868 4560 67 29 von
958 4561 85 27 vorn
1068 4555 110 42 herein
1201 4554 84 34 beim
1309 4554 121 41 rechten
1444 4553 131 34 Namen

303 4611 40 35 zu
369 4609 148 27 nennen:
542 4618 41 7 —
608 4604 67 30 von
700 4600 56 33 der
780 4598 159 42 Sümme,
971 4597 113 42 welche
1109 4598 41 41 ich
1175 4606 136 34 morgen
1321 4592 96 59 zur,
1425 4592 148 59 Tilgung

289 4640 141 53 meiner
453 4643 206 84 —
695 4643 195 33 verwenden
925 4640 119 43 werde,
1079 4640 38 43 iſt
1152 4639 93 35 kaum
1280 4648 43 26 noch
1388 4639 49 35 die
1460 4638 114 45 Hälfte

303 4690 90 34 mein
417 4688 235 43 rechimätziges
677 4684 235 45 Eigenthum

371 4732 118 43 „Nicht
518 4731 92 35 Dein
635 4729 211 45 Eigenthum,
882 4727 148 43 Bapa?
1063 4727 89 43 ſagte,
1187 4735 35 25 er
1256 4725 54 44 ſich,
1334 4725 162 53 vollends
1528 4734 47 25 er⸗

303 4775 136 43 hebend.
508 4775 82 34 „Das
614 4773 60 43 hat
699 4773 93 34 einen
816 4770 164 44 haͤßlichen
994 4770 123 44 Llang,
1143 4769 77 34 aber
1243 4769 42 41 ich
1310 4769 55 34 bin
1389 4769 186 48 überzeugt,

305 4819 66 40 daß
395 4819 62 36 Du
480 4798 76 63 Gch
585 4826 66 26 nur
675 4816 79 35 eben
779 4815 89 35 einer
892 4814 82 45 ſtark
997 4813 271 35 übertreibenden
1293 4812 280 43 Ausdrucksweiſe

305 4862 176 35 bedienſt.

465 4858 110 95 bmus
601 4904 93 42 nicht,
718 4903 143 36 Lascar!
994 4901 149 44 verzichte
1167 4909 66 26 nur
1257 4900 68 51 auf.
1340 4899 62 35 alle
1415 4899 157 75 —

306 4948 297 44 Beſchönigungen.
650 4947 67 34 Die
741 4945 182 79 ——
1002 4946 74 32 aria
1109 4944 174 48 Caxagialj
1317 4943 36 42 iſt
1385 4946 47 37 es,
1463 4942 110 40 welche

307 4995 66 33 mir
398 4993 83 42 dazů
505 4989 145 43 verhilft,
673 4989 131 34 meinen
863 4988 235 44 Bepflichtungen
1122 4987 56 35 als
1203 4996 52 26 ein
1268 4986 215 43 Ehrenmann
1508 4985 65 35 Ge⸗

307 5038 89 43 nüge
420 5045 40 34 zů
483 5034 115 43 thun.“

379 5079 136 38 „Meine
540 5075 142 43 Couſine
705 5075 149 34 Maria?
878 5094 41 6 —
944 5074 61 35 Du
1029 5075 129 41 nimmſt
1183 5075 61 33 das
1270 5073 87 35 Geld.
1383 5078 64 44 von
1471 5072 101 33 ihrem

309 5124 214 49 Vexmoͤgen?.
575 5121 88 34 Nein
698 5119 62 35 das
796 5118 38 43 iſt
868 5118 199 43 unmöglich!
1115 5118 80 36 Das
1231 5117 85 35 kann
1349 5116 90 36 Dein
1526 5110 47 51 nft

309 5168 84 42 nicht
417 5169 76 40 ſein,
516 5164 143 44 Papal“

390 5220 110 44 „Wäre
523 5219 101 35 Dir's
648 5216 112 44 lieber,
790 5220 96 30 wenn
910 5223 78 25 man
1011 5213 56 41 ſich
1092 5223 134 35 moxgen
1258 5213 35 34 in
1326 5212 86 35 Men.
1442 5211 132 50 Wiener

312 5244 142 97 z
479 5262 149 44 erzaͤhlen
653 5260 128 41 müßte:
809 5258 99 44 Fürſt
933 5257 177 43 Caragiali
1134 5258 36 42 iſt
1195 5256 103 40 außer
1322 5255 145 43 Stande,
1492 5256 81 42 ſeine

442 3850 131 76 dis,

312 3975 112 38 —
427 3977 141 41 —

412 4054 30 13 .2

1280 4196 142 31 Machdruck
1437 4195 136 30 verboten.

313 5307 250 44 Spidſchulden
587 5315 39 34 zu
652 5303 152 45 bezahlen
814 5305 38 30 ??

379 5351 110 43 „Mein
513 5368 41 7 —
580 5348 94 34 uͤein!
708 5366 40 6 —
780 5347 73 33 Und
886 5344 136 42 dennoch.
1048 5361 39 9 —
1095 5343 60 52 ich
1181 5342 81 41 weiß
1287 5343 92 42 nicht,
1409 5342 38 34 oh
1473 5342 101 51 dieſes

297 5371 95 71 nichi
419 5394 73 41 noch
517 5391 143 42 ungleich
685 5391 263 42 demüthigender
980 5388 64 35 und
1069 5386 297 36 niederdrückender
1389 5385 54 44 iſt!
1491 5385 83 35 Gibt

314 5441 38 32 es
378 5437 84 33 denn
486 5447 60 33 gar
565 5403 110 66 enn
703 5434 142 35 anderen
870 5431 199 45 Ausmeg?“

381 5479 157 43 „Leinen,
563 5481 55 31 der
642 5477 64 35 mir
728 5476 136 45 zugleich
898 5477 175 42 geſtatlete,
1097 5474 107 35 Deine
1238 5473 67 33 und
1340 5472 103 50 meine
1469 5472 104 44 geſell⸗

371 5504 111 103 5
507 5522 164 44 Stellung
695 5530 38 34 zu
759 5519 201 42 behaupten!
1007 5519 51 35 Es
1082 5517 134 46 handelt
1247 5516 53 43 ſich
1333 5516 67 44 hier
1424 5524 54 26 um
1505 5516 68 35 eine

302 5521 72 95 Ee
392 5562 161 52 tenzfrage
575 5565 57 76 u
657 5568 77 37 und,
759 5563 159 36 Lascar.“

380 5610 71 45 „O,
483 5610 61 34 das
589 5608 24 42 iſt
649 5607 79 87 —
732 5607 95 42 —
879 5625 40 7 —
951 5607 74 34 Und
1051 5612 100 31 wann
1175 5624 41 9 —
1240 5610 101 30 wann
1342 5599 38 55 —
1379 5603 192 45 gedenkſt

313 5655 74 42 Du
410 5654 49 37 die
483 5652 144 37 Summe
652 5653 127 42 erſetzen
802 5659 40 37 zu
866 5651 174 44 können.?“

306 6000 144 28 —

1718 1390 84 77 Die
1843 1391 284 79 Berhüliniſe
2166 1394 79 65 des
2285 1393 288 80 franzöſſchen
2613 1392 163 78 Heerts

1613 1488 122 31 werden
1756 1488 33 31 in
1810 1489 129 38 nächſter
1953 1489 71 40 Zeit
2045 1489 66 39 ſehr
2131 1488 132 41 mißliche
2285 1490 127 31 werden.
2446 1490 98 39 Zwar
2564 1489 35 38 iſt
2621 1489 87 39 heute
2730 1488 69 39 noch
2822 1489 58 30 das

1612 1536 317 40 Rekrutirungsgeſetz
1966 1542 70 27 vom
2067 1534 48 35 R.
2137 1538 74 38 Zult
2233 1539 86 38 1872,
2351 1538 121 39 welches
2503 1531 190 46 fuͤnfiährige
2714 1533 165 43 Dienſtzett

1614 1584 52 30 als
1678 1584 97 39 Regel
1797 1585 127 38 feſtſetzt,
1944 1586 34 31 in
1989 1586 100 38 Lraft,
2110 1587 79 30 denn
2210 1587 57 30 das
2281 1584 75 34 neue
2369 1587 106 38 Geſetz,
2496 1586 125 42 welches
2636 1586 46 39 die
2697 1586 181 39 dreijährige

1611 1629 170 41 Dienſtzeit
1800 1632 86 32 Aller
1914 1633 57 31 mit
1985 1631 145 42 wenigen
2150 1634 201 39 Ausnahmen
2382 1634 156 39 aufſtellen
2569 1634 68 40 ſoll,
2667 1633 129 39 befindet
2826 1633 50 38 ſich

1614 1681 70 38 noch
1706 1682 106 31 immer
1834 1682 41 31 im
1890 1682 155 32 Stadlum
2066 1683 52 30 ber
2132 1682 192 40 Berathung.
2356 1683 155 38 Trotzdem
2531 1682 140 39 verfährt
2691 1682 52 30 der
2753 1682 126 38 Kriegs⸗

1614 1729 134 39 miniſter
1780 1730 114 32 bereits
1927 1731 35 31 in
1992 1731 107 39 dieſem
2125 1730 192 39 Augenblicke
2344 1731 43 38 ſo,
2416 1731 52 31 als
2499 1735 92 27 wenn
2621 1730 47 31 die
2699 1729 181 40 dreijührige

1614 1777 167 40 Dienſtzeit
1802 1779 33 31 in
1856 1779 93 38 Kraft
1970 1780 93 30 wuͤre.
2104 1778 49 33 Es
2175 1779 77 30 wird
2282 1779 125 39 naͤmlich
2440 1778 45 32 die
2518 1779 161 39 geſammte
2700 1777 98 40 Klaſſe
2819 1781 61 27 von

1613 1827 88 38 1883,
1733 1827 104 38 welche
1857 1827 83 39 nach
1972 1827 136 40 dortiger
2139 1826 208 41 Beſtimmung
2380 1828 49 30 ein
2448 1827 87 38 Jahr
2565 1827 112 38 ſpaͤter,
2707 1826 64 37 alſo
2793 1826 88 36 1884,

1612 1875 165 39 eingeſtellt
1798 1875 46 38 iſt,
1864 1876 92 31 deren
1977 1875 166 39 Dienſtzeit
2163 1877 110 38 mithin
2294 1876 55 39 erſt
2371 1876 76 31 18
2469 1875 132 39 ablauft,
2621 1875 63 38 jetzt
2705 1873 177 39 beurlaubt,

1611 1924 63 31 und
1696 1928 62 27 von
1780 1924 52 31 der
1853 1924 99 38 Klaſſe
1974 1925 89 38 1884,
2094 1924 103 38 welche
2229 1925 137 40 geſetzlich
2398 1924 50 31 bis
2469 1925 77 30 1890
2578 1930 39 31 zu
2649 1923 106 31 dienen
2786 1922 95 40 haͤtte,

1612 1972 122 32 werden
1766 1972 61 31 drei
1850 1972 132 40 Fünftel
2012 1980 39 31 zu
2073 1972 136 40 gleichem
2229 1973 101 40 Zweck
2361 1972 85 39 durch
2478 1973 59 31 das
2559 1972 83 32 Loos
2673 1971 206 40 ausgewählt.

1612 2019 84 32 Man
1726 2020 110 32 nimmt
1868 2029 52 30 an,
1954 2020 60 38 daß
2045 2021 52 31 der
2128 2022 70 37 Reſt
2229 2021 52 35 der
2301 2021 98 39 Klaſſe
2420 2022 89 38 1884,
2538 2024 92 28 unter
2661 2020 136 38 welchem
2827 2019 50 38 ſich

1614 2067 214 37 insbeſondere
1850 2068 46 30 die
1909 2068 92 32 Leute
2024 2069 145 38 ſchlechter
2180 2070 151 39 Fuͤhrung
2354 2070 149 38 befinden,
2523 2070 46 30 die
2592 2073 62 27 von
2672 2069 55 44 der
2739 2067 139 39 Looſung

1614 2115 236 39 ausgeſchloſſen
1861 2106 117 58 waren,
1985 2116 70 32 bald
2068 2118 172 39 nachfolgen
2252 2119 85 30 wird.
2359 2118 48 31 Es
2419 2118 61 38 ſind
2493 2117 83 32 dann
2587 2117 52 31 bis
2651 2124 56 30 zur
2712 2106 165 58 Rekruten⸗

1614 2163 203 39 Einſtellung,
1827 2164 104 38 welche
1942 2165 43 30 im
1995 2164 171 33 November
2177 2167 27 30 d.
2214 2166 39 39 J.
2265 2167 134 38 erfolgen
2411 2166 66 39 ſoll,
2490 2173 62 25 nur
2563 2166 74 38 zwei
2648 2164 231 40 Jahresklaſſen

1613 2214 93 29 unter
1727 2212 52 31 der
1799 2212 119 40 Fahne.
1971 2212 48 32 Es
2050 2213 83 37 haͤtte
2163 2214 65 31 dies
2259 2222 41 24 an
2329 2215 49 38 ſich
2409 2214 78 32 keine
2519 2214 160 37 beſondere
2710 2213 169 36 Bedenken,

1614 2261 84 30 wäre
1720 2261 60 30 das
1800 2260 188 39 Verhaͤltniß
2009 2261 76 39 nicht
2106 2262 147 39 geradezu
2272 2263 180 39 ungeſetzlich
2472 2263 63 31 und
2557 2263 84 37 hätte
2656 2262 45 31 die
2716 2261 162 39 vorzeitige

1614 2308 185 40 Entlaſſung
1822 2309 52 32 der
1895 2310 158 38 gedachten
2074 2309 185 40 Jahrgänge
2279 2310 49 38 ſich
2349 2312 75 37 nicht
2445 2311 176 39 gleichzeltig
2645 2310 55 38 auf
2731 2310 46 30 die
2807 2310 72 30 den⸗

1614 2357 100 38 felben
1736 2357 207 39 angehörigen
1964 2358 231 39 Unteroffiziere
2216 2358 135 38 beziehen
2372 2358 122 40 müſſen,
2514 2359 104 39 welche
2639 2359 79 31 keine
2734 2358 144 38 Neigung

1613 2413 70 30 zum
1703 2405 224 32 Weiterdienen
1948 2406 109 39 haben.
2097 2406 51 31 An
2169 2407 58 30 das
2247 2406 202 40 Ungeſetzliche
2481 2408 84 30 eines
2596 2407 174 38 derartigen
2800 2405 79 32 Ver⸗

1614 2453 128 39 fahrens
1764 2454 34 38 iſt
1818 2461 73 24 man
1912 2455 34 31 in
1967 2454 176 40 Frankreich
2164 2454 114 31 bereits
2301 2455 151 39 gewohnt,
2471 2455 79 32 denn
2581 2455 83 38 ſchon
2694 2454 185 39 Voulanger

1614 2502 50 31 als
1687 2502 247 39 Kriegsminiſter
1954 2502 93 39 ſtellte
2070 2503 45 31 die
2136 2503 152 31 Rekruten
2310 2503 50 32 der
2380 2502 177 39 Jnfanterie
2580 2511 94 30 gegen
2695 2503 57 30 das
2781 2502 97 38 Geſetz

1613 2550 33 31 in
1668 2550 45 31 die
1735 2550 244 39 Truppentheile
2000 2552 82 38 ihrer
2104 2551 157 39 Regtonen
2282 2552 48 31 ein
2363 2551 63 31 und
2457 2552 61 37 ſein
2548 2550 179 39 Nachfolger
2757 2550 121 39 Ferron

1612 2598 203 31 unterdrückte
1837 2598 105 39 ebenſo
1965 2599 78 31 beim
2063 2598 169 41 Jahrgang
2241 2594 100 49 1886,
2361 2599 51 31 der
2427 2599 85 32 Ende
2527 2600 77 30 1887
2619 2607 54 29 zur
2689 2598 188 38 Einſtellung

1612 2645 75 40 kam,
1708 2646 46 31 die
1775 2647 104 37 zweite
1900 2646 135 39 Portion
2067 2647 62 31 und
2162 2648 77 38 legte
2271 2648 93 30 damit
2395 2647 45 31 die
2471 2647 210 39 gleichmäßige
2712 2646 165 38 Dienſtzeit

1609 2694 87 32 Aller
1716 2702 40 30 zu
1777 2694 140 40 Grunde,
1948 2694 104 39 welche
2083 2695 65 31 dem
2178 2695 69 39 noch
2279 2695 33 32 in
2342 2695 182 40 Berathung
2556 2694 193 39 befindlichen
2780 2702 98 24 neuen

1609 2742 366 39 Rekrutirungs⸗Geſetz
2010 2743 165 37 entſpricht.
2228 2743 51 38 Jn
2313 2744 120 36 unſerm
2465 2743 190 31 Vaterlande
2690 2743 104 31 würde
2829 2743 48 31 ein

1610 2790 109 37 ſolches
1740 2790 164 38 Vorgehen
1927 2791 93 38 große
2042 2791 224 38 Mißbilligung
2290 2791 151 39 erfahren,
2460 2791 31 37 ja
2513 2794 34 27 es
2574 2792 34 37 iſt
2640 2791 146 39 geradezu
2819 2797 57 24 un⸗

1608 2838 147 39 denkbar;
1775 2839 42 30 im
1838 2838 100 31 Lande
1961 2839 54 30 des
2038 2841 226 36 ausgeprägten
2286 2839 327 37 Parlamentarismus
2636 2840 134 38 dagegen
2797 2838 76 31 wird

1608 2888 61 28 aus
1692 2886 112 38 ſolchen
1825 2886 437 39 Verfaſfungs⸗Verletzungen
2284 2886 61 31 kein
2366 2887 155 39 Aufheben
2544 2887 137 38 gemacht.

1667 2933 69 30 Der
1763 2933 155 36 Nachtheil
1950 2934 52 35 für
2033 2935 58 27 vas
2122 2935 80 35 Heer
2232 2936 134 34 erwüchſt
2397 2933 71 30 aber
2500 2934 213 38 hauptſächlich
2746 2935 130 36 daraus,

1610 2979 58 38 daß
1690 2980 69 36 kurz
1780 2984 57 25 vor
1859 2979 51 30 der
1930 2979 357 39 Rekruten⸗-Einſtellung
2310 2980 56 30 das
2385 2980 307 37 Unteroffziercorps
2714 2982 65 29 eine
2800 2982 76 29 voll⸗

1609 3027 133 38 ſtändige
1765 3026 284 39 Desorganitfation
2075 3027 117 38 erfährt
2218 3027 61 31 und
2313 3027 44 30 die
2379 3028 140 31 welteren
2541 3027 139 32 Quellen
2703 3028 93 38 ſeiner
2818 3028 59 32 Er⸗

1610 3076 155 37 gänzung,
1786 3075 103 37 welche
1910 3076 33 30 in
1965 3075 56 30 den
2043 3075 116 30 älteren
2168 3075 208 38 Jahrgängen
2388 3075 109 39 liegen,
2518 3075 217 39 abgeſchnitten
2747 3077 129 30 werden.

1608 3122 83 30 Man
1713 3122 123 29 bebenke
1858 3122 87 29 dabet
1966 3122 81 35 noch,
2078 3122 58 37 daß
2158 3122 46 29 die
2225 3122 219 38 Entlaſfungen
2465 3123 49 37 ſich
2537 3124 76 36 nicht
2641 3124 72 29 blos
2745 3124 55 34 auf
2830 3125 46 29 die

1605 3168 182 38 Jnfanterte
1808 3168 150 38 beziehen,
1990 3168 127 38 ſondern
2140 3168 72 31 eben
2234 3168 29 37 ſo
2286 3169 64 37 ſehr
2379 3169 53 34 auf
2463 3170 45 29 die
2529 3169 174 31 Kavallerie
2734 3171 62 29 und
2829 3170 44 30 die

1606 3215 247 38 Spezialwaffen
1887 3215 57 30 mit
1966 3215 82 39 ihrer
2070 3215 219 39 ſchwierigeren
2310 3216 207 39 Ausbildung.
2579 3217 63 31 Die
2684 3212 188 44 franzöſtſche

1605 3264 109 29 Armee
1736 3268 66 25 war
1823 3263 149 38 bezüglich
1995 3264 54 29 des
2070 3263 363 39 Unterofftzier⸗Erſatzes
2454 3264 106 38 bisher
2580 3265 35 31 in
2638 3265 108 39 hohem
2767 3266 105 30 Grade

1608 3310 54 37 auf
1684 3310 45 30 die
1750 3310 91 30 Leute
1863 3310 52 29 der
1937 3310 210 38 fünfjährigen
2168 3311 166 37 Dienſtzeit
2354 3312 197 38 angewieien.
2593 3312 62 31 Die
2678 3314 123 37 Gegner
2823 3314 51 30 der

1609 3357 204 39 dreijährigen
1835 3356 167 39 Dienſtzeit
2028 3358 62 31 und
2110 3357 167 39 Anhaͤnger
2319 3358 50 31 der
2409 3358 176 40 bisherigen
2626 3359 158 40 Ordnung
2826 3360 50 31 be⸗

1608 3407 107 30 tonten
1777 3405 164 38 beſonders
2002 3405 63 32 und
2126 3406 56 30 mit
2240 3406 90 39 Recht
2389 3407 46 30 die
2496 3407 268 39 Schwierigkeiten
2825 3408 53 31 der

1608 3454 190 39 Ergänzung
1842 3454 53 30 des
1937 3454 321 39 Unteroffizlercorps,
2300 3454 101 39 ſobald
2443 3456 46 30 die
2530 3456 190 39 fünfjährige
2755 3455 121 39 Dienſt⸗

1607 3503 56 36 zeit
1686 3501 195 40 fortgefallen
1903 3502 49 38 fet.
1994 3502 74 31 Das
2101 3502 167 39 organiſche
2288 3503 199 38 Heeresgeſetz
2509 3504 54 37 hat
2595 3504 93 37 daher
2719 3505 85 31 einen
2826 3505 49 30 be⸗

1607 3550 146 38 ſonderen
1774 3550 153 38 Abſchnitt
1959 3550 243 39 aufgenommen,
2234 3550 119 38 welcher
2383 3555 61 27 von
2466 3552 51 29 der
2537 3552 336 40 Wieder-Anwerbuug

1607 3598 51 30 der
1679 3598 233 39 Unteroffiziere
1933 3598 125 38 handelt
2089 3599 63 30 und
2174 3599 55 31 den
2252 3598 106 39 länger
2380 3599 179 32 Dienenden
2581 3600 95 39 große
2696 3600 178 39 Vergünſti⸗

1607 3654 135 31 gungen,
1763 3645 179 40 namentlich
1965 3646 69 38 auch
2050 3646 147 39 bezüglich
2220 3646 51 31 der
2286 3646 270 40 Civilverſorgung
2579 3649 32 29 in
2626 3648 137 38 Ausſicht
2783 3649 92 38 ſtellt;

1606 3695 93 30 allein
1721 3694 71 38 auch
1805 3694 92 37 dieſer
1907 3694 152 38 Abſchnitt
2071 3694 52 38 hat
2138 3694 69 37 noch
2220 3694 77 31 keine
2309 3695 210 39 Geſetzeskraft
2533 3696 125 38 erlangt
2672 3697 62 30 und
2750 3698 34 29 es
2799 3696 75 39 fehlt

1606 3742 93 38 daher
1720 3750 41 23 an
1783 3742 95 37 jedem
1899 3742 182 38 beſonderen
2100 3742 303 39 Anziehungspunkt,
2425 3744 50 30 der
2496 3751 38 29 zu
2555 3744 97 30 einem
2666 3743 144 32 Verbleib
2833 3745 41 30 im

1604 3791 95 39 Heere
1720 3790 77 31 über
1818 3790 45 31 die
1884 3790 73 39 Zeit
1978 3791 52 30 der
2044 3790 225 39 Verpflichtung
2291 3791 103 37 Anlaß
2416 3791 93 39 geben
2530 3791 119 32 könnte.
2690 3791 84 32 Man
2796 3792 78 32 kann

1604 3838 77 39 nicht
1702 3839 181 38 verlangen,
1914 3838 60 38 daß
2006 3838 48 31 ein
2080 3838 200 39 bürgerlicher
2300 3838 244 39 Kriegsminiſter
2575 3840 49 30 ein
2646 3839 118 39 Gefuhl
2784 3839 90 39 dafür

1605 3886 65 39 hat,
1690 3887 128 38 welchen
1832 3886 279 39 unberechenbaren
2127 3881 141 49 Schaden
2277 3885 43 31 er
2342 3887 64 30 dem
2420 3887 93 39 Seere
2528 3888 86 38 durch
2637 3887 77 37 ſeine
2728 3887 146 32 ubereilte

1605 3934 169 40 Maßregel
1808 3935 120 39 zufügt,
1967 3934 73 32 aber
2074 3939 88 32 wozu
2195 3934 35 39 iſt
2265 3934 77 32 denn
2376 3935 51 30 der
2461 3934 112 40 oberite
2607 3935 184 39 Kriegsrath
2826 3936 49 30 da/

1605 3982 96 38 deſſen
1763 3982 270 40 Machtbeſugniſſe
2104 3982 85 37 durch
2251 3982 53 37 ihn
2369 3983 69 36 noch
2510 3985 151 29 erweitert
2721 3979 153 35 wurden?

1672 4061 101 43 „Aus
1806 4061 131 34 meinen
1969 4061 135 44 eigenen
2135 4060 142 34 Mitteln
2301 4075 41 10 —
2366 4059 164 35 niemals!
2555 4045 43 41 ——
2802 4062 73 33 —

1606 4103 48 87 ſe
1707 4104 218 51 überſchuldet
1957 4122 43 7 —
2030 4103 42 41 ſie
2103 4107 117 75 —
2250 4103 64 33 mir
2337 4103 80 43 nicht
2441 4103 92 35 einen
2558 4103 164 45 Pfennig!
2747 4123 43 6 —
2814 4104 62 36 Du

1619 4147 88 44 iehſt,
1738 4157 88 26 mein
1851 4147 116 45 Sohn,
1999 4146 63 44 daß
2087 4147 41 42 ich
2191 4146 41 43 Dich
2257 4146 124 35 meines
2404 4147 232 44 rückhaltloͤſen
2660 4144 212 39 Vertrauens

1606 4191 192 44 würdige!/

1672 4244 102 44 „Nur
1809 4244 88 43 wirſt
1932 4245 61 35 Du
2029 4243 82 41 nicht
2146 4247 172 39 erwarten,
2353 4243 63 40 daß
2448 4244 41 42 ich
2520 4244 69 36 Dir
2620 4245 56 42 für
2704 4246 63 33 das
2791 4245 82 35 Ver⸗

1607 4291 120 32 trauen
1760 4288 144 35 dankbar
1927 4288 59 43 ſei!
2033 4288 85 34 Was
2150 4306 42 6 —
2224 4297 55 24 um
2311 4286 245 44 Gotteswillen,
2588 4288 35 86 ſe
2686 4289 84 33 denn
2807 4293 65 30 aus

1606 4335 68 30 uns
1711 4333 142 42 werden,
1889 4337 98 30 wenn
2018 4331 62 35 wir
2111 4334 67 31 uns
2210 4331 35 35 in
2276 4330 88 36 einer
2394 4332 31 43 ſo
2451 4331 237 44 verzweifelten
2712 4331 86 45 Lage
2821 4331 52 36 be⸗

1608 4374 161 43 finden
1718 4370 27 51 2

1683 4428 109 43 „Bitte
1816 4447 27 7 —
1846 4429 120 42 nicht
1989 4429 32 42 ſo
2085 4428 130 78 eſtn
2240 4428 65 34 und
2330 4433 59 29 vor
2402 4427 106 36 Allem
2532 4428 82 42 nicht
2630 4429 33 42 ſo
2676 4429 86 43 laut,
2785 4429 87 34 mein

1606 4451 130 55 dieli
1782 4471 87 44 Jetzt
1892 4472 60 42 biſt
1976 4472 61 35 Du
2062 4476 48 38 es,
2156 4481 32 24 der
2211 4471 54 43 ſich
2290 4471 34 34 in
2348 4473 87 32 einer
2459 4472 121 44 ſtarken
2593 4473 279 40 Ausdrucksweiſe

1608 4515 133 44 gefällt!
1788 4515 74 35 Wir
1899 4515 55 34 ſind
1980 4515 106 34 weder
2109 4515 35 34 in
2168 4515 89 34 einer
2281 4515 235 43 verzweifelten
2540 4516 97 43 Lage,
2669 4517 74 38 noch
2790 4516 82 33 haben

1607 4559 62 33 wir
1693 4558 229 42 ausreichende
1951 4558 259 42 Veranlaſſung,
2241 4558 32 42 ſo
2305 4558 147 43 tragiſche
2476 4558 130 34 Aluren
2638 4568 233 33 anzunehmen.

1607 4602 72 34 Wir
1702 4602 131 34 werden
1858 4605 68 31 uns
1951 4602 78 34 eben
2055 4602 122 43 einige
2206 4600 216 45 Vorkehrungen
2446 4601 54 43 für
2524 4602 49 33 die
2584 4601 149 44 Zukunft
2756 4602 116 43 treffen

1599 4645 132 43 müſſen
1756 4663 30 8 —
1785 4645 101 34 das
1910 4645 39 43 iſt
1972 4644 140 35 Alles!“

1672 4697 99 43 „Und
1797 4698 80 41 dieſe
1902 4697 258 44 Borkehrungen
2184 4717 23 6 —
2211 4697 79 43 ſie
2314 4698 170 43 beſtänden
2508 4698 158 35 worin?“

1671 4741 86 42 „Du
1796 4741 95 41 mußt
1914 4741 86 77 28
2023 4752 52 32 an
2129 4751 38 25 den
2199 4741 174 35 Gedanken
2412 4743 188 42 gewöhnen,
2639 4742 86 34 mein
2764 4751 109 25 armer

1606 4783 137 44 Lascar,
1778 4784 109 35 Deine
1923 4784 137 44 goldene
2085 4784 144 44 Freiheit
2264 4784 207 45 aufzugeben.
2517 4786 62 34 Du
2614 4786 95 41 mußt
2740 4785 133 36 Deinen

1607 4827 119 44 ſtolzen
1751 4827 124 35 Nacken
1899 4833 99 28 unter
2023 4829 62 32 das
2108 4827 81 42 Joch
2215 4828 55 32 der
2294 4828 66 40 Ehe
2386 4828 156 34 beugen.“

1606 4914 18 34 o
1672 4870 75 35 Der
1770 4871 144 44 Offizier
1938 4871 110 43 drehte
2072 4871 198 45 ungeduldig
2296 4880 43 26 an
2364 4872 59 34 den
2470 4874 93 33 Enden
2588 4873 105 43 ſeines
2708 4872 165 42 Schnurr⸗

1628 4919 104 30 artes.

1671 4957 244 44 „Vortrefflich.
1944 4958 116 42 Papa!.
2107 4958 74 35 Und
2207 4959 244 43 wuhrſcheinlich
2475 4960 69 44 haſt
2567 4959 62 37 Du
2653 4961 74 42 auch
2752 4960 121 35 bereits

1606 5000 49 36 die
1679 5002 186 44 zukünftige
1892 5002 124 36 Gattin
2041 5003 55 42 für
2122 5002 73 40 mich
2221 5003 174 43 gewühlt.“

1672 5055 133 42 „Wenn
1828 5055 61 35 Du
1914 5060 98 30 unter
2034 5056 176 42 „wählen“
2234 5055 52 34 ein
2311 5056 183 42 Ausſuchen
2526 5061 97 30 unter
2656 5057 118 35 Vielen
2805 5062 68 29 ver⸗

1606 5097 64 43 ſteh
1685 5099 80 76 W
1792 5099 86 43 gehſt.
1902 5099 62 34 Du
1988 5099 101 33 leider
2114 5105 64 28 von
2203 5098 238 44 irrthümlichen
2467 5100 305 46 Vorausſetzungen
2797 5105 76 34 aus,

1606 5141 86 33 mein
1738 5141 91 86 2
1877 5142 81 43 Hier
1982 5143 118 33 kommt
2124 5151 64 25 nur
2214 5143 66 34 eine
2305 5143 118 44 einzige
2542 5142 138 85 e
2704 5145 33 33 in
2751 5145 122 41 Frage,

1607 5184 65 33 und
1699 5185 41 40 ich
1789 5185 58 33 habe
1871 5185 197 42 wenigſtens
2103 5186 48 32 die
2184 5187 196 43 angenehne
2406 5187 195 44 Gewißzheit,
2638 5186 63 42 daß
2736 5187 61 35 Du
2847 5188 25 34 fie

1606 5228 82 40 nicht
1713 5234 67 28 von
1804 5228 197 44 vornherein
2027 5229 246 44 verabſcheuſt.“

1672 5281 184 44 „Berzeih',
1895 5287 96 29 wenn
2031 5282 41 41 ich
2114 5283 47 33 die
2197 5282 107 42 Sache
2343 5285 73 41 nach
2457 5284 115 35 immer
2607 5284 80 41 nicht
2723 5293 81 34 ganz
2840 5284 31 38 ſo

1607 5320 169 53 ſcherzhaft
1828 5289 90 82 edel
1957 5326 96 42 kann,
2088 5326 60 34 wie
2183 5326 70 34 Du.
2316 5327 75 35 Wer
2425 5328 34 39 iſt
2498 5329 80 32 denn
2617 5329 77 39 dieſe
2727 5327 143 41 Einzige,

1607 5376 64 27 von
1698 5370 55 33 der
1784 5373 68 32 uns
1877 5369 127 36 Deiner
2029 5369 167 45 Meinung
2231 5372 73 42 nach
2337 5371 97 35 allein
2467 5371 46 34 die
2546 5371 148 42 Rettung
2727 5370 142 33 kommen

1607 5413 83 34 kann
1701 5413 41 34 ?

1645 5471 111 43 „Jch
1794 5472 120 45 glaube
1950 5473 93 42 nicht,
2079 5472 62 40 daß
2178 5476 36 31 es
2250 5472 66 35 Dir
2349 5473 32 42 ſo,
2413 5471 109 42 ſchwer
2547 5471 99 44 fallen
2672 5471 124 42 könnte,
2819 5470 49 52 ſie

1605 5524 46 69 7
1681 5516 163 45 errathen.
1904 5517 78 36 Wer
2018 5517 120 34 anders
2175 5516 113 35 koͤnnte
2320 5519 35 31 es
2388 5516 74 43 ſein,
2497 5516 55 34 als
2588 5516 108 35 Deine
2727 5514 140 40 Kouſine

1655 5561 73 34 aria
1739 5563 14 31 ?

1651 5603 112 42 „Sie
1795 5622 40 7 —
1869 5604 49 36 die
1949 5605 43 43 ich
2024 5603 80 44 nicht
2136 5603 121 36 einmal
2269 5603 132 47 kenne?
2425 5622 40 7 —
2490 5603 66 36 Die
2580 5603 42 41 ich
2648 5602 144 49 niemals
2817 5612 49 35 ge—

1603 5646 90 45 ſehen
1718 5646 130 46 habe?“

2915 1388 242 41 Wahrſcheinlich
3203 1394 53 25 um
3297 1386 78 39 nicht
3421 1385 108 40 gehoͤrt
3569 1391 38 31 zu
3648 1382 139 33 werden!
3848 1381 95 32 Denn
3990 1386 73 24 man
4105 1377 79 31 kann

2913 1437 75 39 nicht
3009 1437 182 39 annehmen,
3226 1435 60 37 daß
3312 1435 48 30 die
3381 1434 84 32 alten
3497 1432 180 39 erfahrenen
3699 1429 162 38 Generale,
3895 1427 103 38 welche
4026 1425 159 38 denſelben

2912 1486 111 37 bilden,
3054 1485 46 38 ſo
3107 1484 99 39 wenig
3231 1482 129 39 Einſicht
3381 1482 63 31 und
3465 1481 79 39 Herz
3565 1480 52 39 für
3645 1480 59 31 das
3724 1479 79 39 Heer
3834 1476 116 38 beſitzen
3983 1474 118 39 ſollten,
4130 1480 54 24 um

2910 1534 81 36 jener
3013 1532 166 40 Maßregel
3206 1532 66 38 ihre
3291 1531 218 39 Zuſtimmung
3542 1536 38 30 zu
3612 1529 103 38 geben.
3756 1526 82 32 Aber
3869 1525 51 30 der
3924 1519 97 47 Herr
4027 1516 158 63 Niniſter

2910 1582 32 39 iſt
2962 1582 32 38 ja
3016 1582 69 38 auch
3107 1580 148 40 Politiker
3275 1579 64 32 und
3362 1576 284 43 Parteimann,
3585 1571 77 54 die
3668 1575 132 38 Wahlen
3821 1572 98 41 ſtehen
3940 1575 58 26 vor
4019 1570 51 30 der
4091 1568 92 39 Thür

2909 1630 61 31 und
2993 1630 38 31 da
3052 1630 35 38 iſt
3107 1629 83 37 jedes
3201 1628 110 31 Mittel
3332 1626 88 39 recht,
3441 1627 52 30 der
3505 1625 110 39 Partei
3636 1624 57 31 den
3706 1624 81 38 Sieg
3810 1628 39 32 zu
3870 1620 117 39 ſichern,
4007 1618 86 39 ſollte
4115 1616 69 39 auch

2909 1678 78 38 Heer
3007 1676 62 31 und
3091 1676 172 32 Vaterland
3286 1676 150 31 darunter
3456 1673 71 38 noch
3551 1673 30 38 ſo
3603 1672 67 39 ſehr
3691 1672 107 30 leiden.

2969 1724 68 33 Der
3059 1724 128 39 Einfluß
3222 1724 52 31 der
3295 1722 207 40 bürgerlichen
3524 1721 103 38 Spitze
3660 1719 54 38 auf
3735 1719 59 31 das
3815 1719 79 38 Heer
3924 1715 78 33 wird
4027 1714 50 40 ſich
4098 1713 87 39 mehr

2912 1772 60 32 und
2993 1772 85 42 mehr
3104 1772 119 39 geltend
3255 1771 135 39 machen;
3422 1770 113 31 bereits
3567 1768 90 39 ſtrebt
3687 1768 81 39 Herr
3799 1766 135 39 Floquet
3965 1763 121 37 danach.
4119 1762 65 30 eine

2912 1820 129 40 aͤhnliche
3103 1821 154 38 Stellung
3320 1819 47 30 bet
3428 1819 52 31 der
3521 1817 128 32 Marine
3701 1822 37 31 zu
3791 1814 169 39 gewinnen.
4028 1805 157 49 „General

2911 1868 180 40 Freycinet
3090 1854 40 58 ·
3132 1868 63 32 und
3258 1866 161 41 „Admtral
3473 1864 151 41 Floquet!
3680 1863 63 39 ſind
3806 1861 51 31 als
3906 1858 173 41 ſcherzhafte.
4120 1858 62 31 Be⸗

2911 1917 196 39 zeichnungen
3163 1924 80 32 gang
3300 1916 65 33 und
3418 1914 85 40 gäbe.
3571 1912 89 41 Frack
3710 1910 62 32 und
3825 1907 204 40 Cylinderhut
4080 1908 97 29 treten

2910 1966 60 38 jetzt
3010 1965 70 39 auch
3123 1964 151 40 aͤußerlich
3317 1967 58 27 vor
3415 1963 46 31 die
3482 1962 103 40 Front
3625 1961 54 30 des
3714 1959 126 39 Heeres,
3886 1957 56 31 wie
3984 1957 34 29 es
4052 1954 50 40 fich
4137 1954 47 30 bei

2910 2014 51 31 der
2981 2013 106 32 Revue
3108 2016 61 28 von
3191 2013 93 31 Boos
3307 2011 116 40 gezeigt
3454 2011 64 38 hat,
3550 2016 48 25 wo
3630 2009 52 31 der
3713 2004 183 41 bürgerliche
3927 2003 162 39 Praͤſident
4121 2002 62 32 und

2910 2062 51 30 der
2981 2061 183 39 bürgerliche
3183 2059 250 40 Kriegsminiſter
3454 2059 46 31 die
3522 2058 102 39 Front
3655 2057 52 31 der
3738 2051 357 40 Truppen⸗Aufſtellung
4129 2050 55 31 ab⸗

2911 2110 107 39 fuhren
3048 2110 63 31 und
3143 2110 52 30 der
3226 2109 105 38 erſtere
3360 2108 89 31 dann
3482 2107 100 38 ſpaͤter
3612 2106 33 31 in
3681 2105 82 30 einer
3796 2102 59 32 Art
3889 2100 209 38 Armeebefehl
4120 2093 60 48 ſich

2910 2158 73 37 nicht
3025 2158 112 32 einmal
3172 2156 121 40 abſolut
3329 2156 110 31 lobend
3474 2155 77 31 uͤber
3587 2154 56 31 den
3677 2150 227 39 Vorbeimarſch
3940 2146 240 42 ausgeſprochen

2911 2208 71 38 hat,
3027 2207 58 31 wie
3124 2213 73 25 man
3237 2207 36 30 es
3316 2204 106 40 bisher
3462 2207 63 28 von
3567 2202 108 40 ſolcher
3716 2201 93 32 Seite
3851 2198 143 40 gewohnt
4036 2196 144 39 gewefen.

2910 2254 58 32 Bei
3028 2254 81 39 jeder
3169 2253 221 40 Gelegenheit,
3461 2256 48 27 wo
3580 2251 79 39 Heer
3728 2249 64 31 und
3863 2246 213 39 Bürgerthum
4148 2244 34 31 m

2910 2303 130 38 Konflikt
3061 2305 109 36 treten,
3190 2302 79 39 zieht
3290 2302 60 31 das
3373 2300 105 39 erſtere
3500 2297 208 42 grundſätzlich
3731 2297 56 31 den
3798 2296 163 37 Kuͤrzeren.
3977 2288 201 48 Bedenkliche

2910 2352 186 38 Symptome
3118 2350 148 39 bezüglich
3295 2350 53 31 der
3369 2348 164 38 Disziplin
3565 2349 42 30 im
3627 2348 94 38 Heere
3753 2347 98 30 treten
3883 2344 46 31 bei
3962 2338 216 47 verſchiedenen

2911 2400 232 39 Gelegenheiten
3175 2399 129 38 hervor;
3335 2398 52 30 der
3419 2396 107 40 ſcharfe
3549 2395 118 39 Schuß,
3699 2394 120 38 welcher
3850 2392 78 31 beim
3950 2391 156 31 Manöder
4128 2390 52 30 der

2909 2449 46 30 gs.
2971 2446 335 40 Jnfanterie⸗Brigade
3328 2446 53 37 C.
3397 2444 241 38 Armee⸗Korps)
3655 2444 32 30 in
3703 2442 52 31 der
3769 2441 87 39 Nähe
3872 2446 60 26 von
3948 2439 127 32 Rennes
4091 2439 87 31 einen

2910 2498 50 30 als
2972 2497 169 39 Zuſchauer
3153 2495 198 38 anweſenden
3365 2493 175 39 Geiſtlichen
3553 2493 105 39 ſchwer
3669 2490 205 38 verwundete,
3890 2489 54 36 ſoll
3960 2489 64 30 dem
4042 2487 135 31 daneben

2911 2546 195 38 geſtandenen
3127 2542 290 41 Brigade⸗General
3438 2542 100 38 Paris
3560 2541 141 39 gegolten
3722 2540 110 39 haben,
3858 2538 61 38 der,
3946 2537 56 31 wie
4028 2538 35 29 es
4069 2530 104 48 heißt,

2909 2595 45 29 die
2975 2593 161 38 Disziplin
3157 2593 98 38 ſtreng
3291 2590 170 40 handhabt,
3502 2590 77 39 ohne
3621 2589 54 39 auf
3716 2589 46 30 die
3803 2585 114 41 Volitik
3953 2584 144 38 Rückficht
4137 2589 39 31 zu

2909 2641 137 40 nehmen,
3068 2643 69 29 was
3159 2641 87 38 heute
3269 2639 112 32 Grund
3404 2646 99 32 genug
3528 2638 50 38 ſei,
3612 2637 63 39 ihm
3710 2637 56 30 den
3788 2634 184 40 oͤffentlichen
3994 2632 69 40 Haß
4085 2638 91 31 zuzu⸗

2910 2691 109 36 ziehen.
3062 2690 61 31 Ein
3145 2688 148 40 ähnlicher
3314 2687 126 38 Vorfall
3482 2686 34 38 iſt
3548 2686 81 38 wohl
3652 2685 80 38 ſchon
3755 2683 113 32 einmal
3889 2684 32 30 in
3941 2682 82 38 jeder
4044 2680 133 31 anderen

2908 2739 107 30 Armee
3037 2738 237 38 vorgekommen,
3305 2735 142 39 vielleicht
3478 2734 114 38 erweiſt
3622 2733 48 38 ſich
3693 2732 68 38 noch
3784 2732 45 31 die
3850 2731 98 38 Kugel
3970 2730 53 30 als
4045 2729 53 31 der
4117 2735 61 24 un⸗

2908 2786 141 39 ſchuldige
3111 2785 149 39 Pfropfen
3328 2785 81 30 einer
3469 2783 211 38 Platzpatrone
3722 2780 77 39 C?),
3848 2780 94 31 allein
3984 2785 73 25 man
4100 2777 78 31 kann

2906 2837 88 28 unter
3049 2834 56 30 den
3166 2832 213 32 obwaltenden
3439 2830 225 39 Verhältniſſen
3706 2829 78 39 ſeine
3846 2829 125 38 eigenen
4014 2825 164 32 Gedanken

2907 2882 129 31 daruͤber
3056 2882 107 38 haben.
3205 2881 62 31 Die
3289 2881 115 30 kleinen
3426 2878 239 39 Vorkommniſſe
3687 2878 121 31 werden
3834 2877 90 38 indeß
3956 2877 72 30 dort
4058 2876 33 37 in
4123 2874 53 30 den

2907 2930 208 38 Hintergrund
3138 2928 148 40 gedrangt
3309 2928 86 38 durch
3418 2928 46 30 die
3486 2928 118 30 breiten
3625 2925 333 39 Lobes⸗Erhebungen,
3991 2925 32 30 in
4052 2921 126 39 welchen

2908 2985 72 23 man
3001 2977 49 38 ſich
3072 2976 75 31 über
3168 2977 58 30 den
3246 2976 130 38 Ausfall
3398 2976 51 30 der
3471 2975 116 39 grotzen
3609 2974 157 33 Manöver
3788 2975 112 38 ergeht.
3942 2972 83 38 Doch
4058 2973 35 29 es
4126 2971 52 38 hat

2911 3025 63 30 dies
3025 3024 101 32 keinen
3177 3024 151 39 größeren
3380 3023 107 39 Werth
3543 3023 77 39 als,
3647 3023 81 37 jedes
3775 3021 159 39 Selbſtlob
3987 3020 63 31 und
4103 3018 75 32 wird

2909 3073 31 30 in
2962 3072 149 38 deutſchen
3133 3072 109 39 Augen
3274 3072 163 38 weſentlich
3469 3071 372 39 zuſammenſchrumpfen,
3872 3075 89 25 wenn
3993 3076 72 23 man
4097 3067 82 38 hört,

2909 3120 56 37 daß
3027 3120 46 30 die
3126 3120 256 37 Norpsmanöver
3436 3127 86 23 einen
3584 3126 100 32 genau
3745 3118 278 39 vorgeſchriebenen
4079 3115 94 38 Gang

2907 3167 106 37 haben,
3035 3167 56 30 wie
3113 3169 34 28 es
3168 3167 32 36 ja
3222 3168 69 29 dort
3313 3167 86 30 kaum
3423 3167 113 30 anders
3559 3167 130 35 denkbar
3710 3166 42 38 iſt.
3800 3166 100 31 Wenn
3936 3164 146 37 dieſelben
4120 3166 55 36 gut

2905 3215 193 38 ausgefallen
3120 3214 75 38 ſind,
3227 3215 31 37 ſo
3280 3215 118 38 beweiſt
3420 3215 58 30 das
3500 3216 105 29 weiter
3625 3214 116 38 Nichts,
3773 3214 52 30 als
3847 3213 59 37 daß
3927 3220 73 24 man
4022 3213 44 30 die
4089 3211 86 39 durch

2905 3263 56 30 das
2982 3263 143 30 Tableau
3146 3262 258 39 vorgezeichneten
3426 3262 224 40 Bewegungen
3672 3261 204 40 entſprechend
3900 3261 186 39 ausgeführt
4109 3260 64 38 hat,

2905 3313 68 27 was
3014 3311 33 36 ja
3086 3310 160 35 immerbhin
3287 3318 39 30 zu
3367 3311 139 38 Gunſten
3548 3311 51 31 der
3636 3310 151 38 Truppen
3818 3310 115 39 ſpricht.
3973 3308 73 33 Von
4068 3309 106 39 irgend

2907 3357 120 38 welcher
3071 3358 170 38 Jnitiative
3295 3358 53 31 der
3402 3359 122 39 Führer
3579 3359 78 31 kann
3710 3359 73 30 aber
3837 3358 79 31 keine
3970 3358 82 31 Rede
4104 3357 72 38 ſein,

2909 3406 77 31 denn
3047 3406 74 38 dieſe
3182 3407 104 31 würde
3348 3407 80 31 alles
3489 3415 52 23 am
3597 3409 118 37 grünen
3768 3406 84 39 Tiſch
3907 3406 138 39 mühſam
4090 3405 85 32 Aus⸗

2909 3454 164 39 geſonnene
3095 3455 75 30 über
3192 3455 56 31 den
3268 3455 123 39 Haufen
3423 3456 124 38 werfen.
3599 3455 81 31 Dem
3711 3454 294 39 Unberechenbaren,
4038 3456 68 29 was
4135 3455 41 29 im

2907 3502 106 39 Eriege
3035 3504 64 29 eine
3121 3503 30 38 ſo
3167 3502 183 32 bedeutende
3363 3504 91 31 Rolle
3470 3504 98 38 ſpielt,
3588 3504 77 30 wird
3681 3511 56 31 gar
3752 3503 62 32 kein
3829 3503 127 39 Einfluß
3972 3503 198 39 eingeräumt.

2907 3550 60 31 Die
3002 3551 192 39 Ernennung
3231 3552 52 30 der
3318 3552 370 38 General⸗Juſpekteure,
3722 3551 103 39 welche
3860 3552 64 30 eine
3958 3551 120 39 Anzahl
4114 3555 60 26 von

2907 3598 174 32 Generälen
3103 3600 75 30 uͤber
3200 3599 59 31 das
3274 3600 123 31 Ntveau
3419 3600 51 31 der
3484 3600 361 38 Korps⸗Kommandeure
3861 3599 209 39 hinausſchob,
4091 3600 84 38 hätte

2907 3648 35 28 es
2964 3646 147 39 geſtattet,
3142 3647 45 30 die
3220 3648 117 39 großen
3359 3648 157 31 Manoͤver
3549 3648 64 31 dem
3643 3649 33 30 in
3707 3647 202 39 Deutſchland
3941 3648 133 38 üblichen
4096 3647 78 32 Ver⸗

2907 3694 106 39 fahren
3036 3694 193 40 anzupaſſen,
3259 3696 91 38 indeß
3383 3696 45 31 die
3457 3696 83 39 ſchon
3562 3696 223 39 angeordneten
3806 3696 157 31 Manöver
3984 3696 54 31 des
4061 3695 113 31 dritten

2906 3750 93 31 gegen
3031 3742 58 31 das
3120 3744 103 36 zweite
3253 3743 106 39 Lorps
3391 3746 127 30 wurden
3550 3748 61 28 aus
3643 3744 211 32 unbekannten
3879 3744 150 31 Gründen
4061 3744 109 31 wieder

2906 3790 92 37 fallen
3026 3790 129 40 gelaſſen
3188 3791 62 31 und
3283 3794 35 28 es
3353 3792 80 31 blieb
3467 3794 56 30 wie
3556 3793 105 34 bisher
3692 3793 77 31 beim
3790 3793 156 31 Manöver
3977 3793 54 30 des
4063 3792 110 31 dritten

2904 3838 101 38 Korps
3027 3847 95 30 gegen
3143 3840 87 31 einen
3250 3839 165 33 markirten
3436 3840 97 39 Feind
3556 3842 52 29 als
3629 3841 259 39 Schlußleiſtung.

2963 3886 74 32 Das
3058 3895 76 23 neue
3156 3888 230 39 Heeres⸗Geſetz
3405 3889 58 30 mit
3484 3889 96 38 ſeiner
3601 3889 204 39 dreiuͤhrigen
3819 3889 177 39 Dienſtzeit,
4016 3897 40 24 an
4078 3889 94 38 deſſen

2906 3935 142 39 endlicher
3062 3936 160 38 Annahme
3244 3937 84 38 wohl
3348 3936 77 39 nicht
3446 3944 38 30 zu
3504 3937 151 39 zweifeln,
3675 3937 75 31 wird
3773 3938 87 30 einen
3876 3938 152 38 wichtigen
4044 3938 127 30 Wende⸗

2906 3983 90 35 punkt
3016 3984 33 31 in
3071 3984 51 30 der
3144 3984 223 39 Entwickelung
3391 3985 52 30 der
3464 3985 210 37 franzöſtſchen
3695 3985 108 30 Armee
3826 3986 110 30 bilden.
3989 3985 65 30 Mit
4076 3985 95 37 ſeiner

2971 4062 155 42 „Gerade
3152 4062 98 43 dieſer
3266 4062 157 44 Umſtand
3447 4062 37 43 iſt
3509 4066 37 31 es
3571 4063 45 43 ja,
3640 4063 55 33 der
3717 4064 75 40 mich
3818 4063 187 43 ermuthigt,
4028 4063 67 34 Dir
4110 4063 60 33 den

2885 4082 195 71 gorſchg
3104 4114 40 34 zu
3167 4106 136 42 machen.
3352 4106 165 44 Handelte
3550 4110 36 30 es
3611 4105 53 43 ſich
3689 4115 54 25 um
3768 4107 114 43 irgend
3907 4107 84 35 Eine
4023 4106 55 35 der
4102 4106 68 34 Dir

2908 4148 177 35 bekannten
3109 4148 146 43 Damen,
3277 4150 33 42 ſo
3336 4149 139 44 würdeſt
3498 4149 63 35 Du
3584 4150 64 33 mir
3672 4150 151 43 vielleicht
3846 4150 60 33 mit
3929 4150 98 42 Recht
4040 4155 129 39 entgeg⸗

2905 4201 63 25 nen
2992 4191 123 35 können,
3152 4192 63 41 daß
3241 4192 117 45 gexade
3383 4193 79 43 dieſe
3486 4192 91 36 Dein
3609 4193 191 43 beſonderes
3824 4193 184 43 Mißfallen
4032 4194 57 42 auf
4115 4194 54 43 ſich

2905 4244 139 70 —
3068 4236 81 43 habe
3174 4236 66 34 und
3265 4236 69 35 Dir
3358 4240 66 30 aus
3449 4236 113 44 irgend
3588 4236 103 34 einem
3709 4237 139 34 Grunde
3873 4238 197 33 widerwärti
4109 4238 49 76 i

2943 4286 87 27 avon
3054 4279 84 34 kann
3162 4279 50 33 bei
3236 4279 104 34 einem
3364 4279 124 44 jungen
3513 4280 172 42 Mädchen,
3711 4281 61 33 das
3798 4281 59 34 Du
3881 4281 144 33 niemals
4039 4247 128 117 J

2906 4322 76 44 haſt,
3006 4323 115 43 füglich
3146 4323 81 42 nicht
3251 4323 49 34 die
3324 4322 90 35 Rede
3439 4323 76 44 ſein,
3539 4325 66 31 und
3630 4330 94 27 wenn
3748 4323 42 43 ſie
3813 4324 34 33 in
3872 4323 100 43 ihrem
3997 4323 169 35 Aeußeren

2905 4366 79 50 nicht
3008 4375 83 34 ganz
3115 4366 67 33 und
3208 4375 60 34 gar
3292 4370 67 30 aus
3384 4367 57 32 der
3464 4366 64 34 Art,
3575 4366 157 44 geſchlagen
3757 4367 48 42 iſt,
3837 4367 81 33 wird
3950 4370 37 30 es
4019 4366 66 35 Dir
4117 4368 48 32 bei

2905 4409 135 34 einigem
3065 4413 98 40 guten
3177 4409 120 34 Willen
3322 4409 82 44 nicht
3417 4409 123 36 einmal
3553 4376 111 78 5
3687 4410 138 44 werden,
3839 4409 78 44 Dich
3932 4410 85 34 allen
4030 4410 136 44 Ernſtes

2903 4453 36 34 in
2974 4462 28 24 ſie
3025 4462 40 34 zu
3089 4452 198 35 verlieben.“

2969 4505 97 42 „Und
3103 4506 60 34 wie
3199 4501 68 86 bent
3309 4510 38 30 es
3382 4516 52 35 zu,
3470 4507 62 42 daß
3566 4508 55 34 der
3644 4508 106 35 Name
3775 4508 96 42 dieſer
3895 4507 139 43 Louſine,
4069 4508 97 35 deren

2904 4548 125 43 Perfon
3053 4548 94 44 heute
3170 4550 180 43 urplötzlich
3376 4552 68 33 eine
3469 4552 31 42 ſo
3526 4552 182 43 ungeheure
3732 4551 193 44 Wichtigkeit
3949 4532 116 64 Ahat

2905 4592 54 43 her
2993 4592 93 34 kaum
3121 4592 121 43 jemals
3278 4594 146 43 zwiſchen
3459 4598 67 30 uns
3564 4600 145 39 genannt
3732 4595 132 34 wordeñ
3889 4595 63 43 iſt?
3991 4595 67 78 8
4083 4595 82 40 weiß

2904 4636 34 33 in,
2972 4636 56 34 der
3062 4635 91 52 That
3187 4637 81 40 nicht
3302 4638 92 42 mehr
3428 4642 66 30 von
3528 4637 62 42 ihr,
3625 4639 56 33 als
3717 4638 62 41 daß
3814 4638 67 36 Du
3909 4639 51 42 ihr
4028 4640 137 32 Vormund

2906 4678 55 43 biſt
3000 4679 66 34 und
3102 4680 51 42 ihr
3191 4680 187 44 Vermögen
3422 4681 193 43 verwalteſt.
3694 4681 93 43 Nicht
3826 4682 122 34 einmal
3987 4683 80 34 über
4106 4683 59 33 den

2906 4722 93 34 Grad
3036 4724 131 43 unſerer.
3202 4723 280 46 Verwandtſchaft
3517 4726 56 33 bin
3608 4724 41 43 ich
3682 4734 86 69 E
3799 4726 44 34 im
3869 4726 136 43 Klaren,
4036 4744 40 7 —
4109 4734 54 24 um

2905 4766 59 34 wie
3000 4767 65 33 viel,
3100 4767 143 44 weniger
3278 4769 81 34 über
3394 4768 92 43 ihren
3510 4768 274 45 Aufenthaltsort
3819 4771 66 33 und
3920 4770 67 42 ihre
4022 4769 141 43 näheren

2906 4809 262 45 Verhältniſſe!“

2969 4863 83 44 „Jch
3084 4863 97 43 hatte
3203 4863 54 36 bis
3288 4874 40 43 zu
3353 4866 98 41 dieſer
3475 4866 137 35 Stunde
3641 4867 133 39 wirklich
3798 4866 84 34 keine
3906 4864 254 44 Veranlaſſung,

2905 4906 78 42 Dich
3015 4907 60 34 mit
3083 4902 300 56 unerquicklichen
3398 4902 376 56 Familiengeſchichten
3780 4918 39 34 zu
3851 4909 176 41 fatiguiren;
4074 4909 86 33 mein

2905 4950 100 35 lieber
3027 4950 137 43 Lascar,
3200 4954 66 31 und
3302 4953 41 41 ich
3380 4956 104 31 werde
3519 4954 74 37 mich
3625 4953 58 32 mit
3714 4952 125 34 Deiner
3862 4951 47 34 Er
3925 4928 119 67 Audnitz
4085 4954 74 35 auch

2905 4993 66 77 i
3005 4995 59 41 auf
3100 4995 62 34 das
3193 4995 265 44 Nothwendigſte
3493 4995 208 42 beſchränken.
3758 4994 182 86 n
3972 4995 121 34 Maria
4125 4995 36 41 ift

2927 5040 39 30 as
2999 5038 120 43 einzige
3150 5037 85 35 Kind
3271 5039 125 33 meines
3428 5038 124 34 älteren
3583 5037 163 41 Bruders,
3783 5037 57 33 des
3905 5038 107 42 Fürſten
4045 5038 117 38 Larol,

2906 5082 53 32 der
2983 5080 121 35 berelts
3129 5087 59 29 vor
3219 5082 97 43 zwölf
3343 5081 132 42 Jahren
3507 5081 69 32 dies
3609 5080 179 43 mühevolle
3811 5080 126 43 Daſein
3968 5082 60 34 mit
4060 5083 101 33 einem

2906 5125 138 41 beſſeren
3079 5125 102 36 Leben
3218 5125 199 40 vertauſchte.
3465 5122 65 34 Sie
3566 5122 78 41 muß
3680 5125 75 39 nach
3791 5125 124 34 meiner
3970 5125 43 36 —
4019 5127 68 75 ——

2905 5175 59 26 vor
2988 5167 159 45 ungefähr
3153 5168 45 76 Ei
3275 5167 161 32 Minuten
3466 5166 51 42 ihr
3550 5165 195 43 ſiebzehntes
3770 5168 202 43 Lebensjahr
4002 5173 156 29 vollendei

2907 5211 110 42 haben,
3056 5211 65 32 und
3192 5219 19 22 Du
3244 5210 102 42 magſt
3379 5210 126 33 daraus
3559 5172 110 85 ehen
3716 5211 63 42 daß
3811 5214 40 37 ich
3884 5213 196 42 keineswegs
4113 5213 45 30 die

2905 5254 119 39 Abſicht
3060 5253 89 41 habe,
3184 5251 78 43 Dich
3299 5262 45 25 än
3378 5253 54 35 ein
3467 5253 167 44 bejahrtes
3670 5256 65 34 und
3760 5255 213 44 abgeblühtes
3997 5255 158 42 Fräulein

2904 5296 295 42 feſtzuſchmieden.“

2965 5340 134 42 „Laſſen
3124 5338 61 36 wir
3208 5340 104 35 meine
3310 5337 101 94 der
3494 5349 60 28 vor
3578 5343 55 34 der
3648 5343 96 43 Hand
3769 5342 73 42 noch
3866 5341 48 35 bei
3929 5341 97 35 Seite,
4061 5347 93 28 wenn

2901 5386 35 30 es
2961 5383 75 38 Dir
3051 5382 117 34 beliebt
3219 5387 97 41 Papa,“
3367 5386 30 34 fiel
3413 5387 125 35 Lascar
3562 5387 194 44 ungeduldig
3782 5387 59 33 ein.
3865 5385 140 43 „Meine
4030 5365 96 63 olfi

2901 5426 36 43 ift
2961 5426 67 34 allo
3054 5427 193 45 vollſtändig
3274 5430 199 43 verwaiſt?/

2954 5480 96 37 „Ja,
3086 5470 41 43 ſie
3162 5471 111 35 verlor
3307 5474 50 33 die
3390 5474 144 42 Mutter,
3570 5474 55 35 als
3660 5474 39 42 ſie
3731 5474 61 34 das
3824 5473 108 45 zweite
3956 5475 199 44 Lebensjabt

2900 5516 73 39 noch
2998 5514 80 42 nicht
3104 5516 162 34 vollendet
3291 5517 98 43 hatte.
3438 5519 49 34 Es
3512 5524 110 28 waren
3652 5518 39 33 da
3722 5519 68 41 ſehr
3821 5522 245 40 ünangenehme
4091 5520 51 33 Ge

2924 5558 116 76 ichez
3065 5560 202 43 vorgefallen
3292 5562 145 42 zwiſchen
3461 5563 134 33 meinem
3613 5561 131 34 Bruder
3769 5562 64 33 und
3851 5562 100 41 ſeiner
3964 5562 179 42 Gemahlin

2921 5602 26 33 ie
2972 5602 155 45 beiläuſig
3154 5604 135 34 bemerkt
3322 5610 86 29 etwa
3439 5606 69 33 vier
3531 5605 201 43 Jabrzehnte
3764 5605 116 51 juͤnger
3911 5611 72 28 war
4014 5606 57 34 als
4103 5616 51 23 er

2900 5645 64 36 und
2990 5656 43 26 an
3058 5648 70 35 dem
3152 5647 178 44 nämlichen
3354 5649 105 44 Tage,
3490 5658 44 27 an
3566 5650 142 41 welchem
3743 5649 48 35 die
3850 5648 148 45 Beiſetzung
4033 5650 116 34 meiner

4098 4552 67 34 bis⸗
