4312 6304
105 1477 10 22 ——.
108 1340 6 45 .
108 945 9 11 —

95 2356 20 12 —
97 2225 15 80 —
97 2126 14 97 —
100 2038 10 67 —
100 1948 13 73 —
100 1876 12 59 —
102 1771 10 93 —

81 4713 11 67 —
79 4635 13 77 —
79 4528 16 86 —
78 4214 19 312 —
69 4338 32 86 —
69 4245 32 75 —
83 4193 10 13 —

77 5259 14 48 —
76 5171 13 80 —
78 4831 13 339 —
69 5000 28 81 —
78 4900 13 94 —
83 4822 6 3 —

78 5308 15 61 —

234 370 201 117 7.
475 370 516 141 Geilage
1016 402 156 110 zu
1194 367 250 143 Ar.
1487 366 319 111 582?
1828 374 237 110 der
2093 360 431 146 Heuen
2564 367 770 141 Hamburger
3377 360 551 175 Zeitung.

1724 522 237 52 Sonnabend,
1989 527 62 37 den
2084 526 57 34 14.
2164 522 196 45 Dezember
2389 528 110 36 1912.

451 635 134 19 um

448 665 117 20 ummam

191 636 68 51 T
901 630 191 53 —

189 760 92 77 Aie
339 761 293 60 gebildeten
685 758 256 65 Lamilien

255 892 63 30 leſen
336 893 38 27 die
392 892 73 28 Neue
482 893 165 32 Hauburger
659 892 119 32 Zeitung.
815 890 92 34 Zeigen
921 891 51 29 Sie
985 891 104 31 desbalb

256 933 169 33 Ereiauiffe
445 934 32 27 in
495 933 100 33 Jhrer
614 933 131 33 Famitie
765 934 26 27 in
810 931 106 32 dicſem
935 933 88 29 Blatte
1049 941 43 23 an,

255 984 44 21 um
317 976 73 31 ihnen
410 983 52 20 eine
480 980 70 23 weile
569 975 171 32 Verbreitung
760 975 26 27 in
804 974 84 33 Jhren
902 974 188 31 Geſellſchafts⸗

254 1020 88 30 kreiſen
351 1028 31 25 zu
391 1020 98 32 ſichern.
508 1020 92 30 Unſere
612 1020 113 32 Filialen
741 1022 51 26 und
803 1019 121 31 fänitliche
938 1020 154 28 Annoucen-

253 1062 183 34 Exveditionen
455 1064 105 29 nehnien
583 1062 124 32 derartige
725 1061 126 34 Auzeigen
872 1069 57 25 zum
947 1060 139 33 Original⸗

255 1103 154 35 zeilenpreiſe
428 1109 127 27 enigegen.

189 1161 144 49 Aotariell
365 1161 189 48 beglaubigte
586 1161 126 48 Auflage
741 1160 136 41 52000
905 1160 185 48 Cttmpiart.

248 1381 182 79 Stadt
483 1388 127 71 und
659 1386 385 92 Umgegena.

508 1480 243 82 hambura.

272 1575 74 36 Die
367 1575 219 42 Zweialinie
614 1577 63 32 der
704 1575 194 40 Hochbahn
926 1580 83 31 nach

469 1621 339 41 Rotheuburgsort.

240 1679 60 28 Von
320 1678 50 28 den
392 1679 54 26 drei
470 1679 185 32 Zweiglinien,
677 1679 39 25 die
737 1677 139 33 vorläufig
896 1678 59 28 noch
975 1678 43 24 als
1041 1677 53 24 An⸗—

193 1713 100 33 jchlüiſe
316 1720 37 18 an
376 1713 43 26 die
445 1713 139 32 Ringlinie
610 1714 149 30 ausgebaut
782 1712 106 25 werdèn
916 1712 87 31 ſollen,
1029 1710 65 25 wird

193 1746 176 34 gegenwärtig
392 1747 133 31 eigentlich
547 1754 52 19 nur
621 1754 35 18 an
677 1748 48 24 den
747 1745 120 27 Strecken
890 1745 206 27 Winterhude
1070 1741 23 43 —

193 1780 129 34 Dnl⸗dorf
345 1782 54 24 und
421 1780 474 33 Hauptbahnhof
636 1774 23 44 —
662 1780 233 33 Rothenburgsort
917 1778 117 31 ernitlich
1055 1785 39 24 ge—

193 1814 118 26 urbeitet.
364 1814 42 25 An
438 1814 48 26 der
522 1814 192 26 Gimsbütteler
749 1813 110 28 Strecke,
895 1812 40 25 die
970 1812 43 25 bis
1047 1817 48 26 zur

194 1848 204 32 Emiltenitratze
428 1847 159 33 fortgeführt
618 1849 98 26 wurde,
744 1847 52 30 ſind
827 1846 58 30 noch
915 1845 84 32 einige
1029 1844 66 26 Vor—

193 1882 119 26 arbeiten
336 1889 34 24 zu
395 1882 140 32 erkedigen,
558 1882 80 25 bevor
663 1881 48 26 mit
738 1881 43 25 der
808 1879 219 32 Weiterführung
1053 1878 42 25 der

195 1915 100 28 Strecke
314 1915 44 26 bis
377 1923 48 24 zur
446 1915 200 32 Laͤndesgrenze
667 1915 135 31 begonnen
824 1913 102 26 werden
948 1912 74 26 lann.
1043 1911 53 26 Die

195 1949 122 27 Arbeiten
339 1949 102 25 werden
461 1949 58 31 hier
540 1948 207 31 vorausſichtlich
765 1948 51 30 erſt
838 1947 36 25 im
896 1946 134 33 Frühling
1044 1946 51 35 des

196 1982 113 32 nächiten
333 1982 101 32 Jahres
473 1982 98 26 wieder
595 1982 214 31 aufgenommen.
852 1981 40 25 An
932 1981 46 24 der
1019 1979 77 26 Linie

196 2009 170 43 Winterhude
378 2009 162 43 -Ohlsdorf,
566 2016 40 26 die
630 2016 69 30 wohl
725 2015 116 33 zunächſt
867 2014 28 25 in
921 2013 106 26 Betrieh.
1054 2020 40 23 ge—

195 2057 123 20 nommen
345 2049 75 32 wird,
446 2050 104 26 werden
593 2056 35 18 an
673 2048 191 32 verſchiedenen
892 2047 111 37 Stellen.
1023 2046 72 26 Teil—

195 2083 119 27 arbeiten
338 2083 182 34 fertiggeſtellt.
560 2084 54 26 Die
636 2083 103 26 Strecke
761 2082 66 26 wird
851 2080 183 32 hauptſächlich
1056 2080 45 25 als

195 2117 168 31 Dammbahn
380 2118 138 29 veriaufen
534 2118 54 25 und
605 2117 79 31 ſomit
698 2116 44 32 fün
757 2117 48 24 den
818 2115 115 25 Ausbau
949 2115 46 24 den
1008 2113 91 30 Bahn⸗-

193 2150 104 32 lörpers
320 2149 116 33 weniger
459 2149 231 32 Schwierigkeiten
712 2148 177 31 verurſachen.

246 2183 52 26 Die
328 2183 105 30 meiſten
460 2183 150 30 techniſchen
640 2181 223 32 Schmierigterzen
895 2180 28 25 in
953 2181 45 24 der
1027 2178 72 26 Bau⸗

196 2216 168 32 ausführung
380 2216 80 25 bielet
478 2216 40 25 die
537 2215 151 31 Zweickinie
707 2215 60 28 nach
787 2214 232 30 Rorbenburgsort.
1056 2211 44 26 Da

197 2250 39 28 die
254 2249 76 32 Bahn
344 2249 28 31 jo
390 2252 46 29 gut
452 2249 47 26 wie
517 2249 148 30 vollitändig
682 2249 44 24 als
744 2246 192 31 Vraduliſtrecke
954 2245 146 31 ausgebaut

197 2284 101 25 werden
318 2282 74 31 muß
416 2283 26 30 ſo
462 2283 104 24 werden'
587 2282 42 25 die
651 2281 111 31 netigen
773 2281 197 30 ·Naminungen
995 2279 43 30 für
1062 2278 38 25 die

198 2316 86 27 Sockel
301 2316 53 25 und
372 2316 180 32 Fundamenrte
570 2316 48 24 der
635 2314 89 31 Eiſen;
742 2315 55 24 und
813 2312 288 35 Steinkomitruktionen

199 2350 49 25 viel
262 2348 58 32 Zeit
334 2349 192 30 beanſpruchen.
560 2348 98 30 Gbenſo
674 2348 65 25 wird
755 2349 43 23 der
812 2346 136 31 gewaltige
965 2345 137 30 Eiſenbau,

199 2385 43 24 der
263 2383 43 31 für
327 2382 40 26 die
388 2382 198 31 Ueberführung
609 2382 44 24 der
674 2388 43 18 am
741 2379 219 32 Beſenbinderdof
982 2379 119 31 zwiſchen

198 2417 49 25 den
270 2416 119 31 Häuſern
412 2416 31 25 40
466 2416 52 24 und
543 2417 31 23 47
596 2414 161 31 endigenden
783 2412 246 32 Untergrundſtrecke
1055 2418 46 25 zur

199 2448 212 33 Sochbahnſtrecke
431 2449 82 28 dient,
535 2447 51 25 viel
607 2447 59 31 Zeir
686 2448 53 24 und
760 2446 83 25 Mübe
865 2446 140 29 erfordern.
1044 2445 57 25 Der

199 2482 163 31 Bahnkörper
377 2482 33 31 iſt
423 2482 59 29 hier
499 2481 49 25 mit
565 2481 92 30 ſtarken
675 2480 132 31 Steigung
824 2480 65 29 nicht
906 2486 50 18 nur
975 2479 62 24 über
1055 2480 48 24 den

199 2516 99 26 Daimm
319 2516 47 25 der
392 2515 131 29 Berliner,
548 2513 120 27 Lübecer
692 2515 56 23 umd
774 2511 328 32 Blankeneſe⸗Ohlsdorfer

199 2549 119 30 Bahnen,
338 2548 113 31 ſondern
466 2548 62 30 goch
549 2547 64 25 ürber
635 2547 39 25 die
694 2546 200 31 Stromleitung
912 2547 44 24 der
979 2546 123 30 letzteren,

197 2576 238 41 hinwegzuführen.

244 2614 55 27 Die
315 2614 255 32 Untergrundecke
585 2614 45 25 der
645 2612 164 33 Zweiglinie,
828 2612 44 31 für
888 2612 39 25 die
945 2612 41 24 die
1001 2612 100 30 Haupt⸗

197 2648 120 26 arbeiten
337 2647 58 28 hiev
416 2647 70 32 ſcho
504 2647 52 24 nt
576 2648 61 23 dem
657 2646 157 25 Tunnelbau
835 2646 46 23 der
904 2644 135 32 Ringlinie
1064 2651 37 17 er⸗

198 2680 78 32 ledigt
301 2680 118 28 wurden.
447 2680 107 25 mündet
580 2679 120 31 zwiſchen
727 2681 48 24 den
799 2678 155 30 genannten
981 2677 120 31 Häuſern

199 2714 46 25 Nr.
262 2714 31 25 40
310 2714 54 24 und
380 2715 30 23 4
428 2720 43 18 am
489 2712 221 30 Beſendinderhof
728 2711 48 30 auf
795 2712 79 24 einen
889 2706 87 40 rampe
982 2710 120 31 nartigen

199 2746 132 26 Unterbem
353 2749 61 26 aus,
436 2747 54 24 und
510 2746 58 30 hiev
588 2745 68 25 wird
679 2747 44 23 der
747 2744 111 26 Viadukt
878 2744 130 30 einſetzen.
1049 2743 54 31 Für

200 2779 40 26 die
262 2779 175 31 Montierung
461 2780 44 24 der
524 2778 122 30 eiſernen
669 2778 192 30 Viadukibögen
886 2777 30 31 iſt
938 2777 98 24 bereits
1061 2776 43 25 ein

196 2813 51 30 rf
263 2812 131 30 Schienen
408 2812 142 30 ſaufenden
566 2811 133 31 Fahrkran
714 2811 153 31 aufgeſtellt.
904 2810 41 25 An
964 2811 42 24 der
1025 2809 77 30 Weit⸗

200 2846 62 31 ſeite
289 2846 44 24 des
363 2845 183 30 Bahndamms
572 2852 37 17 an
636 2846 47 23 der
712 2844 183 30 Norderitraße
923 2843 54 31 ſind
1006 2843 96 25 beveits

199 2879 100 30 eiſerne
319 2878 101 30 Pfeiler
437 2878 31 25 in
483 2878 125 32 grötzerer
627 2877 67 31 Zahl
713 2877 28 25 in
761 2878 39 24 die
818 2877 67 25 Erde
905 2877 138 31 getrieben,
1065 2877 37 24 die

199 2913 44 24 als
262 2911 165 32 Stützpunkte
449 2912 46 29 für
513 2912 43 24 die
578 2911 90 26 Brücke
688 2910 41 26 die
737 2905 53 42 nen
809 2910 85 29 follen,
914 2910 40 25 die
974 2909 58 26 hier
1054 2910 47 24 den

201 2945 165 32 Bahnkörper
388 2945 44 29 für
453 2945 40 25 die
517 2944 199 32 Ucberfübrung
738 2945 44 24 der
805 2944 131 30 Lochbabm
959 2943 41 25 bis
1025 2943 40 27 öt
1071 2938 32 43 ich

201 2984 48 20 non
265 2980 46 24 der
329 2978 218 31 Evaldingſtraße
566 2978 88 25 bilden
674 2978 72 25 wird.
784 2977 155 30 Demfeiben
960 2976 77 32 Zwed
1059 2977 43 29 ſoll

202 3013 38 25 die
261 3015 52 23 aus
336 3011 218 32 Betonſchüttung
574 3013 57 23 und
652 3011 159 31 Steinbelaz
830 3011 57 30 gere
892 3006 76 41 ntgre
991 3010 110 30 Pfeiber⸗

202 3046 73 25 wand
301 3045 100 29 dienen,
426 3045 40 25 die
492 3045 96 24 bereits
615 3044 46 30 auf
689 3045 55 24 dem
772 3044 123 29 früberen
920 3043 113 26 Terrain
1061 3045 43 23 dar

203 3078 115 26 Lübecker
332 3079 85 28 Bahn,
433 3078 117 31 zwiſchen
566 3079 45 23 den
627 3072 152 41 Sraldingft
783 3072 66 41 raße
863 3078 53 24 und
933 3078 42 24 der
993 3076 109 25 Norder⸗

203 3111 87 32 ſtraße,
304 3111 155 37 aufgeführt
475 3111 37 30 iſt,
528 3111 53 26 Die
586 3106 108 46 gleiche
693 3106 173 46 Beſtimmung
884 3111 47 28 bat
946 3109 157 31 diefeiler⸗

202 3145 81 27 wand,
299 3144 38 25 die
353 3144 43 31 ſich
409 3144 53 31 jetzt
478 3143 80 31 öſblich
570 3145 47 24 der
632 3143 226 31 Spaldingitraßze,
872 3143 48 30 auf
937 3143 57 24 dem
1007 3142 98 29 Körper

202 3178 44 25 des
271 3171 102 42 Rangie
373 3171 193 42 rbalmhofes,
565 3177 37 24 im
629 3177 60 25 Bau
712 3177 123 28 befinder.
877 3176 59 25 Das
959 3175 145 31 ehemalige

202 3210 301 32 Verwaltungsgebäude
521 3211 47 25 der
587 3210 117 25 Lübecker
724 3209 145 31 Eiſenbahmn
889 3210 43 29 hat
953 3210 56 24 dem
1029 3209 73 31 Hoch⸗

202 3244 119 30 bahnbau
340 3243 56 31 hier
415 3243 98 25 bereits
533 3243 108 30 weichen
663 3242 107 31 müſſen,
791 3244 54 24 und
863 3243 91 29 ebenſo
977 3242 63 31 muß
1062 3244 43 24 der

203 3277 119 27 Lübecker
351 3276 224 30 Güter⸗Babnhof
605 3281 60 25 zum
695 3276 61 25 Teil
786 3276 175 30 fortgeräumt
990 3276 132 29 werden,

201 3317 46 18 um
268 3310 51 25 mit
342 3310 57 25 dem
423 3310 128 29 Bahnban
573 3308 42 26 die
639 3309 73 25 Linie
737 3316 45 18 am
805 3308 152 31 Nagelsweg
981 3308 123 27 hinunter

202 3343 152 30 inmehalten
377 3350 32 24 zu
435 3343 118 24 können.
576 3341 69 26 Die
661 3342 78 30 ſtarke
761 3341 143 32 Steigung.
930 3342 37 24 die
995 3342 44 30 für
1065 3342 38 24 die

203 3376 195 30 Ueberführung
416 3376 44 24 des
480 3375 234 31 Hochbalntörpers
732 3375 64 25 über
814 3376 48 24 den
880 3374 163 31 Bahnkörper
1062 3376 43 24 der

202 3409 129 29 Berliner,
352 3408 119 26 Lübecker
492 3410 53 24 und
566 3408 328 30 Blankeneſe⸗Oblsdorfer
915 3406 110 32 Vacnen
1047 3413 56 20 vom

203 3442 218 32 Beſenbinderhof
449 3442 42 25 bis
521 3441 64 26 üben
612 3441 40 25 die
684 3441 215 31 Spaldimaftraſze
928 3441 98 31 hinweg
1067 3448 36 18 er⸗

203 3475 130 32 forderlich
351 3475 37 30 ift.
407 3475 65 25 wrud
490 3475 43 30 ſich
551 3479 49 20 von
622 3476 43 24 der
681 3482 37 18 an
739 3476 43 24 der
801 3475 54 25 Ecke
875 3480 57 20 vom
951 3470 58 41 Nage
1015 3470 89 41 loweg

205 3510 51 24 und
277 3510 43 23 der
343 3508 216 31 Shaldingntratze
583 3515 32 24 zu
640 3508 164 25 erbauenden
827 3508 142 31 Halteitelle
994 3509 40 24 bis
1059 3516 46 23 zur

204 3541 142 32 Halteſtelle
375 3549 35 18 an
436 3542 45 25 der
507 3536 73 41 Süde
587 3536 97 41 rftraße
711 3541 144 30 allmählich
884 3541 138 30 verflachen
1052 3543 53 24 und

205 3576 54 24 dort
275 3575 93 26 wieder
386 3575 39 25 die
442 3575 140 29 naturliche
600 3574 192 31 Hochbalmhöhe
810 3575 135 30 erreichen.
983 3575 48 25 Bei
1050 3576 56 24 dem

208 3608 56 26 Bau
292 3609 43 24 der
362 3608 215 31 Sochkahmbrücke
605 3611 48 22 von
682 3608 43 25 der
754 3608 182 31 Norderſtrahe
966 3608 63 26 über
1058 3610 47 24 den

207 3641 160 30 Bahnkörper
393 3644 52 22 und
471 3640 64 26 üben
559 3641 40 25 die
625 3641 200 31 Stromleitung
854 3641 97 32 hinweg
993 3641 41 26 bis
1061 3649 46 23 zur

206 3669 70 40 Hallbe
284 3669 78 40 ſtelle
367 3674 215 31 Svaldingfirame
602 3674 30 29 iſt
648 3673 118 31 Rückicht
782 3675 48 28 auf
846 3675 59 24 eine
924 3675 97 29 ſrätere
1041 3675 64 25 Ver⸗

206 3708 146 32 breiterung
370 3709 47 24 des
435 3708 53 30 jetzt
506 3707 189 31 ſechzgleiſigen
714 3708 180 30 Bahndamms
915 3709 42 24 der
977 3709 129 27 Berliner-

209 3741 112 25 Lübecker
347 3742 54 24 und
430 3741 327 31 Blameneſe⸗Ohlsdorfer
787 3740 110 28 Balnen
925 3749 32 24 zu
987 3742 119 30 nehmen.

207 3773 55 26 Der
285 3774 163 31 Bahnkörper
474 3774 44 31 ſoll
545 3774 83 30 ſpäter
650 3775 50 30 guf
741 3773 63 32 zehn
831 3774 84 31 Gleiſe“
958 3775 149 26 verbreitert

207 3807 107 26 werden.

257 3840 38 30 Jn
324 3840 96 31 ſeinem
446 3840 123 26 weiteren
597 3840 112 31 Verlauf
736 3840 66 26 wird
828 3842 44 23 der
901 3848 35 18 an
963 3841 40 25 die
1032 3842 74 29 Hoch⸗

209 3872 144 27 balmbrücke
370 3868 136 42 anzuſchlie
527 3868 67 42 ennde
610 3873 97 30 eiſerne
725 3874 110 25 Viadutt
853 3881 35 18 an
906 3875 53 24 dem
979 3874 127 32 Rangier⸗

210 3906 150 35 babmkörper
381 3907 106 37 entlang
507 3907 53 25 und
579 3907 65 24 über
664 3908 47 23 den
732 3907 121 31 Fupiteig
873 3908 43 24 des
939 3907 167 31 Manelswegs

212 3938 193 37 hinwegführen.
445 3940 55 31 Fuͤr
522 3940 40 25 die
584 3939 195 32 Fertigjtellung
802 3941 43 25 der
867 3940 73 26 Linie
963 3941 64 25 wird
1051 3943 57 29 noch

214 3973 44 23 mit
273 3973 72 25 einen
363 3974 141 25 Baudauer
522 3977 49 21 von
592 3980 35 18 ca.
650 3973 43 26 1
715 3973 104 32 Suhren
839 3974 134 31 gerechnet.

852 4171 47 22 —

284 5163 20 138 OOOOC

247 5272 16 46 —
223 5231 53 14 82
223 5147 53 41 —1

274 5402 16 25 ——
277 5305 18 60 —

432 5295 345 52 Abendhleid:

831 5411 7 10 e

296 5415 439 31 VOVT
752 5416 78 20 ƷmDLLG

827 5453 8 18 —2

291 5809 17 47 —
291 5709 12 85 —

230 5710 31 180 *5*2

820 5896 13 9 —
865 5896 16 8 1

241 5897 14 28 0

434 5207 520 67 Gesellschattsbleid:
982 5243 22 26 9
1022 5244 89 28 Meter
1131 5245 488 28 Seidenstoſl............
1706 5221 30 51 1
1752 5216 93 69 750

1798 5304 46 26 50

984 5324 17 26 5
1020 5325 89 29 Motor
1127 5327 178 34 Soidenstofi,
1324 5329 117 35 doppelt
1458 5330 159 27 breit.....
1698 5300 132 68 2450

1040 5409 232 37 2

1295 5439 15 14 —
1376 5450 60 15 —

1023 5468 3 2 —
1047 5469 9 6 —
1136 5460 37 14 u

1316 641 208 41 Schlechtes
1548 643 380 40 Weihuachtswetter.

1200 689 56 39 Jn
1281 691 84 25 keiner
1391 692 109 30 Beriode
1524 693 45 26 des
1592 694 99 31 Zahres
1714 694 67 31 zrigt
1803 694 44 31 ſich
1869 694 38 25 die
1928 694 144 32 Abhängig⸗

1171 723 47 26 keit
1230 725 49 36 des
1297 725 236 32 Geſchättsganges
1550 727 28 25 in
1592 727 46 25 der
1654 727 158 29 Konfeflion
1829 727 53 25 und
1897 728 47 25 den
1961 728 110 31 ibrigen

1170 756 122 39 Zweigen
1314 759 46 25 des
1382 759 312 32 Belleidüngegewerbes
1716 766 58 20 vom
1798 759 98 26 Wetter
1919 762 23 24 jo
1965 759 108 31 deurlich

1170 795 48 22 wie
1243 792 35 25 im,
1303 792 99 27 Monat
1423 793 156 31 Dezemder.
1620 793 154 37 Frübzeitig
1814 764 121 66 eenle

1171 825 53 25 und
1248 825 192 30 Schneewetter
1462 826 45 29 hat
1530 826 28 25 in
1581 827 45 25 der
1649 827 79 31 Regel
1751 834 76 18 einen
1849 827 93 30 frühen
1965 828 107 32 Beginn

1170 859 45 26 des
1235 854 193 43 Weihnachtsge
1436 854 93 43 ſchäfts
1550 861 53 25 und
1623 860 57 25 eine
1698 860 154 26 bedeutende
1872 860 135 32 Zunahme
2027 862 46 24 des

1171 891 227 32 Warenumſatzes
1421 900 49 24 zur
1493 892 89 32 Folge.
1623 893 46 30 Jm
1694 893 141 29 laufenden
1861 894 80 31 Jahre
1965 894 43 27 hat
2031 894 41 25 die

1172 924 197 31 Geſchäftswelt
1394 926 89 29 bisher
1507 927 143 32 vergebens
1674 928 47 29 auf
1744 927 48 26 den
1814 928 103 30 Bedinn
1941 929 45 25 des
2012 928 60 28 rich—

1172 958 71 32 tigen
1267 959 115 26 Winter,
1407 961 52 24 und
1484 959 274 31 Weinnachtsweiters
1780 964 131 28 gewartet.
1951 962 69 26 Dies
2044 961 28 29 iſt

1173 993 73 30 umſo
1263 992 205 30 bedauerlicher,
1488 994 43 25 als
1551 994 40 24 die
1612 994 148 29 Ausſichten
1782 994 43 30 für
1846 995 47 25 das
1913 995 160 30 diesjährige

1171 1025 277 32 Weihnachtsgeſchäft
1464 1027 141 31 angeſichts
1621 1028 44 24 der
1678 1027 178 30 herrſchenden
1873 1028 199 26 Lebensmittel⸗

1173 1066 129 29 teuerung
1320 1061 53 24 und
1390 1061 44 24 der
1450 1060 148 31 politiſchen
1615 1061 213 32 Beunruhigung
1846 1062 143 31 überhaupt
2008 1061 64 30 nicht

1170 1093 142 31 beſonders
1335 1094 102 32 günſtig
1461 1098 98 21 waren.
1599 1094 63 32 Daß
1683 1094 41 25 die
1745 1095 139 29 Kaufkraft
1905 1096 45 25 der
1972 1095 101 26 breiten

1172 1126 200 31 Voltsſchichten
1395 1129 59 29 trötz
1478 1127 44 26 der
1544 1128 138 31 günſtigen
1706 1128 177 31 gewerblichen
1907 1128 167 31 Konjunktur

1172 1161 37 24 im
1233 1160 143 31 laufenden
1398 1160 86 32 Jahre
1507 1164 79 23 unter
1609 1162 57 25 dem
1688 1161 81 26 Sruck
1790 1161 45 25 der
1857 1162 79 31 hohen
1960 1162 113 26 Lebens⸗

1173 1193 171 32 mittelpreiſe
1364 1193 109 33 gelitten
1493 1194 55 30 hat,
1565 1195 146 31 unterliegt
1731 1194 66 31 wohl
1817 1195 74 26 kaum
1910 1196 58 31 noch
1987 1196 86 25 einem

1173 1226 118 32 Zweijel.
1327 1228 38 26 Es
1384 1228 90 32 mußte
1493 1228 107 30 deshalb
1619 1228 69 31 ſchon
1709 1228 46 26 mit
1774 1228 73 25 einer
1864 1229 210 31 Einſchtäntung

1172 1260 44 26 der
1234 1261 145 31 Ausgaben
1395 1262 44 27 für
1456 1262 186 32 Luxusartitel
1660 1262 53 25 und
1730 1261 48 26 mit
1794 1262 72 25 einer
1881 1262 193 32 Bevorzugung

1173 1294 134 32 billigerer
1328 1294 163 26 Qualitäten
1513 1296 68 25 beim
1602 1295 115 31 Einkauf
1738 1300 48 20 von
1807 1295 267 33 Bekleidungégegen⸗

1173 1327 106 31 ſtänden
1295 1329 130 31 gerechnet
1439 1329 113 25 werden.
1568 1329 132 31 Trotzdem
1715 1329 68 25 blieb
1799 1330 57 29 noch
1872 1329 38 25 die
1925 1330 149 31 Sorfnung,

1172 1361 51 33 daß
1246 1362 44 25 der
1312 1362 158 32 rechtzeitige
1493 1362 114 26 Eintritt
1630 1367 49 21 von
1702 1361 84 32 Froſt-
1810 1363 51 24 und
1881 1362 193 31 Schneewetter

1174 1395 56 25 eine
1256 1395 165 32 Steigerung
1446 1395 45 25 des
1516 1396 227 31 Warenimſatzes
1767 1395 182 32 herbeiführen
1975 1396 100 26 könnte.

1172 1428 92 26 Leider
1286 1428 53 31 find
1362 1429 66 31 dieſe
1452 1429 196 31 Erwartungen
1670 1437 59 24 zum
1752 1429 58 26 Teil
1832 1430 70 30 ſchon
1922 1430 151 31 enttäuſcht.

1172 1461 57 27 Der
1248 1462 109 30 ſilberne
1377 1463 52 25 und
1448 1463 108 31 goldene
1575 1463 130 31 Sonntäg
1721 1463 82 28 jtehen
1821 1467 44 21 vor
1883 1463 42 25 der
1943 1463 58 26 Tür
2019 1463 55 25 und

1173 1496 58 30 noch
1257 1496 28 31 iſt
1311 1496 83 31 nichts
1417 1501 50 21 von
1492 1496 74 25 einer
1591 1496 98 29 rechten
1714 1495 307 34 Weihnachtsſtimmung
2046 1496 28 26 in

1173 1532 44 22 der
1237 1529 88 26 Natur
1344 1530 49 25 wie
1413 1530 36 25 im
1470 1530 213 30 Geſchäftsleben
1702 1537 32 24 zu
1756 1529 101 31 ſpüren.

1225 1563 56 31 Für
1310 1563 47 25 das
1385 1563 214 31 Textilagewerbe,
1645 1563 38 25 die
1711 1563 278 31 Spielzeuginduſtrie,
2033 1563 42 25 die

1175 1596 205 31 Schuhfabriken
1398 1598 62 29 uſw.
1475 1597 82 31 hängt
1574 1601 49 22 von
1640 1597 56 25 dem
1713 1597 107 30 Ausfall
1836 1597 44 25 des
1897 1597 177 31 diesjäbrigen

1170 1629 290 32 Weihnachtsgeſchäfts
1496 1638 60 23 zum
1594 1633 78 27 guten
1704 1630 75 26 Teile
1835 1631 40 24 der
1931 1631 145 31 Geſchäfts⸗

1169 1669 70 25 gang
1272 1665 45 23 des
1348 1663 104 31 Jahres
1485 1665 62 24 wis
1588 1663 40 25 ab.
1679 1663 88 29 Gehen
1809 1662 39 26 die
1888 1664 190 30 Wacenhäuſer

1176 1696 52 25 und
1254 1696 214 31 Ladengeſchäfte
1494 1696 48 25 mit
1569 1695 210 32 umfangreichen
1803 1696 224 32 Lagerbeitänden
2048 1696 29 24 in

1176 1729 48 26 das
1241 1736 69 18 neue
1327 1729 71 31 Jahr
1416 1729 122 28 hinüber,
1556 1730 25 31 ſo
1595 1729 71 26 wird
1683 1729 41 30 ſich
1743 1729 43 25 der
1803 1729 124 32 Eingang
1941 1734 49 21 von
2009 1730 68 28 Auf⸗

1176 1762 92 31 trägen
1291 1763 39 26 bei
1351 1763 50 25 den
1425 1763 130 31 Fabriken
1578 1763 36 25 im
1638 1763 165 25 kommenden
1825 1762 118 27 Quartal
1965 1766 111 23 voraus⸗

1175 1796 102 29 ſichtlich
1303 1796 56 31 ſehr
1384 1797 145 31 ſchleppend
1555 1797 132 30 geſtalten.
1728 1796 67 30 Auch
1821 1796 43 31 für
1888 1796 75 26 einen
1989 1796 86 28 erheb⸗

1177 1829 78 30 lichen
1277 1830 59 26 Teil
1359 1830 43 26 des
1423 1830 150 30 ſtädtiſchen
1594 1829 184 31 Proletariats
1798 1830 29 28 iſt
1849 1830 46 25 das
1915 1830 161 26 Ausbleiben

1176 1864 44 24 des
1237 1864 99 29 rechten
1352 1863 214 26 Winterwetters
1582 1868 49 21 von
1648 1863 123 28 Nachteil.
1803 1863 143 31 Abgejehen
1962 1868 50 20 von
2026 1864 51 25 den

1176 1896 135 29 Aermſten
1331 1898 44 24 der
1395 1897 109 28 Armen,
1524 1897 49 25 den
1590 1897 185 30 Obdachloſen,
1795 1896 79 26 denen
1896 1897 46 25 mit
1963 1897 114 26 Eintritt

1177 1931 44 25 des
1243 1931 113 31 ſcharfen
1379 1931 183 31 Froſtwetters
1585 1930 176 32 naturgemäß
1782 1930 130 32 doppeltes
1933 1930 85 26 Elend
2035 1930 42 25 be⸗

1177 1964 76 30 ſchert
1271 1964 38 30 iſt,
1327 1966 104 23 warten
1449 1964 59 27 doch
1525 1964 58 29 noch
1601 1971 32 25 zu
1653 1964 79 31 große
1750 1964 102 30 Maffen
1870 1964 43 25 der
1930 1963 149 31 itädtiſchen

1177 1997 294 31 Arbeiterbevölkerung
1490 1998 49 28 auf
1555 1997 44 25 die
1618 1997 27 25 in
1665 1998 44 24 der
1726 1996 214 32 Weibnachtszeit
1959 1997 119 31 gewöhm⸗

1177 2031 45 30 lich
1263 2030 162 26 eintretende
1449 2030 140 32 Zunahme
1630 2030 44 26 der
1714 2030 274 32 Arbeitsgelegenheit.
2027 2029 50 27 Bei

1179 2065 101 27 flottem
1300 2063 224 33 Geſchäftsgenge
1542 2063 104 26 werden
1665 2071 44 18 um
1729 2063 66 30 dieſe
1814 2063 57 32 Zeit
1890 2064 99 25 überall
2008 2065 69 24 Aus—

1176 2097 151 31 hiifskräfte
1356 2098 144 33 gebraücht)
1545 2098 55 30 Auf
1625 2097 70 30 dieſe.
1722 2096 85 32 Weiſe
1833 2097 64 26 wird
1924 2097 154 32 gewöhnlich

1177 2138 86 18 einem
1284 2131 156 28 erheblichen
1461 2131 60 26 Teil
1540 2131 46 26 des
1603 2130 215 33 großſtädtiſchen
1837 2131 183 30 Prolefariais
2037 2129 42 26 die

1177 2164 157 32 winterliche
1355 2164 222 32 Arbeitsloſigleit
1597 2167 83 23 elwas
1730 2164 113 25 gemildert.
1878 2164 124 26 Diesmal
2022 2165 57 24 ent⸗

1179 2198 58 28 fällt
1259 2198 205 31 wahrſcheinlich
1487 2198 60 30 auch
1568 2197 70 33 dieſe
1660 2197 160 32 Möglichkeit
1843 2198 71 25 eines
1936 2197 142 33 kärglichen

1178 2232 175 30 Verdienſtes.

1229 2265 94 32 Wenig
1347 2266 93 25 erbaut
1464 2270 50 21 von
1539 2266 56 25 dem
1617 2264 151 32 bisherigen
1791 2265 234 31 Dezemberwetter
2050 2264 30 31 iſt

1179 2306 62 19 man
1257 2299 60 29 auch
1333 2301 27 24 in
1375 2299 48 25 den
1439 2298 155 33 Geſchäften
1609 2299 53 25 und
1676 2299 153 28 Gewerben,
1842 2299 40 25 die
1894 2299 71 32 haupt
1971 2294 106 41 ſächlich

1178 2332 212 31 Bedarfsartitel
1415 2333 44 27 für
1482 2332 47 26 den
1552 2332 176 31 Winterſport
1752 2332 102 29 liefern.
1892 2331 55 31 Für'
1971 2332 108 30 Schlitt—

1180 2367 94 30 ſchuhe,
1301 2366 65 26 Stis
1394 2367 53 24 und
1475 2365 199 32 Rodelſchlitten
1719 2366 75 30 ſowie
1823 2365 42 30 für
1892 2365 187 32 Winterſport⸗

1179 2400 110 30 koſtüme
1306 2400 80 25 bietet
1406 2399 42 31 ſich
1470 2399 58 29 noch
1547 2399 86 32 wenig
1652 2399 94 32 Abſatz.
1783 2399 85 30 Selbſt
1888 2399 26 25 in
1935 2399 47 25 den
2002 2398 78 31 höher

1178 2434 140 30 gelegenen
1344 2433 116 31 Zentren
1484 2433 47 25 des
1557 2432 191 31 Winterſports
1773 2432 54 32 lättt
1851 2432 149 30 Schneejall
2024 2432 55 25 und

1178 2466 77 26 Kälte
1280 2467 60 30 noch
1361 2467 50 25 viel
1436 2474 33 24 zu
1493 2466 134 31 wünſchen
1652 2466 83 31 übrig.
1776 2466 122 29 Vorläufig
1940 2465 55 31 ſind
2019 2465 61 31 auch

1179 2501 39 24 die
1235 2500 150 31 Ausſichten
1402 2500 44 32 füt
1459 2499 44 31 die
1519 2499 263 33 Winterſportſaiſon
1799 2499 106 31 1012/13
1919 2500 59 28 noch
1994 2500 86 31 wenig

1179 2529 146 41 erfreulich.
1967 2534 33 25 A.
2017 2533 30 27 C.

1322 2625 90 33 Ans
1435 2626 67 31 den
1526 2624 405 34 Kommunalvereinen.

1231 2683 38 16 sn.
1285 2675 55 25 Der
1355 2674 175 30 gemeinfame
1546 2674 254 29 Verkehrsausſchuß
1815 2675 43 24 der
1873 2671 208 31 Bürgervereine

1180 2712 50 21 non
1247 2708 159 29 Eppendorf,
1423 2708 126 29 Hoheluft
1567 2710 54 24 und
1637 2707 171 28 Winterhude
1824 2707 61 29 hielt
1901 2710 80 22 unter
1998 2707 31 31 8.
2045 2706 36 26 D.

1180 2741 130 31 Suhrs
1333 2742 94 31 Vorſitz
1452 2742 57 25 eine
1534 2742 206 31 Verſammlung
1765 2742 41 27 ab,
1831 2741 27 25 in
1884 2740 43 26 der
1953 2741 57 24 eine
2037 2739 43 26 ab—

1181 2775 124 30 lehnende
1327 2775 122 26 Antwort
1467 2775 47 26 der
1536 2775 258 32 Finanzdeputation
1816 2775 46 30 auf
1884 2774 57 25 eine
1962 2774 120 31 Eingabe

1181 2814 87 26 wegen
1285 2809 188 32 Durchlegung
1486 2810 47 25 des
1551 2809 185 31 Loehreweges
1752 2809 61 29 nach
1829 2808 43 25 der
1889 2807 193 31 Goerneitratze

1179 2843 226 31 bekanntgegeben
1420 2843 99 25 wurde.
1551 2842 52 27 Die
1618 2842 178 32 Bejprechung
1812 2842 62 25 über
1888 2840 41 27 die
1944 2841 68 31 freie
2028 2841 53 25 und

1180 2876 93 31 zugige
1289 2877 69 29 Lage
1374 2876 189 31 verſchiedener
1577 2875 139 31 Bahnhöfe
1731 2875 46 26 der
1793 2875 183 32 Hochbahn
1995 2874 86 32 führte

1180 2909 124 32 zuſeiner
1323 2910 118 32 Eingabe
1459 2917 36 18 an
1515 2909 39 25 die
1573 2909 267 32 Finanzdeputation,
1858 2908 27 26 in
1904 2908 119 32 Zukunft
2041 2908 40 26 bei

1181 2951 85 18 neuen
1287 2942 210 33 Bahnprojeften
1518 2943 42 26 die
1581 2943 197 30 Bahnhöfe
1799 2943 32 31 ſo
1852 2943 230 32 anzulegen,

1180 2978 268 31 daßſſiegegen
1466 2977 107 26 Wind
1589 2979 71 24 und
1678 2977 322 32 Wettergeſchützt
2018 2976 63 32 ſind.

1182 3011 82 26 Einér
1288 3011 155 32 Anreguͤng,
1465 3012 43 24 die
1533 3011 211 32 Polizeibehönde
1769 3019 32 24 zu
1827 3011 173 31 veranlaſſen,
2043 3010 39 26 die

1181 3044 169 30 Schilder
1370 3044 113 30 zNicht
1502 3045 124 32 ſicher“
1645 3049 51 21 von
1713 3044 47 26 den
1780 3044 156 29 Eisilächen,
1955 3049 75 20 wenn
2050 3044 32 30 ſie

1181 3078 74 30 ſicher
1268 3079 57 24 und
1340 3078 165 32 freigegeben
1520 3078 66 31 ſind,
1602 3079 139 29 entfernen
1756 3086 34 24 zu
1806 3078 89 30 laſſen,
1908 3078 91 25 wurde
2017 3077 65 28 nicht

1177 3111 76 31 Folge
1276 3112 117 31 gegeben,
1414 3113 30 24 da
1467 3112 208 31 hervorgehoben
1690 3113 92 29 wurde,
1804 3112 50 31 daß
1872 3111 75 31 ſolche
1966 3111 118 29 Schilder

1178 3144 124 30 meiſtens
1321 3152 52 17 nur
1390 3152 36 18 an
1445 3145 114 26 Brücken
1576 3145 82 30 ſtehen
1675 3144 110 28 bleiben,
1802 3152 39 18 wo
1859 3147 46 24 das
1924 3145 48 25 Eis
1991 3145 94 27 immer

1184 3177 113 31 unſicher
1318 3177 36 31 iſt.
1390 3177 158 31 Beſchloſſen
1568 3178 90 24 wurde
1678 3185 24 18 u.
1723 3185 32 22 a.
1775 3177 57 25 eine
1852 3177 117 30 Eingabe
1989 3185 37 18 an
2042 3178 41 24 die

1183 3210 262 32 Finangdeputation
1470 3212 49 31 auf
1543 3211 173 31 Entfernung
1735 3211 49 25 des
1808 3211 142 25 Gebäudes
1975 3210 44 30 für
2043 3210 40 26 die

1183 3244 186 32 Polizeiwache
1398 3252 38 17 an
1460 3245 47 25 der
1519 3240 77 40 Ecke
1602 3245 67 29 der
1693 3244 234 32 Soheluftchauſſee
1954 3245 57 24 und
2037 3244 83 30 des.4

1184 3278 276 31 Eppendorferweges,
1483 3278 47 26 das
1551 3278 58 26 dort
1632 3278 64 29 nicht
1718 3278 74 25 mebr
1812 3277 144 32 zeitgemäßz
1979 3278 27 27 iſt
2030 3277 53 25 und

1181 3311 77 31 durch
1275 3311 54 30 ſein
1348 3311 221 32 vorſpringendes
1587 3311 90 27 Gitter
1694 3311 49 26 den
1760 3311 112 30 Verkehr
1889 3311 144 28 behindert.

1233 3347 24 24 li.
1276 3346 124 26 Beddeler
1419 3345 203 31 Bürgerverein.
1656 3345 44 32 Jn
1714 3345 43 26 der
1770 3346 315 31 Monatsverſammlung

1183 3380 80 23 unter
1322 3379 56 25 dem
1439 3378 95 32 Vorſitz
1593 3384 50 20 von“
1705 3379 132 25 Mumm
1897 3379 88 25 wurde
2046 3378 40 26 die

1184 3411 122 26 Antwort
1351 3412 44 25 der
1440 3411 213 32 Polizeibehörde
1698 3412 49 29 auf
1791 3411 39 26 die
1876 3412 118 31 Eingabe
2041 3412 45 25 des

1183 3444 115 26 Vereins
1323 3449 88 27 wegen
1436 3445 152 32 Abſtellung
1612 3445 43 25 der
1695 3444 209 32 Mißſtände
1943 3445 38 25 in
2024 3445 60 26 der

1183 3477 188 26 Beddeler
1395 3477 284 32 Brücenitraße
1704 3477 228 32 bekanntgegeben.
1974 3478 41 30 Jn
2039 3478 46 25 der

1185 3510 121 26 Antwort
1326 3510 73 32 heißt
1421 3514 41 23 es:
1488 3511 39 25 Es
1546 3511 36 31 ſei
1603 3518 50 25 zur
1671 3510 144 32 Veſſerung
1831 3512 46 24 der
1899 3511 184 30 Verkehrsver⸗

1184 3544 121 31 hältniſfe
1328 3545 47 29 auf
1398 3544 55 25 dem
1475 3544 125 26 Voddeler
1621 3544 152 32 Marktplatz
1795 3545 25 24 in
1845 3544 114 31 Ausſicht
1977 3551 106 23 genom⸗

1185 3585 67 20 men,
1273 3578 54 25 eine
1350 3577 113 29 Schleife
1478 3578 70 25 über
1568 3577 515 31 Tunnelitraße
1769 3573 27 39 —
1795 3573 147 39 Sieldeich
1941 3573 144 39 Miedern⸗

1185 3610 345 31 felderitraße
1364 3606 34 40 —
1397 3610 133 31 Veddeler
1554 3610 400 32 Marktplatz
1721 3606 27 40 —
1751 3610 203 32 Brückenſtraße
1993 3612 90 30 herzu⸗

1186 3644 93 26 ſtellen.
1318 3643 79 32 Dieſe
1420 3644 154 26 Einrichtung
1611 3644 92 25 würde
1721 3643 67 31 nicht
1810 3651 51 19 nur
1880 3644 52 25 den
1954 3644 148 30 Rangier⸗

1184 3677 100 26 betrieb
1312 3678 47 29 auf
1385 3678 57 24 dem
1469 3653 135 54 Fenn
1646 3677 186 31 verichwinden
1859 3677 88 30 laſſen,
1974 3678 110 29 ſondern

1186 3711 60 25 auch
1271 3711 48 24 das
1344 3711 42 24 als
1411 3710 58 30 läſtig
1510 3710 174 31 empfundene
1710 3710 149 31 Rangieren
1881 3711 46 25 der
1952 3710 131 30 Straßen⸗

1186 3744 161 31 bahnwagen
1369 3743 28 25 in
1418 3744 42 24 der
1470 3720 155 54 Veee
1696 3743 43 31 für
1759 3743 153 32 gewöhnlich
1930 3744 154 31 überftüſſig

1186 3777 109 30 machen.
1335 3775 56 26 Der
1414 3775 180 33 Ausführung
1612 3776 84 30 diejer
1717 3776 186 32 Rcüregelung
1924 3777 83 25 werde
2030 3779 53 23 als⸗

1186 3811 59 24 baid
1268 3809 60 29 nach
1351 3808 125 31 Abſchluß
1512 3810 47 25 der
1597 3809 119 31 zwiſchen
1755 3809 55 25 dem
1831 3809 100 26 Staate
1967 3811 55 24 und
2043 3810 41 25 der

1185 3842 374 32 Straßenbahn⸗Geſellſchaft
1588 3842 171 31 ſchwebenden
1787 3842 298 31 Konzeſſionsverhand⸗

1187 3877 97 30 lungen
1301 3875 199 31 nähergetreten
1516 3875 108 26 werden.
1639 3889 34 4 —
1686 3875 39 31 Jn
1738 3875 46 26 der
1797 3875 112 26 Debatte
1926 3877 87 24 wurde
2027 3877 56 25 dem

1187 3909 131 30 lchhaften
1345 3908 149 29 Erſtaunen
1518 3908 130 25 Ausdruck
1675 3908 117 32 gegeben,
1833 3908 50 30 daß
1907 3909 38 25 die
1970 3909 114 31 Volizei⸗

1187 3942 106 29 behörde
1310 3941 57 26 eine
1385 3941 74 31 ſolche
1478 3941 121 25 Antwort
1616 3941 107 26 erteilen
1740 3941 87 26 könne.
1858 3941 52 27 Die
1927 3942 158 32 Mißſtände,

1186 3975 38 26 die
1243 3975 48 30 erjt
1311 3974 107 32 kürzlich
1437 3974 66 32 dazu
1523 3974 104 32 geführt
1644 3974 91 31 haben,
1754 3974 49 32 daß
1820 3974 45 26 ein
1883 3974 95 32 junger
1997 3976 87 25 Mann

1187 4008 74 30 durck,
1284 4007 178 33 Ueberfahren
1482 4007 58 32 ſein
1559 4007 85 27 Leben
1664 4007 134 32 einbüßte,
1820 4007 79 33 ſollen
1919 4008 55 33 alſo
1996 4009 90 26 weiter

1386 4171 22 9 U
1513 4188 1 2 u

1890 5220 146 53 —

1891 5303 146 53 2750

1339 5385 7 9 B

1441 5427 129 35 **5

1576 5472 35 11 2*

1668 5896 40 9 —
1733 5887 21 15 —
1917 5891 44 15 —

1948 799 15 22 8
1986 794 123 38 Froit4

2824 582 101 15 —

2154 637 115 31 beſtehen
2295 639 110 32 bleiben,
2450 639 41 25 bis
2535 639 40 26 die
2588 639 383 31 Konzeſſionsverlängerung
3015 638 43 24 der

2154 671 193 31 Strabenbahn
2364 672 246 32 herausgetommen
2628 673 36 26 iit/
2678 673 50 25 mit
2743 674 45 23 der
2802 672 42 25 die
2844 670 213 33 oligeidehörde

2154 704 169 30 anſcheinend
2347 707 44 23 als
2416 706 73 31 ſicher
2513 707 105 28 rechnet.
2661 706 36 24 Es
2722 705 87 26 wurde
2835 704 158 32 beſchloſſen,
3018 702 42 31 ſich

2155 738 48 36 mit
2220 738 80 31 diejer
2317 740 120 24 Antwort
2454 739 65 30 nicht
2535 738 135 32 zufrieden
2686 745 32 25 zu
2735 740 85 31 geben.
2854 738 97 26 Retont
2970 738 88 25 wurde

2155 774 98 25 weiter,
2291 772 51 31 daß
2365 772 40 26 die
2429 772 151 31 Mißſtände
2605 772 60 29 auch
2688 772 107 30 dadurch
2821 772 112 29 behoben
2957 772 101 24 werden

2155 803 120 28 lönnten,
2298 812 74 19 wenn
2393 806 41 26 die
2459 806 99 31 Wagen
2581 806 42 25 der
2644 805 73 26 Linie
2740 806 31 23 35
2794 805 41 25 bis
2857 813 32 23 zu
2911 805 45 25 der
2970 803 87 32 Zahl—

2154 844 93 31 grenge
2267 846 42 17 am
2329 838 125 27 Veddeler
2472 839 123 30 Bahnhof
2616 839 90 29 laufen
2726 839 106 25 würden
2852 839 53 25 und
2922 839 60 25 dort
3001 837 57 25 eine

2155 870 114 29 Schleife
2296 873 140 31 hergeſtellt
2463 873 95 24 würde.
2617 871 119 28 Tadurch
2779 872 84 24 würde
2907 873 62 26 auch
3008 872 50 23 das

2155 904 153 32 Randieren
2326 906 47 30 auf
2389 907 56 24 dem
2462 906 123 25 Veddeler
2601 905 153 31 Marttplatz
2771 905 26 25 in
2810 905 112 31 Wegfall
2934 905 125 25 tommen.

2155 936 52 27 Die
2231 937 191 33 Straßenbahn
2446 939 83 30 ſcheue
2548 940 63 25 aber
2634 938 52 30 jede
2707 939 122 31 Ausgabe
2852 938 53 25 ud
2927 936 131 32 Verbeſſe⸗

2156 978 78 24 rung.
2259 985 32 4 —
2316 972 81 26 Ueber
2423 973 47 25 das
2497 977 57 21 vom
2580 971 88 27 Senat
2694 972 28 25 in
2750 971 112 30 Ausſicht
2889 975 170 28 genommene

2155 1003 318 33 Bauprojcktauf
2491 1006 61 25 dor
2569 1005 135 26 Vedde!
2725 1004 126 30 entſpann
2870 1004 44 31 ſich
2930 1004 59 25 eine
3007 1003 51 25 leb⸗

2155 1037 71 31 hafte
2247 1037 160 32 Disküſſion.
2442 1040 37 24 Es
2495 1040 88 24 wurde
2601 1038 154 27 anerkannt,
2772 1038 50 30 daß
2840 1038 38 25 die
2897 1037 95 26 Veddel
3010 1036 49 25 mit

2156 1072 55 24 dein
2236 1070 194 33 Verſchwinden
2454 1073 42 25 der
2521 1072 99 26 tleinen
2643 1071 102 31 Häuſer
2770 1072 52 24 und
2848 1072 68 30 ihrer
2941 1071 118 27 Garten⸗

2157 1104 64 27 itadt
2246 1107 45 23 den
2317 1105 122 30 ſchönſten
2465 1105 116 29 Schmuck
2606 1105 115 28 verliere,
2745 1105 115 25 daneben
2884 1105 87 24 wurde
2996 1105 64 24 aber

2156 1137 62 29 auch
2243 1137 216 32 hervorgehoben,
2482 1139 50 30 daß
2556 1139 44 30 für
2624 1138 39 25 die
2688 1137 103 26 weitere
2817 1137 176 30 Entwickung
3018 1136 44 24 der

2155 1171 97 26 Veddel
2268 1172 58 26 eine
2346 1173 144 30 vermehrte
2507 1171 180 32 Bautätigteit
2704 1176 49 21 von
2770 1170 107 33 großem
2893 1170 103 26 Vorteil
3016 1170 42 31 jci.

2206 1236 93 28 Die
2318 1237 133 30 Deutſchr
2470 1236 280 31 Seemannsmifſion
2769 1237 29 25 in
2816 1235 151 32 Hamburg
2986 1235 77 27 bittet

2155 1270 60 29 alle,
2232 1270 41 26 die
2285 1271 69 29 dieſe
2370 1271 93 32 Zeilen
2482 1272 77 29 leſen,
2577 1271 42 28 ihr
2636 1272 49 23 den
2701 1269 227 31 Weibnachtstiich
2945 1270 44 28 für
3007 1269 55 28 ihre

2156 1303 127 26 Seeleute
2303 1304 83 25 decken
2406 1306 32 30 zu
2460 1304 92 31 belfen.
2588 1304 52 26 Die
2660 1302 263 30 Scemannsmiſſion
2944 1302 44 32 joll
3009 1302 53 25 und

2157 1337 93 30 möchte
2275 1338 46 24 den
2346 1338 127 31 zahlveich
2494 1344 32 24 zu
2551 1336 184 29 Weibnachten
2757 1335 40 25 bei
2823 1339 54 22 uns
2900 1350 30 4 —
2955 1336 56 29 hier
3035 1335 28 24 in

2155 1370 138 31 Vamburg
2318 1370 48 25 wie
2393 1370 29 25 in
2450 1371 54 24 dem
2529 1377 52 19 neu
2604 1369 149 31 errichteten
2780 1368 227 30 Seemannsheim

2156 1402 141 31 Curhaven
2318 1418 32 3 —
2369 1403 186 30 einkebrenden
2577 1402 143 26 Seeleuten
2741 1401 42 25 ein
2804 1400 149 31 chriſtliches
2973 1400 85 30 Weih⸗—

2155 1436 138 30 nachtsfeit
2320 1437 122 25 bereiten.
2488 1437 51 26 Die
2565 1434 263 32 Seemannsmiſſion
2857 1435 45 30 hat
2926 1436 61 25 nock
3012 1434 51 26 mit

2155 1469 54 25 viel
2228 1469 225 33 Schvierigteiten
2469 1485 32 4 —
2517 1470 55 25 und
2588 1469 64 30 nicht
2668 1476 60 24 zum
2745 1468 140 31 wenigiten
2901 1468 48 25 mit
2959 1468 105 30 Mangel

2158 1509 35 18 an
2218 1503 67 25 Geid
2311 1503 43 30 für
2377 1503 128 31 dringend
2529 1502 113 31 wichtige
2665 1501 139 32 Aufgaben
2828 1517 32 3 —
2883 1508 31 24 zu
2938 1501 125 29 kämpfen.

2156 1534 58 32 Für
2240 1536 140 30 Cuxhaven
2407 1536 142 31 beſtimmte
2575 1535 162 31 Sendungen
2763 1533 101 27 können
2888 1534 174 26 unmittelbar

2157 1575 36 17 an
2211 1569 50 24 den
2278 1570 151 29 Hausvater
2448 1569 112 26 Derlien
2583 1568 160 31 (Curhaden,
2761 1567 238 30 Seemannsheim)
3022 1573 40 24 ge⸗

2158 1601 76 29 fandt
2255 1604 115 28 werden;
2390 1602 67 30 ſonſt
2477 1603 103 24 werden
2599 1601 48 25 alle
2667 1601 94 29 Pakete
2782 1607 34 18 an
2837 1599 41 25 die
2898 1600 100 30 Adreſſe
3019 1601 45 23 des

2156 1634 145 30 Deutſchen
2326 1634 244 31 Seemannsheims
2614 1634 29 25 in
2686 1633 163 32 Hamburgg,
2893 1633 169 31 Wolfgangs⸗

2156 1671 56 27 weg
2233 1669 29 24 12
2283 1667 68 30 (Ecke
2372 1667 238 32 Rambachſtraße),
2629 1668 112 28 erbeten,
2760 1666 48 26 alle
2828 1666 97 26 Gaben
2941 1673 35 18 an
2996 1666 67 26 Geld

2158 1701 138 30 perfönlich
2321 1709 35 17 an
2379 1701 125 30 Wilhelm
2528 1700 145 31 Ditlevſen,
2696 1699 244 31 Scemannspator
2963 1706 32 25 zu
3018 1698 46 27 St.

2156 1733 151 30 Michaelis,
2326 1734 213 31 Wolfgangsweg
2560 1736 38 23 12.

2208 1766 274 32 Uunentgeltiicher
2501 1765 305 34 Fiſchkochunterricht.
2828 1766 59 25 Von
2906 1766 44 24 der
2968 1765 96 26 Staat⸗

2161 1799 80 31 lichen
2273 1800 256 31 Fiſchereidirektion
2557 1799 69 26 wird
2656 1803 55 21 uns
2742 1798 155 32 mitgeteilt:
2929 1797 132 30 Vielfache

2158 1832 140 31 Anfragen
2327 1833 80 31 geben
2436 1837 54 22 uns
2518 1832 202 31 Veranlaſſung,
2750 1831 99 30 darauf
2878 1830 187 33 hinauweiſen,

2156 1866 53 30 daß
2231 1870 30 21 es
2281 1866 43 29 ſich
2345 1866 39 25 bei
2407 1867 54 24 dem
2483 1873 46 25 zur
2551 1865 207 31 Veranſtaltung
2781 1865 182 31 gelangenden
2984 1864 80 31 Fiſch⸗

2157 1899 196 30 kochunterricht
2383 1899 64 25 nicht
2477 1907 44 17 um
2552 1899 79 25 einen
2661 1898 126 31 längeren
2816 1897 105 30 Kurſus
2950 1897 115 27 handelt.

2158 1932 55 26 Die
2229 1932 206 32 Veranſtaltung
2452 1932 141 31 beſchränkt
2610 1932 43 31 ſich
2670 1931 125 30 vielmehr
2809 1931 108 29 darauf,
2934 1930 42 26 die
2991 1929 74 27 Teil⸗

2158 1965 108 29 nehmer
2286 1972 38 17 an
2346 1964 118 26 einm
2485 1965 87 25 Abend
2597 1964 29 26 in
2646 1966 71 24 etwa
2735 1966 65 24 2—8
2820 1963 128 26 Stunden
2969 1963 30 24 in
3022 1963 43 25 der

2159 1997 225 33 mannigfaltigen
2415 1998 179 32 Zubereitung
2624 2002 49 20 von
2702 1996 152 31 Seefiſchen
2883 1995 120 29 praktiſch
3032 2002 32 23 au

2160 2030 185 26 unterrichten.
2387 2031 113 26 Weitere
2524 2031 201 31 Anmeldungen
2749 2037 32 25 zu
2806 2030 59 25 dem
2892 2028 38 26 im
2954 2029 112 31 Januar

2159 2066 65 24 1913
2244 2064 201 30 ſtattfindenden
2465 2064 145 31 Unterricht
2628 2063 99 26 ninimt
2745 2063 41 25 die
2805 2062 147 30 Staatliche
2968 2061 96 31 Fiſche⸗

2160 2096 168 26 reidirektion
2350 2099 57 26 noch
2429 2099 131 29 entgegen.
2598 2097 48 26 Bei
2670 2097 50 25 den
2741 2096 202 34 Anmeldungen
2966 2094 30 32 ift
3016 2101 49 18 au⸗

2159 2131 124 30 zugeben,
2301 2130 29 25 ob
2350 2130 40 26 die
2407 2130 156 31 Teilüahme
2581 2130 43 30 für
2643 2129 39 25 die
2699 2128 60 33 Zeit
2775 2130 55 24 von
2842 2130 63 24 57
2923 2128 53 30 Uhr
2994 2127 71 30 nach⸗

2158 2162 114 32 mittags
2289 2164 59 24 oder
2366 2168 47 21 von
2432 2166 62 23 758
2514 2164 52 27 Uhr
2585 2163 99 25 abends
2703 2161 140 31 erwünſcht
2862 2161 37 31 iſt.

2211 2194 124 32 *„Wie
2355 2196 63 31 lege
2436 2195 39 30 ich
2496 2196 109 26 meinen
2627 2194 246 32 Schrebergarten
2895 2193 77 26 an?⸗
3010 2193 57 26 Der

2160 2229 249 25 Gartenbauberein
2436 2229 153 29 „Schreber
2582 2221 30 43 ·
2617 2233 51 21 von
2693 2227 236 26 Nordwinterhude
2953 2227 48 30 hat
3025 2225 42 25 die

2130 2263 190 30 gepachteten
2335 2261 254 27 Staatsländereien
2608 2260 141 33 aufgeteilt
2765 2260 53 26 und
2838 2259 30 31 iſt
2884 2267 56 18 nun
2955 2260 51 24 mit
3020 2260 46 24 der

2127 3264 23 9 1

2148 2427 231 31 Schrebergarten
2394 2435 36 17 an

2160 2294 208 33 Einfriedigung
2380 2295 154 31 beſchäftigt.
2568 2296 49 24 Um
2632 2295 48 24 den
2696 2293 177 32 Mitgliedern
2891 2294 45 24 des
2951 2291 117 27 Vereins

2161 2328 143 31 Anregung
2323 2328 43 29 für
2383 2328 41 25 die
2441 2328 102 31 Anläge
2559 2329 54 24 und
2627 2327 44 25 die
2684 2325 211 33 Ausgeſtaltung
2914 2326 43 29 der
2973 2325 93 29 Schre⸗

2161 2361 137 31 bergarten
2316 2368 31 24 zu
2367 2362 89 30 geben,
2477 2361 61 30 hielt
2558 2362 69 30 Herr
2645 2360 161 31 Jngwerſen
2826 2359 39 25 im
2883 2358 186 37 Vereinslokal

2160 2396 49 23 den
2225 2395 93 30 gerade
2337 2395 50 31 ietzt
2402 2390 187 66 Erpebtgeen
2608 2394 129 30 Vortrag:
2757 2392 59 27 Wie
2833 2392 56 31 lege
2908 2392 35 29 ich
2961 2398 107 19 meinen

2499 2428 68 30 Serr
2606 2426 134 31 Jngwerſen
2756 2425 81 32 ſtellte
2851 2425 43 26 die
2912 2425 157 36 Jorderung

2160 2459 63 30 auf:
2244 2461 54 25 Der
2317 2460 219 31 Schrebergarten
2555 2461 9 29 ſoll
2616 2459 225 32 Nutgarten
2870 2458 70 26 und
2967 2458 100 35 Zler—

2160 2495 137 29 garten
2330 2493 162 31 zügleſich
2516 2492 63 31 ſein.
2621 2492 80 31 Diefe
2727 2491 156 32 Forderung
2907 2490 64 31 ſtellt
2996 2491 72 24 keine

2161 2526 156 31 beſonderen
2336 2526 143 31 Anſprüche
2494 2533 36 18 an
2547 2526 51 25 den
2616 2525 164 28 Geldbeutel.
2797 2524 71 31 wohl
2884 2523 63 26 aber
2965 2530 36 19 an
3018 2523 48 25 den

2161 2560 82 30 guten
2258 2558 95 27 Willen
2370 2560 53 25 und
2439 2560 47 24 den
2499 2560 81 30 guten
2595 2557 149 32 Geſchmack.
2777 2557 39 27 Es
2833 2557 61 31 darf
2909 2556 66 31 nicht
2991 2555 76 31 plan⸗

2163 2592 41 26 los
2226 2592 134 31 gepflanzt
2384 2592 112 25 werden.
2536 2592 55 25 Der
2618 2589 248 31 Gartenplan
2888 2590 67 31 muß
2977 2596 90 24 genau

2163 2625 195 32 auegearbeiiẽt
2381 2626 110 25 werden,
2515 2632 44 18 um
2583 2623 57 26 eine
2665 2623 127 32 glückliche
2818 2622 176 31 Verbindund
3018 2626 50 21 von

2163 2659 151 30 Nutzgarten
2338 2659 52 24 und
2413 2657 158 32 Ziergarten
2592 2665 31 23 zu
2644 2657 134 30 erreichen.
2818 2657 70 30 Herr
2907 2655 160 32 Jnawerſen

2163 2691 87 29 führle
2269 2692 57 30 noch
2342 2691 139 30 beſonders
2501 2694 59 23 aus.
2578 2690 50 25 wie
2646 2691 72 30 durch
2736 2689 42 26 die
2794 2689 210 31 Ausgeſtaltung
3020 2689 49 24 des

2163 2724 261 31 Garteneingarges,
2452 2724 75 30 durch
2554 2724 131 25 Rabatten
2714 2723 54 24 und
2797 2721 110 32 ſonftige
2937 2721 128 26 Blumen⸗

2163 2759 79 24 beete.
2266 2758 73 29 durch
2361 2757 45 25 ein
2426 2756 212 32 geſchmacvolles
2657 2755 235 31 Gartenhäuschen
2915 2754 53 26 und
2993 2753 76 31 durch

2148 2783 88 42 Gebii
2242 2783 151 42 ſchgruppen
2409 2790 43 25 der
2471 2790 103 25 Garten
2592 2789 166 30 anheimelnd
2771 2787 99 27 wirken
2887 2788 89 25 könne.
3008 2787 58 26 Der

2165 2823 104 26 Garten
2294 2823 45 30 joll
2364 2826 54 21 uns
2444 2830 46 24 zur
2516 2822 134 31 Erholung
2674 2823 53 24 und
2751 2822 101 32 Freude
2878 2820 189 36 gereichen.
3044 2816 23 44 —

2164 2857 41 24 An
2229 2857 42 25 der
2294 2856 77 31 Hand
2392 2860 51 21 von
2467 2855 178 32 Zeichnungen
2671 2855 85 29 führte
2779 2855 67 30 Serr
2869 2853 117 26 Bernier
3005 2859 62 30 eine

2165 2890 80 27 Reihe
2263 2894 48 20 von
2330 2889 108 26 Lauben
2457 2890 53 24 ind
2526 2888 220 30 Gartenhäuſern
2762 2891 52 22 vor.
2853 2887 37 25 Er
2909 2886 90 32 zeigte.
3015 2890 51 21 wie

2165 2929 61 19 man
2249 2922 47 30 auf
2316 2921 113 29 einfache
2452 2921 83 29 Weiſe
2559 2920 86 31 ſeinen
2668 2921 78 30 Zweck
2768 2920 126 29 erreichen
2916 2920 55 25 und
2991 2917 74 27 dabei

2164 2955 107 32 zugleich
2293 2956 87 25 etwas
2403 2954 222 31 Geſchmadvolles
2649 2954 109 30 ſchaffen
2782 2954 87 25 könne.
2893 2947 56 44 Sof
2952 2947 114 44 fentlich

2165 2990 53 28 find
2244 2989 66 29 dieſe
2336 2989 177 31 Anxegungen
2540 2988 51 29 auf
2614 2988 75 24 einen
2718 2987 164 29 fruchtbaren
2908 2986 91 26 Boden
3025 2992 40 25 ge⸗

2167 3023 90 29 fallen.
2295 3022 42 25 Es
2357 3021 102 32 ſcheint,
2480 3021 51 32 daß
2553 3022 50 24 alle
2624 3021 108 29 beitrebt
2755 3020 63 31 ſind,
2838 3022 85 23 etwas
2948 3018 116 31 Schönes

2165 3063 31 23 zu
2215 3055 116 30 ſcheffen.

2206 3096 38 21 er.
2253 3080 58 42 Die
2326 3087 133 26 Liberale
2473 3087 139 29 kirchliche
2627 3085 198 32 Vereinigung
2841 3086 29 25 in
2885 3084 183 27 Eimsbüttel

2164 3120 63 27 hielt
2248 3123 78 23 unter
2347 3121 58 24 dem
2423 3120 91 31 Vorſitz
2535 3121 44 24 des
2598 3119 252 28 Oberamtsrichters
2870 3119 50 25 Dr.
2941 3118 127 25 Sonnen⸗

2165 3154 54 25 kalb
2239 3153 58 25 eine
2316 3153 207 32 Verſammlung
2541 3153 39 25 ab.
2617 3153 68 24 Man
2703 3151 162 32 beſcheiftigte
2882 3151 46 31 ſich
2943 3150 50 26 mit
3010 3151 60 25 dem

2166 3185 310 32 bevorſtehenden
2523 3185 147 31 Wechſel
2715 3184 113 26 eines
2858 3183 212 32 Predigers

2166 3227 41 18 an
2233 3220 61 24 der
2318 3219 298 29 Chriſtuskürche.
2656 3219 57 25 Der
2734 3217 156 32 Vorſitzende
2914 3216 74 26 teilte
3010 3215 61 29 mit,

2164 3252 49 30 daß
2231 3252 44 26 der
2291 3252 91 31 zweite
2416 3252 134 29 Brediger.
2567 3252 91 29 Baſtor
2675 3251 61 32 Fic.
2753 3254 53 22 aus
2823 3248 245 38 Geſundheitsrüd⸗-

2165 3286 88 29 ſichten
2279 3285 31 24 im
2334 3285 46 25 den
2408 3285 145 34 Ruheſtanz
2580 3286 71 23 trete.
2694 3283 95 27 Damit
2815 3283 34 30 ſei
2877 3282 39 26 die
2942 3282 59 31 Zeit
3026 3288 42 24 ge⸗

2136 3316 154 31 lommen,
2318 3318 38 25 bei
2387 3319 43 24 der
2459 3317 208 31 bevorſtehenden
2696 3316 186 31 Neubeſetzung
2912 3317 43 24 der.
2983 3314 85 26 Stelle

755 4128 103 22 c
874 4112 62 42 200.
949 4138 127 19 ..
1113 4128 52 31 —
1325 4121 37 13 900
1577 4126 38 27 00
1627 4116 174 48 m⏑
1863 4141 58 17 ...
2011 4131 37 26 --
2107 4127 47 15 42
2207 4117 106 41 —
2328 4127 253 28 VVVDVCO

952 5907 23 14 —
1076 5908 69 16 e28
1311 5891 31 7 n
1651 5899 4 3 ů
2272 5902 14 6 2

255 5922 63 30 ——
382 5932 1 21 —
391 5915 60 28 ——
524 5927 76 22 .
642 5920 39 22 —
744 5916 51 22 ——
999 5919 49 29 —
1150 5913 11 15 9
1273 5909 719 43 .T..CD..I..L..X..
2085 5917 28 34 ,
2164 5911 53 39 τι-
2360 5923 181 34 ...

2165 3350 80 31 dalin
2268 3357 33 25 zit
2323 3351 102 28 wirken,
2448 3351 48 31 daß
2516 3351 82 25 neben
2622 3351 47 24 den
2692 3349 52 26 drei
2767 3348 125 31 politiven
2915 3347 153 37 Geiſtlichen

2165 3384 42 26 der
2233 3383 257 32 Chriſtusgemeinde
2514 3391 56 18 nun
2594 3384 60 29 auch
2676 3383 44 26 ein
2744 3381 148 31 Geiſtlcher
2916 3381 151 31 freiſinnig—

2166 3416 127 26 liberaler
2316 3417 126 32 Richtung
2464 3415 131 32 angeſtellt
2614 3417 90 24 werde.
2741 3416 61 25 Das
2824 3414 35 31 ſei
2881 3421 55 19 nur
2957 3413 50 26 ein
3022 3414 47 25 Att

2166 3450 43 24 der
2234 3449 183 32 Gerechtigkeit
2441 3457 80 24 gegen
2541 3449 43 25 die
2607 3449 150 26 Gemeinde.
2797 3448 53 25 Dr.
2871 3447 96 26 Blund
2991 3447 77 24 begn⸗

2166 3484 94 29 tragte,
2279 3483 78 31 oleich
2376 3490 32 24 zu
2426 3482 111 33 Anfana
2554 3483 44 24 des
2617 3489 86 18 neuen
2722 3482 100 29 Jabres
2841 3480 61 25 eine
2922 3479 148 36 öffentliche

2165 3514 205 33 Verſammlung
2396 3515 63 26 aller
2482 3514 293 32 Gemeindemitglieder
2799 3514 191 31 einzuberufen
3017 3517 53 24 und

2165 3548 57 25 dort
2239 3548 62 26 eine
2319 3548 189 31 eniſprechende
2527 3546 118 32 Eingabe
2662 3555 33 24 zů
2714 3547 174 31 formulieren
2906 3549 55 25 und
2978 3556 31 23 zu
3029 3549 40 25 be⸗

2166 3581 132 31 ſchließen.
2337 3581 95 29 Dieſer
2453 3581 101 31 Antrag
2576 3583 85 23 wurde
2686 3580 159 31 einftimmig
2867 3588 202 24 angenommen.

2166 3614 82 26 Dann
2272 3614 65 30 hielt
2359 3615 94 30 Paſtor
2474 3614 124 31 Hennecke
2620 3618 49 21 von
2691 3616 43 23 der
2752 3614 47 26 St.
2823 3614 247 29 Katharinenkirche

2166 3647 80 25 einen
2263 3647 118 30 Vortrag
2398 3648 64 25 über
2480 3647 49 25 das
2545 3647 113 27 Thema:
2678 3647 92 31 Haben
2786 3646 50 26 wir
2855 3647 44 25 ein
2918 3647 83 28 Recht,
3020 3652 48 20 von

2166 3680 73 25 einer
2262 3680 175 31 freundlichen
2456 3680 153 32 Vorſehung
2627 3681 53 25 und
2698 3679 87 26 einem
2807 3679 176 30 freundlichen
3005 3681 64 25 Gott

2167 3720 29 18 zu
2223 3714 135 30 glauben?
2387 3714 56 25 Der
2468 3714 27 25 in
2522 3713 85 25 einem
2631 3712 253 32 überzeugungsvoll
2912 3714 159 29 bejahenden

2166 3745 99 32 Schlußz
2307 3746 82 30 dieſer
2412 3747 85 31 Frage
2521 3746 185 31 ausklingende
2732 3746 117 31 Vortrag
2888 3748 90 23 wurde
3019 3746 50 26 mit

2165 3780 107 29 großem
2294 3779 129 30 Jntereſſe
2444 3781 285 29 entgegengenommen.

2216 3811 115 27 Vom
2356 3811 136 27 Verband
2516 3812 163 25 nationaler
2702 3810 137 27 Arbetter
2861 3811 60 32 geht
2944 3815 54 23 uns
3021 3812 49 25 mit

2166 3847 43 23 der
2232 3845 72 26 Bitte
2329 3853 46 18 um
2396 3845 240 30 Veröffentlichung
2657 3845 59 25 eine
2732 3844 135 32 Zuſchrift
2891 3853 40 23 zu,
2955 3845 44 26 der
3021 3845 51 25 wir

2168 3878 135 31 folgendes
2329 3878 167 29 entnehmen:
2524 3879 72 28 „Der
2621 3878 122 26 Verband
2766 3878 157 26 nationaler
2947 3878 124 26 Arbeiter

2166 3915 50 21 von
2234 3912 137 31 Hamburg
2388 3913 55 24 und
2459 3912 145 30 Umgegend
2619 3912 46 25 bat
2680 3911 50 25 mit
2747 3911 57 31 dem
2825 3910 245 32 Zuſammenſchluß

2167 3950 49 20 von
2247 3945 54 25 drei
2331 3944 156 26 nationalen
2516 3943 245 27 Arbeitervereinen
2790 3944 69 27 ſchon
2890 3944 59 25 eine
2979 3944 91 25 bedem

2168 3979 72 24 ende
2258 3977 216 31 Mitglicderzabl
2491 3977 112 31 erreicht.
2618 3977 53 26 Die
2687 3977 187 30 eingeführten
2889 3977 181 26 Vertrauens⸗

2167 4010 212 32 männerbezirke
2393 4010 170 32 ermöglichen
2577 4013 36 26 es,
2629 4010 41 27 die
2686 4010 170 26 Kleinarbeit
2872 4011 44 25 der
2931 4009 142 33 Agitation

2241 5219 359 66 Flanellbluse:
2626 5246 51 32 21.
2696 5245 88 27 Moter
2803 5245 745 33 Wollstolt...............
3603 5221 98 52 —

2241 5301 359 66 Seidenbluse:
2628 5330 18 26 4
2664 5321 88 45 Meoter
2769 5321 336 45 Seldonstoft........
3603 5304 76 52 B5

2370 5893 38 14 —

2597 4111 20 38 u—
2655 4126 8 11 —
2699 4123 84 17 —
2817 4128 29 36 J
3103 4130 27 15 —

3140 631 125 32 träftiger
3295 639 31 24 zu
3355 631 139 33 geſtalten;
3524 634 30 22 es
3583 630 92 31 finden
3694 628 104 37 täglich
3825 627 227 38 Neugufnahnmen

3141 665 66 29 ſtatt.
3250 664 91 30 Esiſt
3363 672 56 17 nün
3443 664 60 30 auch
3526 671 35 18 an
3585 664 45 24 der
3652 662 69 32 Zeit,
3746 661 49 36 daß
3819 662 37 35 die
3879 661 170 36 Arbeitgeber

3142 697 94 26 immer
3259 698 71 29 mehr
3354 697 39 26 die
3418 696 262 31 nationalgeſinnten
3704 695 121 25 Acbeüer
3851 701 27 17 in
3902 694 76 31 ihren
4001 693 49 26 Be⸗

3141 731 102 25 trieben
3269 730 167 31 beſchäftigen
3466 731 52 24 und
3545 729 45 32 ſich
3614 729 80 25 einen
3719 728 124 36 Stamm,
3877 732 52 22 von
3969 730 81 33 guten

3141 763 140 26 Arbeitern
3302 762 28 27 in
3352 765 54 23 dem
3427 762 109 27 Betrieb
3556 762 99 30 ſichern.
3692 761 54 26 Die
3766 760 171 36 Arbeitgeber
3955 759 95 37 duͤrfen

3140 797 43 31 ſich
3209 797 65 29 nicht
3302 804 53 18 nur
3378 798 72 23 dann
3474 796 43 24 der
3545 794 260 31 nationalgefinnten
3831 794 121 24 Arbeter
3977 798 72 31 erin⸗

3142 837 75 21 nern,
3241 835 77 19 wenn
3342 829 47 30 erſt
3412 829 43 25 ein
3482 828 91 26 Streik
3595 828 61 25 oder
3681 827 58 25 eine
3763 826 107 37 Spexve
3888 825 63 26 über
3975 826 76 34 ihren

3141 862 107 26 Betrieb
3273 863 125 30 verhängt
3423 861 41 31 ijt;
3489 863 67 24 denn
3581 861 48 29 auf,
3653 860 40 25 die
3720 859 73 26 Rolle
3818 859 90 37 blober,
3932 858 118 38 Streit⸗

3141 897 124 28 brecher“,
3296 896 56 28 aljo
3381 894 183 31 Lüdeubiſer,
3595 893 91 25 wollen
3718 893 38 24 die
3791 891 260 36 nationalgeinnten

3142 929 121 26 Arbeiter
3286 929 65 30 nicht
3372 928 140 31 beſchränkt
3533 928 112 24 werden.
3684 926 68 30 Auch
3773 925 33 32 ſie
3828 925 82 30 baben
3934 924 116 36 Famitie

3141 964 54 23 und
3220 962 100 25 können
3345 962 60 30 auch
3431 961 64 35 nicht
3519 960 105 31 billiger,
3651 959 135 30 arbeiten;
3814 958 91 26 wollen
3933 957 62 36 ober
4022 963 28 18 in

3142 995 75 28 Rube
3238 995 52 24 und
3311 993 112 32 Frieden
3443 997 49 21 mit
3513 994 56 25 dem
3588 991 169 31 Arbeitgeber
3779 990 80 26 leben.
3879 991 37 36 Es
3938 990 34 29 ſei
3995 989 55 37 noch

3142 1028 175 29 aufmerkſam
3338 1028 111 31 gemacht
3470 1026 47 30 quf
3537 1027 48 24 den
3604 1024 240 27 Arbeitsnachoeiz
3865 1023 45 29 für
3928 1023 123 35 Arbeiter

3141 1063 53 23 unmd
3211 1059 206 27 Arbeiterinnen
3435 1059 117 31 jeglicher
3569 1058 62 25 Art
3652 1058 162 36 Samburgh.
3831 1056 165 30 Vulverteich
4012 1057 39 23 27.

3141 1094 67 30 Auch
3228 1095 102 24 werden
3352 1094 58 24 dort
3426 1092 43 25 die
3492 1091 114 31 Papiere
3629 1091 44 30 für
3695 1092 48 23 das
3761 1084 174 47 Buraerrecht
3956 1089 94 24 unent⸗

3140 1127 101 30 eillich
3258 1126 108 32 beſorgt.
3400 1125 133 30 Austunft
3550 1124 87 25 erteili
3655 1125 44 24 der
3716 1123 63 29 erſte
3796 1121 166 32 Vorſitzende,
3979 1119 73 32 Baul

3141 1160 138 29 Schrader,
3301 1159 135 31 Samburg
3457 1159 40 27 .
3504 1152 116 42 Schinke
3629 1152 95 42 litraße
3745 1158 24 25 7.
3792 1156 37 25 J.

3226 1191 134 24 Nenifmea
3386 1189 216 24 Botteſungsmtien.
3648 1189 73 22 Schmi,
3751 1190 46 18 und
3825 1187 64 20 Muſe
3893 1181 156 38 umagebàude,

3143 1223 163 23 Steimorplatz.
3339 1221 112 23 Sonntag,
3466 1221 41 19 den
3526 1221 33 18 15.
3575 1219 119 22 Tezember
3713 1218 63 20 1013.
3809 1217 39 20 Tr.
3865 1217 54 21 vhil.
3937 1210 112 35 Soellung:

3142 1251 209 24 Sahenmeſtungen.
3385 1250 47 21 Von
3452 1250 35 20 10
3509 1248 51 23 11u
3580 1248 52 21 Ubr.
3649 1259 29 3 —
3696 1247 106 23 Montaa,
3819 1247 41 19 den
3881 1246 32 19 16.
3932 1245 117 23 Degemder

3143 1283 64 20 ig2.
3237 1281 39 21 Tr.
3292 1281 53 22 pbil.
3361 1280 86 20 Vendt:
3463 1278 157 24 dtusgewäblte
3635 1277 88 22 Kavitel
3739 1281 44 15 aus
3798 1277 38 19 der
3851 1276 93 21 böberen
3962 1274 87 23 Mathe-

3143 1311 71 20 matit.
3256 1311 49 19 Von
3333 1309 80 22 —a
3443 1308 49 22 Uhr.
3537 1307 108 23 Tr.Jng.
3675 1306 100 20 Gimbei:
3806 1304 119 23 Techuiſche
3952 1304 96 20 Wärme-

3142 1340 105 21 mechinit
3272 1338 228 23 (Tuermodynamit).
3537 1337 48 20 Von
3607 1336 80 22 8—gu
3712 1336 52 22 Ubr.
3801 1333 108 24 Dr.-Jng.
3932 1334 116 19 Wasmus:

3142 1369 182 25 Erverimentelle
3343 1367 145 24 mediziniſche
3507 1367 161 20 Eletrotechnit.
3701 1365 50 20 Von
3769 1364 81 22 —12
3870 1363 52 21 ubr.
3941 1358 40 40 Tr.
3985 1358 63 40 Ana.

3143 1399 158 23 Nugebohrn:
3320 1397 138 23 Berechnung
3477 1397 44 19 und
3539 1395 154 23 Konſmultion
3710 1397 43 17 von
3768 1393 199 22 Scffsturbinen.
4001 1392 48 20 Bon

3142 1430 34 18 8
3191 1428 33 23 5
3245 1428 51 22 Uhr.
3330 1427 62 24 Prof.
3413 1426 40 21 Dr.
3474 1425 104 23 Glinzer:
3597 1424 43 21 Die
3660 1422 237 23 MWetterbeſtändigteit
3916 1422 38 20 der
3974 1421 74 21 natur⸗

3142 1459 65 21 lichen“
3230 1456 125 23 Bauſieine.
3392 1455 49 21 Von
3464 1455 56 19 8—6
3543 1454 50 23 Uhr.
3632 1453 84 22 Barry:
3739 1451 133 24 Techniſches
3895 1450 98 25 Engliſch
4017 1451 30 20 JJ.

3141 1487 50 21 Von
3210 1486 81 23 8—9u
3310 1486 52 21 Uhr.

3187 1515 75 21 Die
3281 1513 262 26 Dahnenſchweifwitwen
3564 1512 31 21 im
3616 1512 52 23 Zoo.
3704 1512 50 20 Von
3775 1512 39 19 den
3836 1516 38 18 zur
3897 1510 94 21 Kamilie
4013 1510 35 20 der

3142 1547 140 23 Bevervögel
3319 1545 135 23 gebörenden
3492 1542 137 24 Widafinten
3667 1543 51 19 oder
3755 1540 93 21 Wimwen
3885 1540 63 22 beſint,
3986 1539 62 21 unſer

3142 1576 147 23 Zoologiſcher
3308 1575 87 20 Garten
3413 1574 39 23 ſeit
3472 1573 108 24 längerer
3593 1572 48 24 Zeit
3660 1572 47 20 eine
3726 1571 92 24 größere
3838 1571 93 22 Anzabl,
3951 1569 34 20 die
4003 1571 45 18 ver,

3142 1606 121 19 ichiedenen
3284 1605 69 19 arten
3375 1604 132 23 angebören.
3543 1602 43 20 Als
3605 1602 65 22 falche
3692 1601 44 22 lind
3757 1601 33 19 die
3813 1600 163 21 Getbrbulter,,
3998 1599 50 20 Rot⸗

3140 1635 107 23 ſchulter,
3265 1633 129 24 Paradies⸗,
3412 1633 108 22 Rotfint«,
3540 1631 108 24 Spiegel,,
3667 1630 165 20 Tominitaner
3854 1632 43 17 und
3916 1629 133 21 valbmond-

3142 1667 86 18 witwen
3244 1660 155 27 aufauführen.
3432 1662 32 23 Zu
3482 1662 71 20 dielen
3572 1662 60 20 durch
3649 1659 117 24 Schönheit
3783 1661 39 18 des
3840 1659 117 21 Getteders
3975 1659 74 19 unter⸗

3140 1694 108 20 einander
3268 1693 165 24 wetieiſernden
3454 1692 69 20 arten
3543 1691 44 23 ſind
3606 1691 45 23 jett
3672 1692 48 21 noch
3741 1689 36 22 als
3797 1689 103 23 Geſchent
3922 1691 37 17 des
3979 1688 70 21 Herrn

3141 1724 143 23 Sauvimann
3310 1723 24 23 F.
3358 1722 124 23 Reinhardt
3505 1721 24 20 in
3552 1720 146 22 Daresſalam
3720 1719 38 20 ein
3780 1719 61 22 Vaar
3864 1717 185 24 Habueutcweif⸗

3143 1754 86 20 witwen
3251 1754 44 19 und
3317 1752 36 21 ein
3374 1751 188 24 unausgefärbter
3583 1749 111 23 Widafint
3716 1749 130 23 gelommen.
3883 1747 43 21 Die
3947 1747 100 22 Habnen—

3142 1782 153 24 ſanwerjwitwe
3314 1782 24 23 iſt
3357 1781 33 20 die
3409 1781 76 23 größte
3505 1781 45 20 und
3569 1779 88 23 ſchönſte
3676 1779 49 20 Art.
3759 1778 41 21 Sie
3820 1778 76 20 lommt
3915 1776 132 24 verhäitnis.

3143 1812 75 23 mätzig
3238 1812 66 23 felten
3327 1811 50 23 nach
3399 1810 97 23 Europa.
3534 1809 43 23 Jur
3599 1809 104 20 Gefieder
3725 1808 24 22 iſt
3769 1808 98 22 ſchwarz,
3888 1807 41 20 mit
3951 1808 34 18 rot
4006 1807 43 19 und

3143 1841 83 23 weißzen
3250 1841 126 21 Schultern:
3399 1840 28 23 ſie
3450 1839 59 24 mäat
3533 1840 64 19 einen
3621 1839 82 23 langen
3727 1837 196 27 Hannenſchwans,
3947 1837 37 19 der
4008 1836 41 19 aus

3142 1870 216 24 ſmicferdachförmig
3375 1871 124 23 gobogenen
3517 1868 84 22 Federn
3616 1868 89 20 veſtebt.
3739 1867 57 22 Jhre
3812 1867 88 23 veimat
3919 1866 24 19 iit
3959 1865 89 21 Südoſt.

3144 1900 81 23 difrita.
3263 1900 42 20 Die
3327 1899 136 23 Widalinten
3487 1899 45 22 ſind
3556 1899 23 19 in
3602 1899 58 22 ihrer
3684 1897 148 23 Verbreitung
3855 1896 40 22 auf.
3918 1896 75 20 Afrila
4017 1895 31 20 be—

3143 1929 98 24 ſchräntt,
3262 1930 41 19 vas
3319 1929 30 24 ſie
3368 1929 23 20 in
3409 1929 62 20 einer
3490 1928 82 24 großen
3590 1927 87 24 Anzahbl
3696 1929 42 18 von
3757 1926 37 24 für
3813 1927 41 19 den
3873 1925 74 22 Oſten,
3967 1925 81 21 Welten

3144 1960 44 19 und
3205 1959 77 20 Süden
3299 1960 38 19 des
3353 1958 100 21 Erdteils
3469 1957 106 24 myuchen
3591 1957 41 20 Art
3648 1956 122 21 bevöllern.
3802 1955 55 23 Jbre
3874 1954 176 22 voltatuntlichan

3143 1988 85 21 Namen
3242 1988 120 21 „Witwen
3376 1988 119 20 verdanken
3508 1987 27 23 ſie
3549 1987 47 20 dem
3609 1986 124 23 auffallend
3748 1985 81 23 lanaen
3843 1985 206 22 Schlevp⸗chwango.

3144 2019 37 18 der
3202 2018 33 19 die
3256 2017 76 24 Zierde
3353 2018 36 20 der
3410 2017 124 21 Männchen
3555 2016 67 20 bildet
3644 2016 46 20 und
3710 2015 47 21 dem
3778 2015 108 21 düſteren,
3907 2014 142 21 miſtenteils

3142 2047 118 22 ſchwarzen
3278 2046 87 21 Kolorit
3384 2046 60 24 ihres
3464 2045 185 25 Federtleides.
3648 2056 23 4 —
3688 2045 57 23 Hert
3764 2044 144 23 Hauptmann
3928 2043 122 22 Reinbardi

3145 2076 88 22 ſchentte
3261 2076 116 22 außerdem
3405 2078 48 19 noch
3481 2076 12 19 3
3522 2075 142 21 Lachtauben.
3709 2074 82 24 Jerner
3820 2074 89 20 wurden
3937 2073 113 25 geſchentt:

3145 2106 9 20 1
3182 2106 170 23 Kapuzineraffe
3380 2105 67 23 (Serr
3472 2105 40 20 Dr.
3538 2104 93 23 Lüders,
3656 2104 144 24 Bergedorf),
3827 2104 9 20 1
3863 2103 91 20 Matalo
3984 2102 67 22 Gerr

3145 2134 24 23 J.
3195 2138 19 18 v.
3240 2136 19 20 d.
3283 2135 83 24 Lietb),
3391 2136 27 19 18
3441 2134 156 23 Seeroſen.2
3622 2133 193 23 Einſtedlertrebſe
3840 2133 44 20 und
3913 2134 6 19 1
3949 2132 101 22 Seeſtern

3148 2164 170 23 (Siſchdampfer
3334 2164 73 21 Ocean
3423 2166 44 19 und
3484 2163 98 23 Gerda).
3614 2163 93 23 Getauft
3724 2164 99 19 wurden:
3846 2163 6 19 1
3872 2162 117 23 Kaßtolpel
4007 2162 44 19 und

3177 2193 60 23 Vaar
3238 2184 126 39 Victoria⸗
3368 2184 196 39 aronentauben.
3564 2204 28 4 —
3611 2193 46 20 Der
3676 2192 94 21 Eintriit
3790 2197 49 18 oum
3859 2192 86 20 Garten
3965 2191 87 24 beträat

3113 2227 67 28 am
3197 2223 222 24 Sonntagvormittag
3435 2224 36 21 30,
3486 2227 38 16 am
3539 2222 136 24 Nachmittag
3692 2223 27 19 50
3735 2222 52 24 Bfa.

3189 2253 31 18 dr.
3247 2252 91 21 Erteilte
3362 2251 239 25 Echanttonzeſſionen.
3642 2252 42 20 TDie
3710 2251 98 21 Behörde
3834 2251 35 23 für
3895 2252 42 19 das
3960 2250 91 22 Scham⸗

3145 2282 203 23 lousetſionéweſen
3384 2282 84 21 erteilte
3503 2282 35 21 die
3574 2282 145 24 nachgeſuchte
3755 2282 55 20 volle
3845 2282 130 23 Konzefſion
4010 2286 40 15 an:

3145 2311 27 23 5.
3197 2311 72 23 Habn.
3293 2312 128 24 MWarctylat
3446 2313 37 21 21:
3509 2312 28 22 8.
3560 2312 116 21 Schröder,
3702 2311 129 24 Beraedorf,
3857 2312 70 23 Kamp
3954 2311 19 28 2.
4000 2311 50 21 Ver⸗

3146 2341 126 24 aͤnderung:
3294 2341 34 23 M.
3350 2342 138 23 Jobannſen,
3511 2342 128 24 Bergedorf,
3660 2342 131 23 Beroftratze
3815 2342 33 22 12,
3869 2341 182 25 Vergrößerung:

3146 2371 29 21 G.
3198 2371 148 23 Korfchansti,
3369 2372 133 23 Flurſtratze,
3526 2372 182 24 Verarößerung;
3733 2371 26 24 J.
3784 2371 137 24 Tkormann,
3947 2371 104 21 Grindel⸗

3146 2401 54 20 allee
3222 2402 51 21 100:
3296 2401 24 23 J.
3342 2402 79 24 Gryſa,
3441 2402 212 24 Hamburgerſtrabe
3674 2403 36 21 31,.
3731 2402 181 24 Vergrößerung:
3937 2402 24 23 S.
3984 2401 66 23 Biüb.

3145 2432 64 20 dorn,
3227 2431 144 24 dafenftrabe
3393 2433 48 22 118,
3461 2432 105 22 Varterre
3585 2434 47 18 und
3653 2433 19 19 1.
3694 2432 80 24 Etage:
3796 2432 27 21 R.
3845 2430 94 25 Görſter.
3961 2432 90 20 Seume⸗

3147 2460 70 23 ſtraße
3234 2461 35 23 18:
3287 2461 25 21 E.
3329 2462 85 22 Meyer,
3430 2462 133 24 Nagelsweg
3578 2462 38 22 97:
3634 2461 24 24 J.
3676 2462 125 24 Freygang,
3815 2462 183 24 Schellingſtraße
4014 2462 38 22 43:

3147 2490 26 21 A.
3194 2491 76 21 Graw.
3291 2491 172 24 Rädinasmartt
3484 2493 36 21 48:
3543 2492 27 20 R.
3590 2492 122 22 Sibberns.
3732 2492 111 28 Berenſch,
3866 2492 127 22 Dorlitraße
4015 2492 36 21 16:

3145 2520 27 22 B.
3196 2521 85 22 Mener,
3304 2521 76 21 Kieine
3402 2521 161 24 Reichenftrabe
3585 2523 24 22 8:
3632 2522 34 21 M.
3689 2522 70 22 Heiſe,
3781 2522 160 23 Rücerttrae
3963 2523 37 20 14:
4023 2522 28 20 6.

3145 2550 108 23 Bietenfe,
3274 2550 125 24 Cuxhaven,
3421 2551 188 24 Bernhardftratze
3630 2553 26 19 17
3667 2552 40 29 1[
3730 2552 60 22 Frau
3812 2553 107 23 Bietrsut,
3940 2550 113 24 Gammer-

3146 2580 135 23 broolſtrahe
3304 2582 49 20 108.
3374 2580 151 25 Zuſicheruna:
3546 2581 28 23 H.
3595 2582 112 23 Rehdehn.
3728 2582 173 23 Sophienſtrate
3923 2583 36 21 b,
3982 2583 28 21 1.,
4032 2583 19 20 2.

3145 2611 45 19 und
3205 2612 20 20 4.
3242 2610 77 24 Etage,
3334 2611 152 23 Zuſicherung:
3502 2612 27 21 R.
3548 2612 120 23 Spanbolz,
3684 2612 150 23 Gertiaſtrate
3850 2613 35 21 22.
3901 2612 151 23 Zuſiceruna:

3147 2639 24 22 F.
3198 2640 123 23 Melfouen.
3347 2640 209 25 Sollvereinsitrate
3581 2643 38 20 67:
3646 2641 26 23 J.
3700 2642 78 23 Ftant.
3803 2643 185 22 Batentinstam
4015 2643 37 22 72:

3146 2669 33 21 W.
3202 2669 69 24 Horn.
3296 2670 217 24 Admiralitätitrahe
3535 2672 38 21 à1:
3597 2672 27 20 R.
3650 2672 105 22 Lübring,
3780 2672 160 23 Nicolaiſtraße
3963 2674 38 19 34:
4026 2672 26 21 A.

3146 2699 88 28 Lubter.
3251 2699 162 24 Grabenltrake
3431 2702 37 20 11:
3485 2701 26 23 S.
3530 2701 75 24 Neels,
3623 2702 154 22 Siſlemiftratze
3795 2703 37 21 87:
3849 2703 27 21 S.
3894 2702 87 25 Dèaac,
3998 2702 55 22 Bor-

3146 2729 62 24 ſetzen
3227 2730 35 20 17:
3278 2730 35 20 M.
3329 2730 111 22 Klauffen.
3456 2731 143 23 Reeperbahn
3618 2733 50 22 146:
3686 2732 32 21 W.
3736 2732 98 21 Sibbert.
3850 2732 148 25 Grindelberg
4015 2733 37 23 78:

3145 2758 26 21 4.
3198 2759 105 24 Scheffer,
3331 2760 159 21 Eimsbütteler
3516 2762 129 25 Marktvlatz
3672 2763 38 22 20:
3740 2762 26 21 O.
3795 2763 101 22 Tretner,
3923 2763 130 22 Sufannen-

3146 2788 70 23 ſtratze
3240 2790 23 20 6:
3289 2789 25 21 E.
3338 2790 90 23 Hamer,
3450 2791 111 21 Stenvort
3585 2793 20 18 2.
3646 2791 42 22 Die
3713 2792 63 21 balbe
3802 2793 129 23 Kongeſſion
3956 2798 39 15 an:
4021 2793 32 21 B.

3145 2818 86 24 Schuls.
3253 2818 129 25 Debndatde
3402 2821 23 21 3:
3447 2820 27 23 G.
3495 2821 112 26 Jürgens,
3628 2822 73 22 Kaien
3721 2823 39 21 33:
3783 2822 25 23 3.
3827 2823 150 24 Schmeitzing.
4000 2823 53 21 Rat⸗

3146 2848 127 23 hausmartt
3290 2850 35 22 18,
3343 2850 178 24 Verarötzerung.
3554 2851 42 21 Die
3614 2852 79 20 viertel
3709 2853 129 23 Aonzefſion
3856 2858 40 15 an:
3915 2854 27 20 R.
3960 2853 94 21 Sieden.

3144 2879 65 23 durg.
3231 2878 149 24 Annenſtrake
3403 2881 37 21 16:
3461 2880 36 22 M.
3519 2885 23 16 u.
3564 2881 22 21 L.
3609 2882 139 23 Robinſohn,
3769 2883 190 22 Schleufenbrücke
3983 2884 21 21 1:
4028 2883 25 24 6.

3146 2907 126 23 Bocwoldt,
3289 2909 169 23 Lübecerſtrabe
3476 2911 34 19 11.
3542 2911 42 21 Die
3601 2911 100 23 Bebörde
3716 2913 37 22 für
3770 2913 42 20 das
3827 2913 225 24 Schanttonzeſſtonũ-

3146 2938 68 21 weſen
3235 2938 97 24 verfaate
3355 2939 34 20 die
3411 2940 143 23 nachgefuchte
3576 2942 130 23 Konzeſſton
3730 2942 23 21 in
3775 2944 28 18 24
3826 2943 87 22 Fällen,
3937 2944 71 21 davon
4031 2944 20 21 ir

3147 2968 25 19 10
3196 2963 77 42 Saͤllen
3297 2968 134 24 wiederbolt.
3469 2969 33 23 Jn
3525 2973 51 21 zvei
3600 2973 103 20 weiteren
3728 2972 78 23 Källen
3829 2974 73 22 mußte
3926 2973 34 21 die
3983 2974 67 24 Anae-

3146 2998 107 23 legendeit
3277 3001 73 21 wegen
3372 3000 117 21 Krantheit
3512 3001 39 20 des
3575 3002 173 24 Antraaſtelers
3771 3005 86 22 vertaat
3881 3006 94 19 werden.
4015 3004 35 24 Jn

3144 3032 86 18 ganeen
3255 3029 65 22 lagen
3344 3029 27 20 60
3394 3030 239 26 Kongeſſionganträge
3657 3035 49 19 vor:
3731 3036 43 17 von
3800 3034 71 21 dieſen
3894 3035 108 22 erbielten
4026 3035 24 20 2(

3138 3052 42 42 die
3206 3057 124 22 Erlaubnis
3355 3064 50 18 zum
3429 3059 111 24 etriebe:
3568 3062 72 21 ferner
3666 3064 74 19 wurde
3767 3064 33 20 die
3826 3060 220 34 Lolalvergrõſzerum

3147 3091 23 15 in
3194 3088 11 18 4.
3229 3086 79 24 Fällen
3330 3089 44 19 und
3395 3090 36 19 die
3454 3090 219 27 Lotaweränderung
3697 3093 23 20 in
3744 3093 71 21 einem
3837 3094 63 23 Falle
3918 3091 58 35 gene
3982 3091 70 35 bhraa⸗

3146 3115 43 22 Die
3208 3116 128 26 beantragte
3356 3111 92 37 Zuliche
3447 3111 51 37 rung
3515 3122 75 19 wurde
3608 3122 27 20 in
3655 3123 14 20 3
3689 3122 78 25 Fällen
3787 3124 80 21 erteilt.

3335 3188 140 60 ßjafen
3512 3193 88 50 und
3638 3192 252 55 Sciffantt.

3291 3269 316 47 Verhandluugen
3632 3275 66 31 des
3721 3274 192 36 Secauits.

3193 3318 34 25 le.
3248 3318 55 26 Der
3321 3318 216 33 Bufammenſtoß
3557 3321 119 30 zwiſchen
3698 3324 57 24 dem
3776 3324 131 29 Dampfer
3928 3327 124 29 Serculet

3143 3353 53 23 und
3218 3353 56 35 dem
3296 3352 74 26 Ewer
3385 3354 112 35 Gioria,
3520 3356 44 23 der
3585 3362 44 18 am
3651 3357 40 25 x.
3713 3356 112 26 Ottober
3849 3360 21 23 8.
3888 3359 29 31 J.
3941 3360 49 31 auf
4009 3359 45 27 der

3143 3383 63 39 —
3232 3391 28 19 in
3287 3385 45 24 der
3357 3385 71 27 Nähe
3455 3390 47 22 voir
3530 3387 151 31 Faltenthal
3708 3389 190 32 ſtattgefunden
3927 3393 53 25 und
4007 3393 47 25 das

3141 3416 103 26 Sinken
3266 3417 46 26 des
3336 3418 92 25 Ewers
3451 3426 47 24 zur
3524 3419 78 38 Folge
3627 3421 91 31 gehabt
3744 3422 51 30 hat,
3837 3423 147 33 beſchäftigt
4007 3425 48 27 das

3143 3449 124 38 Seeamt,
3306 3450 57 26 Der
3389 3451 81 28 Ewer,
3493 3453 43 25 der
3563 3459 57 20 eine“
3648 3454 109 32 Ladung
3784 3455 81 27 leerer
3892 3456 88 32 Faffät
4007 3462 48 21 d3n

3143 3478 177 47 Brunabüttel
3330 3478 69 47 nach
3417 3484 99 37 Altona
3536 3485 109 32 bringen
3668 3487 79 31 ſollte?
3767 3487 96 32 ſichtere
3883 3490 40 24 bel
3944 3490 110 26 Brante-

3145 3514 58 38 neſe
3228 3514 50 38 das
3305 3515 68 31 Licht
3398 3521 77 21 eines
3501 3519 298 30 entgegenkommenden
3826 3522 151 30 Dampfecz
4003 3522 53 26 d

3143 3554 62 25 ging
3225 3548 63 36 über
3307 3548 79 32 Stag
3406 3550 104 37 worauf
3530 3551 42 25 der
3592 3552 133 30 Dampfer
3745 3544 144 47 Steuerbor
3894 3544 94 47 druder
4008 3556 49 31 gab

3145 3581 53 36 und
3219 3581 55 30 ſein
3293 3583 71 24 rotes
3384 3582 67 29 Licht
3472 3585 89 30 geigte.
3596 3584 116 32 Vlöslich
3733 3585 107 27 änderie
3863 3589 43 24 der
3925 3588 130 31 Samffer

3144 3613 88 31 ſeinen
3250 3614 80 37 Lurs,
3350 3615 55 37 lam
3425 3615 76 26 dirett
3520 3617 50 30 auf
3589 3618 50 25 den
3657 3618 76 26 Ewer
3806 3620 54 25 und
3880 3620 56 31 taf
3955 3620 44 30 ihn

3144 3646 185 37 Backbordſeite
3354 3647 67 26 beim
3448 3648 81 26 Want
3555 3649 27 31 fo
3607 3650 97 30 ſchwer,
3731 3651 51 31 dad
3807 3658 28 19 er
3862 3652 81 31 ſofort
3967 3655 88 24 unter.

3143 3678 67 64 —
3251 3680 52 25 Die
3328 3680 138 33 Beſatzung
3492 3683 91 24 rettete
3604 3682 44 32 ſich
3674 3683 37 25 im
3736 3684 112 31 eigenen
3871 3686 91 25 Boole.
4005 3686 51 26 Die

3146 3725 9 17 d
3175 3712 141 58 ——
3354 3713 148 37 Dampfers.
3524 3715 127 31 Sercules
3673 3716 65 30 ſtellt
3756 3717 52 26 den
3830 3718 122 32 Sergang
3975 3720 80 24 etwas

3142 3746 99 35 anders
3291 3752 19 31 dar.
3343 3745 50 27 Sie
3410 3746 62 38 bahe
3489 3747 43 25 ein
3549 3748 98 25 kleines
3663 3748 82 64 ———
3901 3753 52 25 und
3969 3752 85 31 gleich⸗

3143 3779 80 30 zeitiß
3239 3773 72 48 zwei
3311 3773 80 48 Ewer
3410 3779 113 38 geſichtet
3541 3782 54 24 und
3611 3781 116 32 zunächjt
3743 3782 48 26 den
3810 3783 109 32 Berfuch
3936 3785 117 31 Semach

3144 3815 51 21 don
3210 3812 55 24 dem.
3285 3811 162 37 Fiſcherewer
3468 3812 215 33 freisukommen;
3703 3814 99 31 vierbei
3822 3816 33 30 ſei
3876 3816 32 31 fie
3930 3817 50 25 mit
3999 3816 54 26 &m

3145 3843 75 37 Ewer
3244 3844 96 25 Glotia
3365 3851 28 18 in
3414 3844 124 32 Kolliſion
3562 3849 118 28 geraten.
3705 3847 60 26 weil
3792 3848 81 31 dieſer
3896 3849 65 25 uber
3986 3849 66 31 Stac

3145 3883 69 34 ging.
3249 3877 60 26 Das
3329 3877 113 26 Seeamt
3460 3878 137 26 verkünden
3620 3880 60 29 nach
3700 3880 185 31 Vernehmung
3905 3878 149 35 zablreiche

3145 3909 102 31 Zengen,
3273 3909 138 32 folgenden
3433 3910 115 31 Spruch:
3568 3912 72 36 Am
3662 3914 40 25 22.
3727 3912 110 27 Ottober
3861 3916 63 24 inr
3951 3916 43 27 hat
4017 3915 38 25 bei

3144 3942 150 31 Falkenthal
3319 3943 49 30 auf
3393 3944 43 24 der
3462 3944 63 25 Elbe
3552 3951 44 18 ein
3613 3945 216 32 Zuſammenſtoß
3855 3947 119 31 zwiſchen
4000 3947 55 25 dem

3143 3975 183 31 ausgebenden
3352 3976 131 37 Dampfer,
3510 3977 125 31 Serculen
3663 3979 56 26 und
3742 3979 60 25 dein
3828 3980 131 30 aufwärts
3986 3979 68 26 kren-

3145 4009 98 30 zenden
3266 4008 74 26 Ewer
3365 4009 95 26 Gloria
3487 4009 202 32 ſtattgefunden,
3716 4011 75 29 durch
3815 4012 48 25 den
3891 4014 44 24 der
3960 4011 95 32 letztere

3747 5220 96 53 3*

3745 5304 101 52 400

3201 5424 31 14 —
3339 5425 25 12 M—

3177 5432 10 10 D
3403 5427 36 40 ̃ir
3803 5444 16 18 3

3692 4601 37 16 ——
3799 4603 29 13 —

429 4626 434 131 Roben
946 4633 264 123 und
1295 4633 566 159 coupons
1917 4672 133 85 in
2123 4634 369 124 Moll-
2577 4633 261 124 und
2919 4633 922 125 Seidenstoffen

250 4772 45 68 .
1751 4804 160 34 Samtlich
1937 4807 32 31 in
1991 4806 178 41 eleganten
2192 4804 144 35 Kartons
2359 4805 164 42 verpackt.
3960 4784 31 68 .

229 4859 52 94 i
1013 4864 122 66 Eir
1180 4864 275 66 Leider.
2828 4862 123 67 Eür
2995 4863 262 67 Blusen.
3964 4855 73 99 —

229 4955 69 95 —
431 4958 296 90 Hauskleid:
981 4995 18 27 s
1018 4994 90 28 Meter
1125 4994 152 34 Wollstolt,
1296 4995 117 35 dodbolt
1431 4995 177 27 breit...
1637 4997 34 24 4
1838 4971 7 48 .
1940 4971 96 53 5obe
2140 4973 408 68 Hausbluse:
2623 4995 124 27 uetlι
2764 4994 152 31 molstoſt
2934 4999 164 29 aomuster.
3116 4995 115 34 doppot
3248 4994 262 29 brett...
3532 4998 33 25 4
3608 4971 92 52 1200
3748 4971 97 52 220

252 5057 59 70 ne
432 5045 392 56 Strassendeid:
977 5078 19 26 3
1014 5078 89 28 Meter
1122 5078 152 32 Wollstoll,
1293 5078 116 35 doppelt
1429 5079 185 27 broit......
1752 5054 95 51 G75
1942 5055 73 52 Se
2240 5057 308 51 Hausbluse:
2625 5079 123 26 ueter
2767 5078 152 31 vloRꝛtt
2936 5051 86 71 eimlot
3025 5051 64 71 bin-
3100 5078 115 35 doppolt
3232 5078 276 28 preit.
3602 5055 99 51 200
3746 5055 97 52 320

433 5127 523 60 Gesellschaftskleid:
981 5161 18 26 ,
1018 5162 89 27 uι
1125 5161 152 32 wolston,
1295 5162 117 35 aoppei
1429 5162 187 28 hrt
1751 5137 94 52 750
1940 5138 97 52 95
2235 5140 355 52 Waschbluse:
2626 5162 51 33 2u,
2695 5161 88 27 Moter
2802 5162 174 27 varehatoti...
3603 5138 97 52 2223
3747 5139 96 38 220

3969 5236 19 166 VeVVCCOC.

3983 5411 11 11 *
3974 5205 37 10 .—
3978 4986 22 67 —

4015 5353 14 31 u
4013 5226 8 59 —

3256 5480 37 12 —
3352 5477 87 31 —
3420 5467 39 45 —

4223 5579 18 72 J—

4215 6081 56 40 J—

4261 791 8 86 —
4256 705 14 76 —

4242 2039 16 16 .—
4245 1799 14 39 —
