2274 3565
127 114 87 28 geſchuͤtzt
230 115 57 26 durch
305 117 25 20 13
344 115 48 28 Fuß
407 116 60 23 breite
483 117 40 21 und
554 110 10 37 20
577 112 53 45 Zuß
650 117 45 26 tiefe
714 117 88 25 Gräben,

128 144 74 27 Eggen.
219 144 150 27 Wolisgruben.
380 145 117 27 Drahtnetze
509 145 46 25 uſw.
587 146 47 22 Seit
646 147 43 21 dem
703 147 30 21 17.
743 147 60 25 April

128 174 131 25 unterhielten
276 175 27 20 94
320 175 228 26 Belagerungsgeſchütze
565 175 30 22 ein
612 176 190 26 ununterbrochenes

128 203 170 22 Bombardement
315 203 33 23 auf
368 204 30 21 die
418 204 166 27 Feitungswerke,
601 205 30 21 die
652 206 46 20 aber
722 206 81 25 dadurch

129 232 43 25 doch
189 232 48 25 nicht
254 232 19 26 ſo
291 233 153 26 mitgenommen
461 234 87 23 wurden,
565 233 38 26 daß
619 233 32 26 für
670 234 30 21 die
721 234 82 22 Sturm—

128 260 96 23 kolonnen
241 262 31 21 die
290 261 121 27 ſchwierigite
428 262 69 22 Arbeit
513 262 78 26 fortfiel.

188 295 60 27 Sechs
266 296 172 22 Sturmkolonnen
453 303 66 16 waren
541 297 19 21 in
581 298 36 21 den
633 298 125 27 Laufgräben
775 304 29 21 ge—

130 326 60 21 bildet
207 326 86 23 worden,
309 326 30 21 die
363 332 66 19 wegen
453 326 34 22 des
502 326 98 22 Terrainz
617 333 37 15 nur
671 327 19 21 in
707 327 98 27 Zugfrönt

129 355 96 25 vorgehen
239 354 90 22 lonnten.
362 356 21 19 11
398 355 114 22 Bataillone
524 355 123 25 Jnfanterie,
659 356 90 27 begleſtel
765 361 38 17 von

129 384 13 20 8
153 382 140 26 Kompaanien
306 384 115 24 Pionteren,
434 385 65 25 welche
515 385 30 21 die
558 384 125 27 Hinderniſſe
700 385 105 26 beſeitigen

130 415 40 18 und
187 413 29 20 die
229 411 87 28 Furchen
333 413 35 21 mit
379 413 132 26 Heubündeln
528 415 39 20 und
584 413 105 28 Faſchinen
705 414 100 25 ausfülien

129 440 76 26 ſollten,
222 441 57 25 jowie
296 447 37 16 non
350 442 265 27 Artillerie,Abteilungen.
632 436 78 38 welche
710 436 41 38 die
768 443 38 23 Ge⸗

130 470 64 26 ſchütze
211 471 19 21 in
249 473 35 19 den
303 470 101 28 Schanzen
421 472 133 25 unbrauchbar
570 477 24 22 zu
610 472 76 26 machen
710 472 96 25 beſtimmt

130 505 73 18 waren,
220 501 66 23 hatten
304 501 29 19 die
349 499 77 26 ſchwere
443 500 68 21 Arbeit
527 506 23 21 zu
568 500 72 24 leiſten.
670 501 78 27 Zugute
765 501 40 22 kam

132 530 65 22 ihnen.
214 528 38 26 daß
269 529 29 20 die
310 528 73 22 Daͤnen
400 535 25 15 an
442 535 56 15 einen
512 529 164 28 Sturm⸗Angriff
692 530 29 21 bei
738 531 68 24 hellem

130 558 54 24 Tage
201 558 47 25 nicht
266 559 85 24 glauben
368 558 77 21 wollten
462 559 39 20 und
518 559 59 24 daher
593 558 53 25 meiſt
663 559 35 21 mit
710 558 96 27 Ablochen

132 586 107 26 beichäftiat
263 593 73 17 waren,
360 589 31 19 als
415 588 32 20 der
463 587 56 27 Tauz
543 590 82 24 begann,
649 589 40 20 und
714 587 38 27 daß
776 588 29 21 die

132 616 113 24 feindlichen
256 615 97 27 Geſchütze
370 622 23 21 zu
410 616 43 27 kurz
469 617 87 26 gerichtet
574 619 85 19 wurden.
691 617 43 22 Vor
750 618 56 20 allem

131 645 60 24 nützte
208 646 45 20 aber
277 646 30 20 die
331 645 35 21 mit
391 645 100 26 koloffaler
508 645 136 28 Schnelligkeit
662 646 145 27 durchgefuͤhrie

132 674 138 26 Erſtürmung.

189 708 67 26 Bunkt
280 710 47 26 zehn
344 709 40 24 Uhr
408 709 120 27 votmittags
551 716 33 15 am
610 710 30 21 18.
657 710 59 26 April
732 710 75 27 ſchwieg

132 738 33 21 der
181 737 177 22 Kanonendonner
381 738 34 24 auf
439 738 93 26 deutſcher
548 738 59 23 Seite
631 740 40 20 und
695 739 27 21 im
746 739 61 25 ſelben

133 766 116 28 Augenblick
272 767 78 25 brachen
375 767 28 21 die
429 767 171 22 Sturmlolonnen
627 768 36 21 mit
689 767 117 26 flatternden

133 795 89 28 Fannen,
240 796 127 25 brauſendem
383 796 74 26 Hurra,
474 797 125 25 dröhnenden
622 796 117 23 Trommeln
764 803 44 21 zum

133 825 80 27 Angriff
228 830 42 17 vor.
309 825 90 27 Zumleich
421 825 81 25 ſpielten
526 826 26 21 im
576 826 80 27 zweiten
682 826 124 27 Laufgraben

133 854 42 22 vier
201 854 185 27 brandenburgiſche
410 849 117 36 Jnfanterie
549 849 114 36 Kapellen
677 857 57 20 unter'
766 857 41 20 dem

134 883 150 24 Muſildirekior
296 883 66 27 Piefke
374 885 35 20 den
422 888 38 17 von
477 883 70 27 diejem
564 884 32 23 für
612 885 35 20 den
660 884 148 27 denkwürdigen

134 912 42 27 Tag
193 912 146 26 komponierten
356 912 154 27 Sturmmarſch.
540 912 58 26 Ohne
610 913 125 26 Auienthalt,
751 916 57 19 unter

134 941 64 22 einem
213 942 80 25 wahren
309 941 127 26 Höllenjeuer
458 946 39 17 von
514 941 111 27 Geſchützen
641 943 41 20 und
698 942 109 26 Gewehren

134 970 46 27 ging
197 976 21 16 es
234 970 20 22 in
270 972 43 20 dem
325 970 159 26 wunderſchönen
497 970 193 28 Fruͤhlingsmorgen
702 972 106 23 vorwärts,

135 999 75 28 ſtützte,
227 1005 43 16 was
287 999 74 28 ftürzte.
393 999 66 26 Schon
483 1000 43 25 fünf
543 1000 96 22 Minnten
663 1000 45 26 nach
729 1001 25 20 16
769 1000 40 26 Uhr

135 1029 61 25 wehie
212 1028 33 26 auf
262 1028 89 28 Schanze
376 1030 9 19 1
411 1029 30 21 die
464 1028 46 26 erſte
534 1028 83 27 deutſche
633 1028 68 28 Fahne
725 1031 41 20 und
790 1030 18 21 in

135 1060 50 19 etwa
196 1058 72 26 vierzig
278 1058 97 21 Minuten
385 1064 65 16 waren
462 1058 30 21 die
503 1058 47 27 zehn
560 1057 101 28 Schanzen
674 1058 20 22 in
705 1058 104 26 deutſchem

135 1086 64 27 Befitz.
239 1087 170 25 Verſchiedentlich
435 1087 84 25 machten.
544 1087 84 27 däniſche
653 1087 95 28 Offiziere
774 1088 35 21 den

136 1115 88 27 Verſuch.
236 1116 29 21 die
278 1115 176 23 Vulverkammern
472 1116 19 21 in
508 1116 30 22 die
550 1116 46 26 Luft
612 1122 23 22 zu
651 1116 102 28 ſprengen,
766 1116 44 26 doch

137 1144 68 22 konnte
221 1145 36 21 das
273 1144 106 27 Vorhaben
396 1145 112 26 verhindert
523 1146 84 21 werden.

192 1179 31 28 Zu
240 1180 63 21 einem
320 1180 103 22 wutenden
440 1180 78 27 Ringen
530 1180 67 22 Mann
615 1186 59 21 gegen
686 1180 67 22 Mann
771 1180 39 22 lam

137 1211 21 19 es
173 1209 117 25 namentlich
306 1208 19 22 in
342 1210 36 21 den
395 1208 103 28 Schanzen
520 1209 47 27 zwei
591 1210 40 21 und
654 1209 48 24 vier,
720 1209 29 22 die
772 1214 38 17 von

138 1238 43 22 dem
197 1237 100 23 Leutnant
312 1237 63 23 Anker
392 1237 48 27 reip.
456 1243 40 17 von
512 1238 42 22 dem
566 1238 88 26 Kapitan
666 1238 100 27 Sundbne
783 1240 28 20 be⸗

138 1267 68 27 fehligt
231 1268 88 21 wurden.
363 1267 43 22 Der
432 1267 122 26 Durchbruch
582 1267 33 22 der
640 1267 115 26 Palliſaden
783 1268 27 21 bei

137 1295 88 28 Schanze
241 1296 48 27 zwei
306 1302 40 16 war
356 1295 67 26 ſchwer
434 1302 23 21 zu
469 1296 134 28 ermoͤglichen,
615 1298 39 20 und
665 1296 20 26 ſo
697 1296 114 28 entzuͤndete

137 1326 33 21 der
186 1324 138 28 Unteroffzier
347 1325 114 22 Lademann
485 1330 39 17 von
547 1326 37 20 den
608 1325 73 22 dritten
700 1325 111 26 Piönieren

138 1353 56 23 einen
211 1353 49 23 Sack
275 1355 36 20 mit
327 1354 27 21 30
368 1354 71 27 Pfund
455 1354 84 27 Pulver,
555 1355 36 21 den
608 1355 33 21 der
656 1354 86 27 Pionier
755 1353 56 24 Kitto

138 1388 59 21 gegen
214 1383 29 22 die
260 1382 115 28 Pallijaden
392 1382 55 26 war'.
477 1383 40 23 Die
542 1383 67 22 beiden
632 1382 75 27 kuͤhnen
723 1383 89 23 Männer

139 1411 66 23 kamen
228 1411 37 23 mit
289 1413 42 20 dem
347 1412 63 22 Leben
435 1413 71 21 davon.
537 1412 138 28 Unteroffizier
690 1411 122 26 Lademann,

138 1441 33 22 der
186 1442 32 20 als
235 1441 155 27 Generalmajor
406 1442 40 21 und
462 1441 133 22 Gonverneur
610 1446 39 17 von
660 1440 81 25 Kuͤſtrin
759 1442 54 21 1808

138 1471 35 21 den
190 1469 90 27 Abichied
297 1472 66 22 nahm!
380 1471 38 21 lebt
435 1471 55 25 heute
506 1470 51 26 noch,
574 1470 92 26 während
683 1470 30 22 ein
730 1471 82 22 anderer

138 1499 92 26 Vionier,
239 1502 87 19 uamens
336 1499 75 24 Klinke,
424 1500 35 21 das
470 1498 63 23 Leben
545 1499 99 27 einbüßie.
673 1499 44 23 Der
728 1499 84 26 däniſche

138 1528 100 22 Leutnant
254 1528 64 22 Anker
341 1528 66 27 mußte
432 1528 31 26 ſich
485 1530 88 25 ergeben,
589 1528 68 26 erhielt
681 1529 46 22 aber
748 1528 64 27 ſeinen

138 1557 70 26 Degen
223 1556 72 29 zuruck.
325 1557 40 23 Die
380 1556 117 27 Kampfwut
512 1563 41 17 war
569 1557 34 26 auf
620 1557 67 22 beiden
704 1557 73 23 Seiten
794 1557 18 26 ſo

139 1585 54 29 groß.
217 1585 39 27 daß
279 1586 29 22 die
325 1586 80 27 Gegner
428 1586 44 27 noch
495 1586 34 26 auf
552 1588 33 20 der
608 1586 51 23 Erde
682 1586 131 23 miteinander

139 1621 73 22 tangen
229 1616 40 21 und
286 1615 32 27 ſich
334 1616 30 21 die
380 1615 78 28 Waffen
475 1615 20 22 in
512 1616 36 22 den
563 1615 47 23 Leib
627 1616 87 26 bohrten.

195 1649 123 29 Jnzwiſchen
341 1656 41 16 war
406 1653 22 20 es
450 1651 37 22 den
506 1650 97 26 deutſchen
620 1650 192 24 Strand⸗Batterien

140 1681 104 25 gelungen,
268 1680 36 21 den
322 1679 62 27 Rolf
399 1679 74 23 Krake?
497 1685 45 22 zum
557 1679 97 28 Rückzuge
678 1685 23 22 zu
717 1679 96 28 zwingen,

140 1709 85 27 dagegen
241 1708 72 27 machte
325 1708 32 27 ſich
369 1709 36 22 das
417 1708 85 28 daͤniſche
512 1708 142 27 Geſchützſeuer
664 1713 47 18 vom
722 1708 91 23 Bruͤcken
802 1703 13 37 .

140 1737 42 33 lopf
198 1738 41 21 und
254 1741 40 18 von
311 1738 32 22 der
358 1737 59 27 Jnſel
433 1737 59 27 Alſen
509 1738 32 26 her,
556 1737 123 28 empfindlich,
698 1738 115 26 bemerklich.

203 1767 97 14 4.
401 1772 18 8 3.
647 1766 42 16 6

126 1762 59 50 ſtiet
205 1768 73 41 ——
319 1788 66 17 —
409 1772 61 34 —
474 1769 16 47 —
489 1773 52 39 28
562 1769 144 46 fſarbnoff
722 1787 40 21 und
779 1786 36 23 mit

139 1810 103 29 Feſtigleit
258 1813 46 24 nach
320 1812 33 22 der
369 1812 127 27 Schiffbruͤcks
511 1813 70 28 juruck.
605 1814 43 26 doch
668 1814 81 28 erolgie
765 1821 49 17 nun.

140 1842 53 24 mehr
216 1844 39 18 von
279 1841 32 21 der
327 1840 58 27 Jnſel
401 1841 59 28 Alſen
485 1843 32 25 her
540 1843 31 22 ein
595 1843 115 27 energiſcher
728 1843 87 28 Vorſtoß

141 1869 32 22 der
188 1869 138 27 Hauptmacht.
351 1871 35 21 den
405 1870 89 23 Generai
509 1875 39 19 von
564 1871 102 25 Manſtein
691 1872 36 23 mit
750 1873 63 22 einem̃

140 1898 128 27 allgemeinen
286 1899 122 22 Avancieren
426 1901 145 22 beantwortete.
601 1901 43 23 Der
662 1900 64 28 Feind
748 1903 66 21 wurde

141 1927 114 28 geſchlagen,
279 1929 46 21 aber
344 1930 21 20 es
381 1934 42 17 war
439 1928 45 26 tlat,
506 1929 39 27 daß
568 1930 48 26 ohne
640 1931 37 21 den
700 1930 58 28 Beſitz
780 1932 34 22 des

140 1955 153 28 Brückentopfes
309 1957 32 22 der
358 1957 51 28 Sieg
433 1964 38 16 nur
489 1958 31 22 ein
541 1959 65 26 halber
626 1965 48 18 war.
697 1960 44 22 wen
757 1961 58 22 unter

141 1986 43 21 dem
200 1985 142 27 Geſchuͤtzieuer
358 1986 60 23 dieſer
434 1986 95 29 Stellung
553 1987 30 23 die
599 1987 102 29 Schanzen
724 1988 49 27 nicht
789 1995 24 23 zu

141 2015 65 25 halten
223 2021 73 16 waren.
326 2015 43 22 Mit
381 2015 54 23 einer
445 2016 56 26 durch
512 2016 30 22 die
553 2017 111 27 bisherigen
676 2017 81 28 Erfolge
768 2019 45 24 nach

140 2042 126 28 geſteigerten
283 2044 94 22 Bravour
400 2044 74 26 warfen
498 2045 32 27 ſich
546 2046 30 22 die
591 2046 166 27 Düppelflaͤrmer
780 2047 34 27 auf

141 2072 48 25 dieje
202 2074 49 25 letzte
263 2072 85 27 däniſche
357 2073 96 28 Stellung
465 2074 35 26 auf
511 2077 42 20 dem
565 2074 249 28 ſchleswig⸗holfteiniſchen

140 2101 92 28 Feſtland
256 2102 41 22 und
314 2102 86 27 beſetzten
417 2102 24 27 ſie'
464 2105 44 24 trot
532 2104 34 22 des
590 2104 131 28 hartnäͤckigen
737 2105 73 23 Wider.

141 2130 83 26 ftandes.
256 2130 38 23 Um
317 2131 47 27 zwel
389 2131 41 26 Uhr
452 2132 130 28 nachmittags
605 2139 65 17 waren
695 2134 30 22 die
740 2134 74 23 Daͤnen

141 2159 43 26 nach
195 2159 59 24 Alſen
266 2160 116 22 vertrieben.
412 2160 40 23 Die
463 2161 113 26 Einnahme
590 2162 59 27 dieſer
659 2162 60 27 Jnſel
731 2163 81 28 erſoigie

140 2188 35 26 erſt
198 2188 46 27 zwei
268 2189 87 22 Monate
378 2189 70 27 ſpater,
471 2191 24 21 da
511 2190 33 26 ſich
566 2197 25 16 an
615 2192 36 21 den
670 2192 144 27 Düppelſturm

141 2217 29 22 die
192 2217 219 29 Friedens⸗Konferenz
435 2223 38 18 von
496 2220 83 22 London
602 2220 95 27 anſchloß.
721 2221 29 22 die
773 2226 41 18 ver.

140 2246 69 27 geblich
225 2246 57 23 blieb.

195 2281 43 22 Der
249 2281 109 27 preußiſche
369 2282 79 25 Verluſt
460 2285 67 26 vetrug
541 2284 24 21 17
576 2283 102 29 Offiziere,
693 2285 42 21 216
746 2285 67 22 Mann

141 2311 34 23 tot.
199 2311 25 20 4
240 2310 103 27 Offizlere.
365 2311 40 21 881
427 2311 67 23 Mann
518 2314 121 21 derwundet.
677 2313 41 23 Die
741 2314 72 23 Daͤnen

140 2339 66 24 hatten
229 2340 41 21 500
289 2340 56 24 Tote,
371 2340 55 21 1400
441 2340 138 26 Verwundete,
603 2343 86 24 mehrere
712 2342 102 27 Taufende

140 2368 121 27 Gekangene,
286 2369 56 22 einen
359 2369 156 26 Geſamtverluſt
538 2375 39 18 von
597 2371 55 22 5250
669 2371 75 23 Mann.
775 2372 39 23 Un.

139 2398 100 21 mittelbar
255 2398 45 26 nach
317 2398 42 22 dem.
375 2398 133 28 Schlachttage
525 2399 41 23 kam
582 2399 65 29 König
663 2400 94 27 Wilhelm
778 2401 36 23 mit

139 2426 99 22 Bismarck
254 2431 38 17 von
309 2426 71 23 Berlin
404 2428 45 26 nach
464 2428 88 27 Duͤppel,
577 2435 33 16 um
631 2429 65 27 ſeinen
713 2430 101 23 Soldaten

140 2455 31 25 für
181 2457 39 23 ihre
230 2455 111 27 Tapferleit
351 2462 24 21 zu
385 2456 79 25 danteg,
477 2457 29 22 die
519 2457 20 22 in
551 2458 33 22 der
595 2464 74 22 ganzen
680 2459 133 27 europäiſchen

140 2483 66 28 Rreſſe
223 2485 90 26 geruͤhmt
330 2486 72 21 wuͤrde.
434 2486 52 22 Man
499 2488 51 24 hatte
566 2491 38 18 von
618 2490 31 19 der
665 2494 37 16 neu
714 2488 100 27 rorgani.

139 2513 66 26 ſierten
222 2513 72 22 Armee
309 2513 66 28 König
392 2514 106 26 Wilhelms
514 2516 63 26 wenig
593 2518 97 22 erwartet,
710 2516 54 27 umſo
785 2518 29 22 de-

139 2542 123 27 zwingender
274 2549 42 16 war
325 2543 48 27 dieſe
383 2543 158 29 Glanzleiftung,
554 2546 29 21 die
593 2546 48 25 ohne
651 2546 36 22 den
697 2547 116 26 gewaltigen

139 2571 105 27 Ungeſtüm
266 2572 35 22 des
317 2571 99 24 Sturmes
439 2573 38 22 diel,
501 2573 97 27 ſchwerere
614 2574 90 25 Verluſt?
728 2576 85 26 gebracht

140 2600 57 25 haͤtie.
223 2601 30 26 Zu
266 2602 33 21 der
311 2603 61 22 hohen
385 2601 130 27 perſönlichen
527 2603 111 26 Tapferkeit
649 2603 41 23 kam
703 2603 30 23 die
744 2604 70 23 Ueber.

140 2630 93 26 legenheit
251 2631 32 21 der,
300 2630 85 26 Waffen,
408 2631 33 22 der
457 2637 63 16 neuen
544 2632 127 27 Drenſeſchen
688 2633 126 27 Zuͤndnadel⸗

140 2660 90 25 gewehre,
248 2659 29 22 bei
290 2659 35 22 den
337 2659 96 27 Preußen
446 2660 19 22 in
479 2660 69 25 dieſem
560 2660 105 28 Feldzuge.
696 2662 116 27 Beſchlagen

140 2688 59 22 haben
223 2687 32 26 ſich
272 2688 86 27 indeſſen
382 2689 45 26 auͤch
444 2689 29 22 die
489 2690 81 24 Dänen!
595 2691 35 21 wie
649 2690 53 26 ſchon
719 2691 93 25 erwahnt,

139 2716 121 27 vormefflich.
292 2717 29 23 Es
345 2717 90 27 herrſchie
459 2718 109 27 uͤberhaupt
591 2719 52 21 1864
667 2720 42 22 cine
726 2720 48 24 nicht
790 2727 24 22 zu

139 2745 130 23 verlennende
281 2745 237 28 Kameradſchaftlichkeit
535 2749 40 21 und
588 2749 58 21 vevor
657 2752 22 18 es
691 2749 29 22 bei
731 2749 81 27 Duͤppel

139 2774 49 25 eruſt
204 2776 73 23 wurde,
301 2775 111 27 verlehrien
431 2776 29 22 die
477 2776 79 28 Gegner
580 2777 33 25 auf
630 2777 110 28 Vorpoſten
764 2785 50 21 gaͤnz

139 2803 99 27 gemütlich
255 2804 139 23 miteinander.

178 2885 118 37 Lokale
321 2887 69 36 und
415 2887 360 45 Kreis⸗Nachrichten.

139 2936 127 24 Mitteilungen
278 2938 70 22 unſerer
357 2939 50 21 Lefer
417 2939 43 18 über
470 2939 111 21 intereſſante
590 2939 138 23 orkommniſſe
738 2940 35 22 ſind
785 2941 27 18 der

307 2961 139 23 Schriftleitung
460 2962 41 21 ſtete
514 2963 130 18 willtommen.

464 2997 108 22 ſtoſchmin,
586 2998 32 17 den
633 2999 24 17 14.
671 2998 53 21 April
742 2998 48 19 1914.

195 3038 24 26 N.
243 3037 40 24 Die
307 3037 417 30 Frühjanrs⸗Aontrollverjammlungen
746 3039 66 27 finden

139 3065 25 22 im
191 3066 79 27 hieſigen
294 3067 68 25 Kreiſe
387 3070 39 19 und
451 3067 61 27 deijen
538 3068 70 25 nähere
632 3068 115 28 Umgebung
776 3068 35 23 wie

140 3095 47 26 folgt
205 3095 52 26 ſtaut:
273 3096 31 25 Jn
320 3091 44 37 Di.
368 3096 109 26 Koſchmin,
494 3097 138 27 Donnerstag,
649 3098 36 21 den
705 3099 33 20 28.
754 3097 58 27 April

138 3124 70 22 Vorm.
223 3124 32 19 os
271 3125 47 26 Uihr,
335 3126 19 21 in
371 3126 111 27 Dobrznca.
500 3126 138 27 Donnerstaq,
656 3127 35 21 den
707 3127 33 21 23.
750 3127 58 25 April

138 3152 32 22 Aan.
186 3153 39 25 Uhr
241 3154 86 25 Nachin.,
353 3155 19 21 in
390 3155 119 23 Kroinolice,
534 3155 87 27 Freilag“
646 3156 35 21 den
704 3156 33 21 24.
754 3155 58 28 April

137 3182 14 20 8.
175 3182 39 24 Uhr
238 3184 77 23 Vorm.,
342 3184 18 21 in
386 3184 119 27 Pogorzela,
529 3184 90 27 Freitag,
642 3185 35 21 den
701 3185 32 21 24.
753 3184 59 27 April

138 3211 78 25 Nachm.
233 3213 12 19 2
261 3212 47 25 Uhr,
333 3213 19 21 in
368 3213 110 25 Koſchmin,
495 3213 133 24 Sonnabend,
648 3214 36 21 den
704 3214 33 21 26.
753 3214 58 26 April

137 3240 71 23 Vorm.
224 3240 32 21 750.
273 3242 45 23 Uhr,
336 3242 28 21 die
382 3242 151 26 Mannſchaften
550 3243 33 21 der
598 3242 110 26 Landwehr
727 3243 15 21 J.
759 3243 48 26 Auf⸗

138 3271 69 25 gebots
227 3270 72 25 einichl.
315 3271 165 27 Halbinvaliden,
504 3271 57 27 zeitig
585 3271 161 27 Ganzinvaliden
772 3273 39 21 und

136 3298 245 29 Garuiſondienitfaͤhigen
399 3302 40 20 und
456 3300 30 22 die
508 3300 150 26 Mauͤnſchaften
684 3302 32 20 der
739 3301 70 27 Erſatz

136 3328 81 26 reſerve,
230 3328 57 26 geübt
303 3330 38 21 und
359 3329 48 25 nicht
425 3329 56 27 geübt
499 3330 107 24 habenden,
618 3329 73 27 einſchl.
702 3330 108 26 Garniſoü.

137 3357 149 26 dienſtfähigen,
312 3358 18 21 in
353 3358 109 26 Koſchmin,
487 3359 133 24 Sonnabend,
644 3359 36 21 den
704 3359 32 22 25.
753 3359 58 27 April

136 3386 71 23 Vorm.
226 3386 45 21 1050
287 3387 46 25 Unr,
350 3388 29 22 die
400 3388 150 25 Mannſchaften
576 3389 32 20 der
631 3387 84 28 Reſerve
738 3388 72 26 einſchl.

136 3415 158 29 Halbinvaliden
328 3418 38 21 und
398 3416 252 29 Garniſondienſtfähigen,
689 3417 30 22 die
752 3417 57 29 zeitig

839 118 163 28 Ganzinvaliden
1028 118 40 23 und
1093 118 58 29 zeitig
1172 118 231 29 Felddienſtunfähigen.
1427 119 30 23 die
1479 125 37 22 zur

838 147 128 27 Dispoſition
987 148 33 22 der
1041 147 144 27 Truppenleile
1209 148 128 22 veurlaubten
1360 149 41 21 and
1427 148 30 22 die
1479 154 36 22 Jur

838 176 128 26 Disvoſtion
982 177 33 21 der
1030 176 163 28 Erſatzdehörden
1212 177 121 27 entlaſſenen
1355 177 158 27 Mannſchaften.

838 205 21 22 in
874 206 100 22 Cielmite.
994 206 133 24 Sonnabend,
1148 207 36 21 den
1207 206 32 22 25.
1256 206 66 26 April.
1340 206 80 26 Nachm.
1436 207 13 21 4
1464 206 48 27 Uhr.

841 234 68 27 Außer
925 235 20 22 in
962 234 109 26 Koſchmin,
1083 235 62 25 haben
1157 235 32 26 ſich
1200 235 46 25 ſtets
1258 235 95 27 ſämtliche
1364 235 151 27 Mannſchafien

841 270 24 21 zu
882 264 95 27 geſtellen.
1008 263 111 27 Beſondere
1136 264 175 28 Aufforderungen
1326 264 88 28 erfolgen
1430 264 55 27 nichi.

897 298 170 27 NReittarnier
1072 298 100 27 nãbhrem
1180 300 36 22 der
1220 298 148 25 Birntanmer
1372 299 144 28 Anutelang.

841 327 132 28 Gelegenuich
989 329 33 20 der
1038 328 221 26 Landwirtſchafuichen
1275 328 129 28 Ausſtellung
1420 334 24 22 zu
1456 328 61 23 Birn-

842 358 65 23 baum,
924 358 29 21 die
965 363 32 16 am
1013 356 201 28 Himmelfahrtstage
1229 357 57 26 ihren
1301 357 82 27 Anfang
1399 358 79 23 nimmt,
1494 356 23 27 iſt

841 386 44 25 auch
907 386 30 22 ein
957 386 87 23 Turnier
1065 386 94 26 deutſcher
1177 386 74 26 Pferde
1274 386 123 27 vorgeſehen.
1422 386 38 27 daß
1483 386 31 22 ein

840 414 255 29 Hauptanziehungspunkt
1100 415 32 25 fuͤr
1141 419 35 18 den
1182 415 159 28 Eroffnungsfag
1352 416 32 21 der
1389 415 127 28 Ausffellung

842 444 65 22 hilden
923 444 56 22 wird.
1009 444 44 28 Für
1069 444 67 26 unſere
1152 444 91 28 Brovinz
1259 444 64 27 Polen
1343 445 89 21 bedeutet
1455 444 62 27 dieſes

841 473 88 22 Turnier
945 475 63 20 etwas
1027 473 129 22 vollkommen
1178 479 68 18 neues,
1263 473 65 22 indem
1353 474 30 21 die
1406 473 66 26 biszher
1496 473 20 22 in

842 502 65 25 Boſen
932 503 41 21 und
1003 504 85 20 anderen
1116 502 89 22 Staͤdten
1230 503 141 26 abgehaltenen
1398 502 56 22 Reit⸗
1476 502 41 22 und

843 531 222 26 Springkonkurrenzen
1075 533 44 25 trotz
1131 531 49 25 nicht
1188 531 170 27 abzulengnender
1369 531 146 28 Bevorzugung

842 560 78 24 unſerer
935 559 208 29 Landespferdezugt.
1167 560 106 26 immerhin
1291 560 155 22 internationalẽ
1468 559 50 23 Ber-

842 588 138 27 anſtaltungen
1000 595 72 16 waren.
1106 589 47 23 Das
1176 589 87 23 Turnier
1287 595 23 22 zu
1335 589 121 24 Birnbaum.
1479 588 39 27 dab

842 623 45 17 vom
906 618 157 25 Reichsverband
1083 618 32 25 füt
1138 618 107 26 Deutiches
1268 618 96 27 Halbblut
1388 618 129 26 veranſtalte

843 648 56 23 wird,
915 647 22 26 iſt
960 647 63 27 jedoch
1046 646 143 27 ausſchliezlich
1212 649 33 20 der
1268 647 97 26 deutſchen
1389 647 59 28 Zucht
1470 652 45 17 vor⸗

844 677 94 24 behalten.
969 676 30 23 Es
1015 676 41 24 ſind
1068 676 20 22 in
1101 677 36 21 den
1148 676 80 24 meiſten
1239 676 121 27 Prüfungen
1372 675 144 27 Soͤnderyreiſe

843 705 31 25 für
889 704 82 29 Zuchter
993 706 41 21 und
1050 704 79 28 Beſitzer
1151 706 35 21 des
1209 705 62 25 beſten
1290 705 119 27 VBofenſchen
1433 704 85 27 Pferdes

843 734 122 27 vorgeſehen.
995 734 118 27 Hoffentlich
1128 734 49 22 wird
1194 734 30 22 die
1238 733 158 29 Beranſtaltung
1411 734 45 27 auch
1471 738 48 18 von
1505 729 19 37 ⸗

843 763 59 27 ſeiten
919 764 32 21 der
974 763 88 26 Poſener
1078 763 80 28 Zuͤchter
1181 764 40 21 und
1244 763 114 22 Landwitte
1381 762 134 27 eniprechend

844 792 109 27 unterſtuͤtzt
970 793 40 21 und
1026 791 81 27 beſchickt
1120 793 85 24 werden,
1221 792 25 22 da
1261 792 83 27 reichlich
1356 792 115 27 Geldpreiſe
1482 798 35 22 zur

844 821 119 27 Verteilung
979 822 103 27 gelangen.

901 857 24 25 X
941 855 151 26 Ausſtreichen,
1114 856 53 26 nicht
1190 855 108 24 radieren!
1327 856 30 23 Es
1379 855 68 29 ſcheint,
1471 855 48 26 nicht

844 885 80 22 bekannt
940 891 24 21 zu
980 885 47 26 ſein,
1048 884 39 27 daß
1109 885 35 25 auf
1167 884 156 28 Adreſſenſeiten
1347 886 34 21 der
1403 884 117 27 Boftlarten

845 914 55 25 nücht
915 914 73 22 radiert
1005 914 77 22 werden
1099 914 49 26 darf.
1178 914 51 23 Eine
1251 914 84 22 radierte
1351 913 101 27 Poſtkarte
1471 913 49 23 wird

845 943 81 26 naͤmlich
944 948 39 17 von
1011 944 32 21 der
1067 943 206 27 Weiterbeförderung
1297 942 158 28 ausgeſchloſſen,
1479 943 40 22 und

845 973 32 21 der
901 971 99 24 Adſender
1026 971 82 23 belannt
1132 972 28 25 iſt.
1185 971 70 27 diefem
1278 971 156 29 zuruͤcgegeben,
1465 971 53 23 Man

845 1001 43 25 darf
904 1001 33 26 auf
953 1000 116 27 Poſtlarten
1085 1001 68 23 Worte
1170 1000 155 28 „ausſtreichen?
1342 1001 47 22 aͤber
1404 1001 49 27 nicht
1468 1006 50 22 weg⸗

844 1030 97 22 radieren.

902 1065 25 26 NX
943 1063 135 29 Beichaflang
1093 1067 44 20 ven
1151 1062 80 28 Wafer
1252 1064 32 23 bei
1299 1063 222 28 Eifenbahuunfallen.

845 1093 37 23 Um
909 1094 28 21 vei
964 1093 95 27 größeren
1084 1093 204 27 Eiſenbahnunfällen
1311 1094 80 22 alsbald
1417 1093 102 28 genügend

846 1123 76 27 ftiſches
942 1122 77 28 Woffer
1041 1129 35 21 zut
1099 1122 66 23 Stelle
1190 1128 24 23 zu
1238 1124 70 25 haben,
1333 1121 41 27 ſind
1398 1123 55 26 duͤrch
1478 1122 43 22 eine

845 1151 118 28 Verfuͤgung
988 1153 33 21 der
1046 1151 132 28 Bromberger
1201 1151 209 27 Eiſenvahndirektion
1427 1151 94 27 ſamtliche

846 1180 111 23 Stationen
973 1180 121 28 angewieſen
1110 1181 87 24 worden,
1214 1186 57 17 wenn
1288 1181 20 22 in
1324 1180 63 27 ihrem
1401 1180 70 29 Bezirl
1489 1180 32 22 ein

846 1210 68 26 Unfall
929 1209 116 25 vorkommi.
1062 1211 33 21 der
1117 1216 35 21 our
1174 1209 149 27 Ueberfuührung
1347 1210 35 22 des
1403 1209 118 28 Hiifazuges

846 1238 68 27 Aniaß
929 1239 48 26 gibt,
993 1238 61 27 ſofort
1081 1244 24 17 zur
1121 1238 65 23 Stele
1203 1239 34 22 des
1253 1238 81 27 Unfalls
1352 1238 64 28 einigẽ
1433 1238 86 26 Botuche

847 1272 45 18 oder
908 1268 68 23 Eimer
992 1268 36 22 mit
1078 1244 45 50 tzan
1153 1267 75 28 Baffer
1244 1267 145 28 heranbringen
1412 1273 25 23 zu
1453 1267 67 28 laſſen.

846 1296 20 26 ſo
882 1296 38 27 daß
936 1297 33 22 der
984 1296 140 23 antommende
1133 1296 140 29 Reuungszug
1283 1297 43 22 dies
1335 1297 72 22 bereiis
1418 1296 103 28 vorfindet.

846 1326 30 25 Jn
903 1326 80 26 gleicher
1009 1325 65 27 Weiſe
1099 1327 61 25 haben
1191 1326 31 22 die
1247 1325 133 28 Bahnwärter
1407 1325 30 23 bei
1459 1325 63 23 einem

847 1354 94 28 groͤzeren
958 1354 79 26 Unfalle
1053 1355 21 22 in
1090 1355 62 26 ihrem
1175 1354 77 29 Bezirk,
1268 1354 66 28 ſodald
1359 1356 41 25 ihre
1423 1354 96 28 ſonſtigen

848 1384 120 27 dienſtlichen
992 1383 166 28 Obliegenheiten
1181 1384 59 26 ihnen
1263 1384 44 22 dies
1329 1383 103 29 geſtalten.
1455 1383 64 28 einige

847 1413 68 23 Eimer
930 1414 47 21 oder
991 1412 82 28 ſonſtige
1089 1412 99 27 geeignete
1199 1412 78 27 Geiatze
1292 1412 36 23 mit
1344 1412 86 28 friſchem
1445 1412 76 33 Baſſer

848 1442 74 27 gefuͤllt,
946 1448 25 16 an
996 1442 62 26 ihrem
1080 1441 74 27 Roſten
1181 1442 134 28 aufzuſtellen,
1341 1441 60 28 beſſex
1424 1442 44 25 noch
1490 1441 33 25 für

848 1472 57 21 deren
921 1471 121 27 ſchleunigſte
1057 1470 141 28 Hinſchaffung
1214 1471 45 27 uͤach
1275 1472 32 21 der
1319 1470 121 27 Unfallſtelle
1451 1470 67 29 Sorge

847 1506 24 22 zu
887 1502 75 23 tragen.
993 1500 40 22 Die
1049 1500 138 23 Bahnmeiſter
1203 1500 61 24 naben
1282 1500 20 21 in
1318 1500 71 25 ſolchen
1405 1499 72 28 Faͤllen
1493 1499 31 23 die

848 1531 32 20 det
897 1529 120 25 Unſallitelle
1032 1529 86 27 zunachit
1135 1531 103 24 gelegenen
1252 1529 201 25 Bahnwärterpoſten
1463 1528 57 28 durch

848 1558 90 26 ſoforlige
959 1558 129 26 Eutſendung
1112 1564 38 16 von
1174 1558 142 26 Hiliswärtern
1343 1564 24 22 zu
1391 1557 132 28 unterſtuͤhen.

848 1587 40 23 Die
904 1587 104 24 Vorſteher
1024 1588 32 21 der
1073 1587 111 23 Siationen
1206 1588 40 21 und
1262 1588 31 21 die
1308 1587 139 25 Bannmeiſter
1462 1588 61 25 haden

848 1616 32 27 fuͤr
896 1616 54 26 ihren
967 1616 69 28 Bezirt
1052 1616 59 26 ſofort
1135 1615 132 29 feſtzuitellen,
1285 1617 24 21 ob
1327 1616 100 28 geeignete
1447 1615 77 28 Gefäße

848 1646 113 25 vorhanden
978 1645 47 26 ſind.

944 1715 79 38 Aus
1047 1715 152 44 Provinz
1221 1716 71 37 und
1316 1715 113 44 Reich.

906 1764 127 27 Garoeem.
1063 1773 31 17 Su
1111 1772 34 16 ver
1159 1773 61 19 acaun
1235 1772 69 17 mmror
1319 1773 21 15 in
1357 1773 33 16 dex
1401 1771 124 24 tamolicen

849 1792 66 28 Kirch?
931 1793 33 23 ein
980 1793 89 27 ſchwerer
1084 1793 98 28 Einbruch
1201 1794 77 23 veruͤbt.
1315 1795 40 23 Die
1379 1795 62 23 Taͤter
1463 1796 62 27 haben

849 1822 42 22 eine
914 1821 153 29 Fenſterſcheibe
1090 1822 149 29 eingeſchiagen.
1263 1825 53 21 dann
1342 1829 39 17 von
1405 1825 60 22 innen'
1489 1825 37 22 das

849 1851 80 28 Feniter
944 1851 136 28 aufgeriegelt,
1098 1852 55 27 durch
1169 1853 37 22 das
1221 1852 82 29 Feuſter
1315 1853 43 23 eine
1369 1853 65 23 Leiter
1442 1859 83 23 gezogen

849 1881 40 21 ind
906 1880 81 28 diefelbe
1004 1880 21 23 in
1042 1882 37 21 das
1103 1881 68 23 innere
1196 1882 33 22 der
1251 1881 66 28 Kirche
1340 1882 185 29 heruntergelaffen.

850 1909 38 23 Sie
905 1909 100 26 erbrachen
1022 1910 41 22 und
1080 1910 106 23 beraubten
1202 1910 42 23 vier
1259 1911 129 27 Opferläſten
1406 1912 37 22 nu
1461 1912 64 22 einem

849 1938 187 28 Schraubenzieher,
1053 1939 36 22 den
1106 1939 23 27 ſie
1146 1939 20 23 in
1183 1940 32 22 der
1230 1939 68 28 Kirche
1313 1940 138 29 zuruͤcklietzen.

905 1972 120 27 Frauſtadt.
1055 1973 32 26 Jn
1104 1974 43 22 dem
1172 1974 64 27 Dorfe
1258 1974 26 28 S.
1307 1981 68 17 waren
1399 1976 31 22 die
1455 1975 70 27 Schul
1512 1968 13 39 ˖

849 2002 96 28 anfänger
961 2008 32 16 am,
1011 2003 20 21 1.
1046 2003 59 27 April
1129 2003 21 22 in
1172 2003 31 23 die
1225 2003 67 29 Klaſſe
1316 2004 111 28 eingeruckt.
1464 2005 61 23 Einer

850 2032 32 21 der
897 2030 84 27 Kuirvſe
997 2030 33 28 ſah
1045 2033 131 21 unverwandt
1200 2032 45 28 nach
1269 2035 33 21 der
1324 2033 66 24 Dede.
1429 2033 39 23 Als
1493 2034 33 22 der

849 2060 70 27 Lehrer
935 2061 36 21 den
987 2060 84 28 Jungen
1088 2061 45 25 nach
1149 2062 43 22 dem
1209 2061 84 24 Grunde
1312 2062 69 28 fragte,
1406 2064 115 21 antwortete

850 2090 33 21 der
899 2089 25 22 A.
926 2089 54 23 B.C.
983 2085 110 38 Schütze:
1097 2090 68 26 Durt
1193 2092 48 21 oben
1268 2090 35 28 ſitzt
1328 2098 11 15 a“
1365 2091 78 28 Floh!“
1483 2092 43 23 Der

850 2118 71 26 Lehrer
937 2118 33 26 ſah
986 2124 41 17 nun
1044 2119 97 27 ebenfalls
1157 2120 45 26 nach
1222 2121 57 23 oben,
1303 2119 68 24 kounte
1395 2122 46 21 aber
1463 2121 62 26 nichts

849 2147 103 22 entdecken.
982 2147 35 23 Da
1032 2149 68 26 platzte
1116 2148 33 23 der
1164 2148 70 27 Junge
1251 2150 82 25 heraus:
1359 2149 79 27 „April.
1460 2149 65 28 April.

848 2175 51 29 Serr
915 2176 77 25 Lehrer,
1009 2177 36 26 eich
1061 2176 33 28 ſah
1109 2176 20 28 ja
1146 2177 43 27 ooch
1205 2177 83 28 niſchi!“

905 2210 112 29 Luichwitz.
1032 2210 61 24 Kreis
1112 2211 114 29 Frauſtadt.
1263 2212 104 27 Mittwoch
1390 2213 45 27 früh
1458 2214 66 22 wurde

850 2239 29 23 die
895 2240 185 28 Ausgedingerfrau
1097 2241 69 23 Dodot
1184 2241 26 22 im
1233 2241 53 28 Flur
1310 2242 53 26 ihres
1387 2241 78 29 Hauſes
1488 2242 36 23 mit

849 2268 52 23 einer
927 2268 92 27 ſchweren
1051 2269 162 28 Kopfverletzung
1246 2272 29 21 tot
1306 2271 140 28 aufgefunden.
1485 2271 41 28 Jhr

850 2297 166 28 Schwiegerſohn,
1047 2300 33 21 der
1110 2298 143 28 Schuhmächer
1293 2299 77 24 Simon
1402 2300 119 27 Gimbotzla.

849 2327 90 28 erzählte,
970 2327 23 26 ſie
1020 2327 51 23 wäre
1102 2332 39 18 von
1171 2328 53 22 einer
1255 2329 45 26 nach
1329 2330 44 21 dem
1402 2329 123 27 Hausboden

850 2356 107 26 führenden
973 2356 66 23 Leiter
1055 2357 109 28 abgeſtürzt
1180 2358 40 21 und
1236 2357 53 27 hätte
1306 2357 36 23 mit
1358 2359 43 22 dem
1416 2357 53 28 Kopf
1488 2358 34 26 auf

850 2385 30 22 ein
897 2384 44 28 Faß
957 2385 152 28 aufgeſchlagen,
1125 2386 89 27 woͤdurch
1230 2386 33 23 der
1278 2386 44 23 Tod
1345 2386 120 34 eingetreten
1488 2387 32 27 ſei.

849 2414 40 25 Ehe
906 2415 45 21 aber
967 2414 31 22 die
1014 2414 214 27 Gerichtstommilſion
1245 2418 39 20 aus
1300 2415 52 28 Liſſa
1368 2416 80 26 eintraf,
1465 2416 59 27 ſuchte

849 2442 110 28 Gimbotzka
977 2443 36 22 da8
1028 2443 64 24 Weite
1113 2444 40 22 und
1177 2443 86 28 fluͤchtete,
1287 2444 86 29 zunuͤchſt
1397 2445 45 27 nach
1465 2444 60 29 Liffa.

850 2473 52 21 dann
919 2472 44 27 nach
979 2472 111 26 Wolljtein.
1128 2473 28 23 Er
1179 2472 40 28 ließ
1242 2473 32 27 ſich
1298 2475 35 21 den
1357 2473 97 28 Schlüffel,
1480 2480 46 22 zum

851 2500 164 27 Bahumofsabort
1031 2502 71 26 geben:
1118 2502 25 21 da
1159 2507 20 17 er
1195 2502 45 24 nach
1257 2502 89 28 laͤngerer
1380 2503 25 22 Zeit
1423 2503 44 27 noch
1476 2503 50 27 uicht

849 2530 140 28 zuruͤckgekehrt
1006 2536 48 19 war,
1071 2530 78 28 forſchte
1164 2537 47 16 man
1235 2531 46 27 nach
1303 2532 41 22 und
1376 2532 39 23 fand
1441 2532 26 23 G.
1494 2533 32 22 ais

849 2559 64 25 Leiche
929 2558 41 27 auf.
999 2559 44 23 Der
1058 2559 44 23 Tod
1119 2565 41 17 war
1176 2560 56 27 durch.
1255 2560 121 29 Vergiftung
1399 2561 126 28 eingetreten.

849 2587 40 24 Die
905 2587 64 28 Leiche
985 2589 66 22 wurde
1067 2589 45 26 nach
1129 2590 33 21 der
1177 2589 125 26 Woliſteiner
1318 2589 110 28 ſtäduͤſchen
1438 2590 87 26 Leichen
1516 2583 13 38 .

850 2617 49 25 halle
915 2617 92 27 gebracht.
1038 2617 112 28 Gimboͤtzta
1166 2619 52 25 hatte
1234 2618 32 27 ſich
1284 2620 42 21 dem
1342 2618 92 28 irdiſchen
1449 2618 77 28 Nichter

849 2648 105 25 entzogen:
979 2647 50 21 denn
1054 2646 112 28 inzwiſchen
1193 2647 51 26 hatte
1271 2647 30 23 die
1327 2647 74 28 Liſſaer.
1426 2647 98 28 Gerichts⸗

850 2674 120 27 konimiſſion
986 2675 115 28 feſtgeſteut,
1118 2675 39 28 datz
1173 2676 30 22 die
1218 2676 27 22 46
1261 2676 64 26 Jahre
1341 2678 39 21 alte
1396 2677 70 23 Dodot
1477 2677 49 27 micht

849 2703 127 29 verunglackt,
997 2704 83 27 ſondern
1107 2704 36 23 mit
1166 2704 54 23 einer.
1245 2704 149 29 Kartoffelhacke
1420 2705 105 29 erſchlagen

850 2739 46 16 war.
926 2733 39 22 Als
980 2733 62 23 Täter
1058 2733 41 23 tam
1115 2739 39 17 nur
1170 2735 34 21 der
1221 2734 83 28 Anfang
1326 2734 49 23 (0er.
1397 2734 64 28 Jahre
1485 2736 40 22 alte

849 2761 111 26 Gimbotzta
976 2762 20 22 in
1013 2762 71 28 Frage.
1115 2762 71 27 Diefer
1203 2762 56 28 beſaß
1276 2763 20 23 in
1313 2763 83 27 Bulwitz
1406 2763 33 23 ein
1452 2763 72 24 kleines

848 2790 178 29 Sausgrundſtuͤc.
1052 2792 37 22 das
1113 2797 36 23 zur
1174 2791 235 29 Zwangverſteigerung
1435 2792 88 24 kommen

849 2819 60 26 ſollte.
938 2820 29 23 Er
978 2821 33 25 hat
1022 2826 43 17 nun
1077 2820 94 28 mehrfach
1182 2820 91 28 verſucht.
1285 2825 38 19 von
1333 2798 62 51 —
1406 2821 119 29 Schwieger
1509 2817 20 37 ˖

849 2851 72 20 mutter
936 2849 53 23 Geld
1005 2855 24 22 zu
1046 2849 118 25 bekommen,
1181 2856 34 16 um
1231 2850 30 23 die
1278 2850 149 27 Subhaſtation
1442 2856 24 23 zu
1482 2856 41 18 der.

850 2878 65 26 hüten.
945 2878 35 23 Da
996 2878 41 26 ihm
1054 2879 37 22 das
1107 2879 48 26 nicht
1172 2880 96 27 gelungen
1285 2885 48 19 war.
1353 2880 52 26 hatte
1430 2886 20 16 er
1473 2881 52 26 wohl

849 2908 36 21 den
915 2906 55 28 Blan
994 2907 72 27 gefaßt.
1093 2907 30 23 die
1148 2907 57 28 Frau
1229 2908 152 28 ümzubringen,
1408 2910 53 21 dann
1487 2910 36 21 den

849 2935 66 26 Unfall
931 2936 157 28 vorzufäuſchen,
1106 2943 33 16 um
1155 2936 19 28 ſo
1191 2937 20 22 in
1228 2938 36 21 den
1281 2937 57 27 Beſitz
1355 2938 34 22 des
1405 2937 76 24 Geldes
1500 2944 25 23 zu

849 2966 100 26 gelangen.

904 2999 91 28 Gneſen.
1026 3000 40 23 Ein
1082 3000 146 25 Bahnarbeiter
1248 3001 53 26 hatte
1317 3001 19 22 in
1354 3001 34 23 der
1402 3001 61 27 Nacht
1479 3006 46 18 vom

850 3029 30 21 18.
897 3034 44 22 zum
960 3030 31 20 16.
1007 3029 110 28 Dezember
1133 3034 18 17 v.
1167 3029 36 26 Js.
1228 3032 39 20 aus
1290 3029 64 23 einem
1376 3030 148 28 verſchloſſenen

848 3057 89 28 Waggon
955 3058 40 22 drei
1011 3057 66 28 daſen
1093 3058 97 28 geitohlen
1214 3062 40 19 und
1271 3058 50 28 ſeine
1337 3059 64 23 Beute
1426 3059 36 23 mit
1477 3059 48 29 zwei

849 3087 84 21 anderen
950 3087 73 26 geteilt“.
1054 3087 44 23 Der
1112 3087 54 23 Dieb
1191 3088 66 22 wurde
1281 3094 65 21 wegen
1362 3088 117 27 Diebſtahls
1501 3095 24 22 zu

847 3116 13 20 4
876 3115 100 23 Monaten
993 3116 122 28 Gefängnis,
1133 3116 29 23 die
1179 3117 67 22 deiden
1259 3118 85 21 anderen
1357 3123 66 22 wegen
1434 3117 91 28 Hehlerei

848 3150 23 22 zu
887 3144 47 28 zwei
950 3145 82 26 Wochen
1048 3145 41 22 und
1106 3145 53 23 einer
1170 3145 68 28 Woche
1254 3145 116 28 Gefaͤngnis
1385 3146 110 23 derurteilt.

904 3178 112 30 MWogilno.
1042 3180 69 27 Großt
1121 3179 79 29 Freude
1213 3180 79 28 herrſcht
1305 3181 19 22 in
1336 3182 33 22 der
1382 3181 142 28 Bürgerſchaft.

848 3208 23 22 da
888 3208 27 22 im
926 3208 80 28 Kerbſte
1024 3209 66 27 unſere
1107 3209 64 23 Stadt
1187 3209 47 29 zwei
1246 3210 116 23 Bataillone
1373 3210 83 23 Militär
1472 3210 53 27 nedſt

847 3237 55 22 Stab
918 3238 68 26 erhält.
1018 3237 39 24 Ein
1075 3238 104 23 Bataillon
1196 3238 48 22 wird
1266 3239 44 26 nach
1326 3238 87 24 Strelno
1430 3239 94 23 kommen.

846 3266 41 23 Die
911 3267 115 22 Bataillone
1053 3268 77 21 werden
1157 3268 43 22 dem
1222 3267 162 28 Diedenhofener
1407 3268 117 29 Kegimente

847 3297 134 20 entnommen.

903 3329 94 28 Zilehne.
1026 3331 45 23 Der
1086 3330 60 24 Kreis.
1161 3331 84 29 Filenne
1269 3332 33 26 hat
1325 3338 25 16 an
1375 3332 32 22 der
1425 3332 52 27 Netze
1495 3332 29 23 bei

846 3358 64 29 greuz
933 3360 57 22 einen
1007 3359 171 29 Umſchlagshafen
1202 3361 36 22 mit
1258 3360 197 29 Verbindungsaleis'
1479 3367 45 23 zum

846 3388 94 27 Bahnhof
955 3388 65 29 Kreuz
1036 3391 80 25 erbaul;
1141 3389 82 26 derſeibe
1248 3389 22 26 ift
1290 3390 67 27 ſoeben
1381 3391 43 21 dem
1440 3390 84 28 Verkehr

847 3417 107 29 uͤbergeben
971 3419 87 22 worden.
1089 3418 43 23 Mit
1149 3418 60 29 dieſer
1223 3419 79 28 Anlage
1318 3418 29 29 iſt,
1363 3418 105 30 abgeſehen
1485 3424 39 19 von

1551 119 117 28 Bromberg.
1684 119 28 22 im
1722 119 56 28 Zuge
1794 120 33 21 der
1841 118 188 28 Retewafſerfrake
2046 118 30 23 die
2091 118 74 29 einzige
2174 121 43 25 Ber.

1552 149 88 27 bindung
1665 147 90 29 zwilchen
1778 147 112 28 Eiſenbahz
1915 149 41 21 nud
1979 147 130 33 Bafferweg
2122 149 95 29 geſchaffen

1552 178 85 22 worden.
1666 177 68 27 Durch
1749 177 37 23 den
1797 183 64 17 neuen
1872 176 139 28 Verlehraweg
2027 176 50 23 wird
2092 182 43 17 eine
2146 179 72 25 weſeni.

1552 206 45 26 liche
1606 206 141 28 Berbiligung
1757 206 33 25 fuͤr
1802 207 37 21 den
1850 205 148 29 Frachtverlehr
2008 205 91 29 zwiſchen
2109 207 43 22 dem
2163 207 55 29 Oſten

1552 236 40 21 und
1608 236 36 22 den
1660 235 113 27 Eibplaäden
1789 235 86 23 bewirtt.

1607 269 130 29 Brauberg.
1774 269 44 24 Vor
1842 269 78 29 einigen
1942 269 69 28 Tagen
2036 275 66 17 waren
2125 269 93 29 Vertreter

1553 299 34 22 des
1598 298 220 29 Kriegsminſſterinms
1833 299 41 22 und
1890 300 34 21 der
1934 298 140 26 Jntendantur
2084 298 21 23 in
2116 299 102 33 Bromberg

1563 328 55 23 weds
1629 328 53 22 einer
1690 328 135 27 Befprechung
1837 327 47 24 uͤber
1895 327 31 23 die
1933 327 153 33 Fertigſtellung
2103 328 33 22 der
2145 327 73 32 Rrieg

1552 334 65 50 *
1654 357 55 23 Man
1732 357 56 27 hofft,
1811 357 33 22 bis
1876 362 35 17 zum
1934 357 19 21 ĩI.
1967 356 49 26 Juli
2039 357 31 22 die
2091 356 126 30 Kriegeſchaͤl

1553 386 154 27 uᷣbergabefertig
1715 385 133 29 herzuftellen.
1880 386 17 22 Zei
1904 385 105 26 Aunahme
2017 386 53 22 einer
2077 385 141 31 Einrichtangt.

1553 415 41 25 ftiſt
1608 420 39 17 von
1663 416 13 20 6
1692 415 82 27 Wochen
1790 415 67 22 würde
1880 415 52 22 dann
1956 414 40 27 alſo
2017 414 63 23 Mitte
2095 414 75 29 Auguſt
2192 419 25 23 die

1553 444 111 27 Eroffnung
1681 444 82 28 möglich
1778 443 47 27 ſein.

1608 478 106 25 Breslan.
1739 478 51 23 Eine
1800 477 146 30 Feuerabrunft
1957 478 90 29 zetſtärte
2059 478 29 22 die
2101 477 117 32 Schöllerſche

1552 507 132 29 Zuderfabrik
1699 508 20 22 in
1735 507 116 27 Rofental.
1881 507 47 23 Daz
1944 507 90 26 ſtatliche
2050 507 95 24 Gebände
2160 513 58 21 wurde

1553 536 116 28 dollſtändig
1685 536 87 29 zerflort.
1802 535 43 24 Der
1864 536 126 28 angerichtete
2006 535 91 28 Schaden
2120 535 48 24 wird
2190 541 28 23 auf

1555 566 101 21 1200000
1671 566 34 21 M.
1722 566 119 27 angegeben.

1731 640 139 39 Bunles
1894 640 158 38 Allerlei.

1609 698 40 24 Die
1660 699 78 23 niuben
1748 698 99 24 Kanner
1861 701 43 21 von
1913 697 92 29 Juand.
2034 698 40 24 Ein
2090 698 56 23 laum
2161 702 59 24 glaub
2209 693 14 39 ˖

1555 728 54 27 licher
1620 727 87 27 Vorfall.
1719 729 40 23 der,
1774 728 47 26 falls
1836 734 21 17 er
1868 727 32 27 ſich
1912 727 105 28 beflatigen
2032 727 61 28 ſollie,
2105 727 45 28 noch
2165 730 53 26 ernfie

1554 757 239 28 Auteinanderſetungen
1810 756 90 29 zwiſchen
1911 758 36 21 den
1959 756 97 28 deutſchen
2072 757 40 22 und
2128 756 91 33 daͤniſchen

1555 786 103 26 Behorden
1681 792 36 22 zux
1732 785 63 29 Foige
1819 787 62 25 haben
1905 785 70 26 duͤrfte.
1996 786 33 26 hai
2051 785 32 27 ſich,
2105 786 31 32 bei
2150 784 69 27 Jtlaͤnd

1555 815 91 27 ereignet.
1698 815 55 22 Doct
1783 815 53 27 hatte
1866 816 33 21 der
1927 815 129 27 Cuxhavener,
2084 814 136 33 Fiſchdampfet

1557 844 169 27 Buͤrgermeiſter
1736 843 140 28 Mönckeberg⸗
1889 843 32 28 ſich
1937 843 21 23 in
1973 843 31 23 ein
2016 842 117 30 Fiſchgediei
2144 844 73 32 verirn.

1556 875 37 20 das
1607 874 49 26 nicht
1672 874 54 26 mehr
1742 874 80 21 neutral
1843 872 29 25 iſt.
1896 872 82 27 ſondern
2001 872 54 28 ſchon
2077 878 35 23 zur
2131 873 89 27 dãniſchen

1555 902 133 28 Hoheitzzone,
1718 901 92 27 Jtlands
1840 901 74 29 gehärt,
1960 901 69 33 Neben,
2060 902 42 22 dem,
2132 901 88 28 deunfchen

1555 931 99 27 Dampfer
1670 931 106 27 erſchienen
1792 937 42 16 nun
1849 931 82 27 plötzlich
1950 930 48 28 zwei
2021 929 113 28 isländiſche
2149 930 71 25 Moor.

1557 961 61 24 boote,
1634 960 41 22 und
1690 961 34 25 ehe
1740 960 30 22 die
1780 959 109 28 Deuiſchen
1905 959 52 28 ſich
1947 955 13 37 5
1971 959 101 27 verſahen.
2086 959 93 26 beſanden
2195 961 25 27 ſich

1557 991 48 20 etwa
1621 989 28 22 20
1663 989 69 22 Mann
1751 988 34 27 auf
1800 988 50 24 Deg
1871 991 35 20 des
1924 988 97 27 deutſchen
2036 988 119 33 Dampfers.
2184 989 36 24 Mi

1556 1019 116 25 Gewehren.
1687 1018 120 24 Revolvern.
1830 1017 136 29 Fiſcherhalen
1988 1018 41 22 und
2051 1017 71 23 Beilen
2145 1016 75 30 ftuͤrzien

1557 1047 32 27 ſich
1604 1047 30 23 die
1649 1047 101 26 Jdlaͤnder
1771 1046 34 27 auf
1828 1047 31 22 die
1875 1046 132 28 Manaſchaft.
2026 1046 38 24 die.
2086 1046 24 23 da
2134 1045 23 28 ſie
2179 1048 40 23 vol.

1557 1076 87 23 koimen
1659 1075 133 29 unbewaffnet
1808 1082 49 19 war.
1872 1075 147 29 zuruͤckweichen
2034 1074 74 29 muhte.
2137 1075 39 33 Als
2193 1076 26 28 ſig

1558 1106 32 22 der
1604 1104 89 28 Kapitan
1708 1104 36 26 auf
1760 1106 33 22 der
1807 1104 190 24 Kommandobruͤce
2018 1104 36 23 den
2077 1103 32 29 ſich
2132 1109 41 28 wie
2182 1106 38 23 wil

1557 1135 134 27 geboͤrdenden
1702 1133 115 27 Jolandern
1828 1133 162 29 enigegenſtellte.
2001 1134 67 22 wurde
2079 1138 74 28 ervon
2168 1135 51 25 ihnen

1557 1163 60 26 ſofort
1640 1163 90 28 umtingt
1754 1164 40 21 und
1816 1169 25 22 zu
1864 1163 69 23 Hoͤden
1960 1162 106 28 geworfen.
2105 1162 70 28 Einige
2195 1165 26 22 der

1557 1192 80 23 Räuder
1652 1192 88 28 feſſelien
1755 1193 41 22 und
1812 1192 106 28 ſchleppten
1934 1191 33 27 ihn
1983 1193 53 21 dann
2048 1191 32 23 ind
2092 1190 126 27 Steuerham

1557 1221 50 23 Drei
1622 1221 101 26 Jsläuder
1738 1222 82 22 wurden
1835 1222 37 21 mit
1887 1221 113 28 geladenem
2016 1220 85 27 Bewehr
2116 1220 31 33 als
2162 1220 58 29 Wacke

1558 1250 34 27 auf
1616 1251 33 22 det,
1672 1250 192 23 Kommandobruce
1887 1249 87 28 Hoſtiert,
2013 1249 44 33 Der
2072 1249 99 27 Anfadret
2194 1251 26 23 der

1558 1280 69 23 Bande
1650 1279 85 27 forderte
1757 1279 51 27 jeine
1830 1279 101 27 Begleiter
1955 1278 41 27 auf,
2022 1279 55 28 jeden
2104 1277 66 24 Mann
2195 1279 26 23 der

1558 1308 182 28 Schiffsbeſazung,
1757 1309 32 22 der
1813 1308 33 27 ſich
1868 1307 106 29 irgendwit
1996 1307 67 28 ſeinen
2077 1307 143 28 Anordnungen

1559 1337 47 27 nicht
1622 1337 51 29 fuͤge.
1689 1336 185 30 niederzuſchießen.
1903 1337 29 23 Et
1954 1337 59 22 begab
2036 1336 33 28 ſich
2092 1337 53 22 dann
2161 1337 61 24 wiedet

1558 1366 34 27 auf
1608 1366 30 23 die
1652 1366 199 25 Rommandobrucke,
1871 1372 34 16 um
1928 1366 36 22 den
2011 1365 57 28 Rapitan
2083 1360 132 43 aufgulordern.

1559 1395 64 27 ſeinen
1646 1395 101 28 Dampfer
1770 1395 20 23 in.
1814 1396 36 22 den
1865 1394 66 29 dafen,
1954 1395 33 22 der
2008 1393 174 35 Beſtmansluſein
2203 1402 19 22 3

1559 1424 80 27 ſteuern.
1669 1424 44 24 Der
1731 1423 89 28 Kapitan
1835 1424 90 28 weiderte
1940 1423 39 28 fic.
1995 1424 43 23 dies
2052 1429 28 28 zu
2092 1425 43 25 tun,
2151 1424 31 22 bis
2195 1424 26 28 ſig

1559 1454 30 22 die
1599 1453 99 26 Jsländer
1715 1453 114 27 legitimiert
1845 1453 74 27 haͤnen,
1929 1453 41 23 und
1980 1455 22 21 es
2017 1452 43 24 lam
2075 1458 20 17 in
2112 1453 42 23 dem
2169 1459 53 27 engen

1559 1483 129 26 Steuerhaus
1702 1488 25 23 zu
1743 1482 64 23 einem
1817 1481 153 30 Sandaemenge
1984 1481 98 34 zwilchen.
2089 1482 44 22 dem
2143 1480 79 29 Rapian

1559 1513 40 21 und
1615 1512 36 22 den
1667 1511 102 24 Raͤübern.
1799 1511 81 29 Kierbel
1890 1511 67 23 wurde
1968 1511 33 23 der
2010 1510 89 34 Kapllãn
2111 1510 45 28 nach
2166 1510 55 34 kurzet

1559 1541 43 28 Zeit
1618 1546 24 23 zu
1657 1541 72 22 Boden
1744 1540 106 29 geworlen.
1873 1540 87 29 gewurgt
1983 1541 41 22 und
2047 1542 36 21 mit
2107 1540 36 33 den
2162 1539 60 29 Fügen

1572 1569 83 28 ſeſtoßen.
1689 1569 101 27 Waͤhrend
1815 1570 35 22 des
1871 1569 165 29 dandgemenge
2058 1574 42 17 war
2121 1571 54 21 eines
2196 1571 26 21 der

1713 1604 26 17 an
1764 1598 57 24 Land
1846 1598 92 29 gefahren
1964 1599 40 22 und
2029 1598 45 23 baid
2099 1597 70 27 darauf
2193 1599 29 22 mit

1562 1628 25 22 18
1610 1627 115 27 Jsländern
1748 1628 41 22 und
1814 1628 44 22 dem
1883 1626 207 28 Gemeindevorfteher
2115 1627 34 22 der
2171 1626 50 28 Jnſel

1560 1656 146 29 zurucgelenrt.
1735 1656 49 24 Das
1794 1656 65 29 Schiff
1874 1657 66 23 wurde
1956 1657 53 22 dann
2020 1661 39 18 von
2071 1656 36 23 den
2117 1655 105 34 Jelanden

1561 1687 21 22 in
1597 1687 36 22 den
1633 1681 82 65 ſez
1730 1685 113 29 geſchleppi.
1858 1691 30 17 wo
1904 1691 48 18 man
1971 1686 36 22 den
2023 1684 88 28 Kavpitän
2133 1690 25 24 zu
2179 1691 44 27 einer

1561 1714 110 28 Geidftraſe
1686 1719 40 19 don
1742 1715 56 22 1100
1812 1714 61 24 Mart
1887 1714 120 24 verurteilie.
2035 1714 45 24 Der
2103 1719 41 47 ni
2169 1714 52 28 Fiſc.

1561 1744 95 50 ——
1693 1744 96 27 ſämtliche
1811 1743 75 25 Geraͤte
1909 1744 80 23 wurden
2013 1742 107 30 gleichfans
2143 1743 80 28 veſclar

1562 1773 73 19 gamm.,
1650 1772 42 18 und
1707 1772 37 22 eiſt
1760 1772 45 23 uuc
1819 1772 81 24 Bautang
1934 1776 40 15 von
1997 1772 92 19 wetiercu
2105 1771 56 20 2800

1562 1795 127 29 freigegeben.
1712 1808 28 4 —
1762 1796 41 24 Die
1872 1778 91 47 a
1977 1803 26 17 an
2046 1796 58 29 Fiſchen
2126 1797 48 23 aller
2193 1797 30 24 an

1562 1824 40 28 ſehr
1624 1824 72 29 teichen
1719 1825 103 28 Gewaͤfſer
1844 1826 78 23 werden
1944 1831 39 18 von
2006 1826 157 29 Fifchdampfern
2184 1827 39 23 elle

1561 1853 101 24 Nationen
1688 1854 117 28 aufaefuchi.
1831 1854 136 29 hauptſaͤchlich
1994 1857 47 21 ader
2065 1860 39 18 von
2130 1855 92 28 deutſchen

1561 1883 40 23 Die
1617 1882 155 27 Geeſtemuͤnder
1786 1883 69 29 Flotte
1869 1885 67 27 zumal
1951 1896 27 5 —
1993 1883 142 29 Geeſtemünde
2154 1884 21 27 iſf
2196 1885 26 23 der

1561 1911 125 29 zweitgraͤßte
1701 1911 155 30 Fiſchereſhafen
1872 1914 34 22 der
1927 1913 53 24 Belt
2002 1925 28 4 —
2053 1913 49 28 ſucht
2125 1913 36 24 mit
2182 1913 41 24 Vot⸗

1562 1941 47 23 lebe
1619 1940 79 27 Jsland
1710 1941 35 28 auf
1756 1942 41 22 und
1809 1941 28 27 oſt
1853 1941 41 28 find
1909 1942 87 34 zwanzig
2013 1942 32 23 dis
2060 1942 162 31 faufundzwanzit

1561 1970 98 28 Dampfer
1684 1971 43 22 don
1750 1970 103 28 vereinigt.
1883 1971 42 23 Die
1948 1971 145 29 Fiſcdampfet
2110 1971 41 28 ſind
2173 1971 49 23 lielmẽ

1560 1998 114 30 Fahraeugt
1690 1999 36 23 mit
1742 1999 54 24 einer
1812 2000 107 28 Beſatzung
1934 2003 39 20 aus
1987 2001 37 21 7-
2031 2002 27 21 16
2072 2000 84 29 Köplen.

1616 2038 69 26 Sautt
1700 2039 184 26 Bureanlratius.
1921 2040 40 24 Ein
1984 2041 89 28 hubſches
2096 2041 126 30 Gelchichichen

1562 2069 48 22 Dird
1626 2070 43 22 dem
1682 2069 128 26 Dresdener
1823 2069 111 30 Anzeiger
1946 2073 39 20 aus
1995 2070 64 23 einem
2070 2070 152 52 Jn

1561 2098 78 28 Bezirle
1656 2098 95 26 berichtet.
1781 2098 40 24 Ein
1836 2098 71 26 Bater,
1923 2099 34 23 der
1971 2099 32 28 ſich
2019 2099 97 29 weigerte,
2127 2099 39 28 ſeln
2176 2099 44 23 Kim

1562 2127 20 22 in
1598 2128 36 21 den
1649 2126 216 29 Religionsunterricht
1880 2134 25 22 zu
1927 2127 81 28 ſchiden,
2033 2129 49 28 legie
2107 2134 59 23 gegen
2189 2128 33 23 eint

1561 2155 148 29 Aufforderung
1725 2157 35 22 des
1775 2156 177 29 Bezickaſchulcats
1966 2157 78 23 Reiurs
2058 2158 39 25 ein,
2118 2157 61 23 wobei
2200 2157 21 23 di

1562 2184 62 28 Sache
1647 2185 33 22 dis
1704 2191 26 16 an
1756 2186 37 22 das
1819 2185 254 27 Unterrichtzminiſterium
2098 2186 54 52 —
2189 2186 33 23 Ver

1562 2214 74 28 kurzem
1651 2213 33 28 fiel
1699 2220 42 17 nun
1758 2214 30 23 die
1804 2214 142 29 Eniſcheidung
1962 2215 40 23 und
2019 2216 33 23 der
2071 2215 150 29 Bezirloͤſchura

1561 2244 65 22 wurde
1643 2242 119 28 beauftragt,
1778 2245 44 21 dem
1837 2243 63 24 Vaͤter
1916 2244 35 23 des
1961 2243 77 24 Kindes
2048 2245 134 28 vorzuhalten,
2193 2243 28 28 dab

1561 2278 20 16 er
1596 2273 37 21 das
1647 2271 55 24 Kind
1718 2272 20 22 in
1755 2272 30 23 die
1801 2272 177 29 Religionsſtunde
1993 2272 75 29 ſchicken
2087 2273 68 29 muͤſſe.
2188 2273 33 23 De

1561 2300 163 29 Bezirkeſchulrat
1740 2302 52 23 hatie
1808 2301 35 27 auf
1859 2301 64 28 diefen
1938 2302 87 28 Auftrag
2040 2304 134 26 geantwortet.
2193 2301 28 28 daß

1562 2329 41 23 dies
1619 2330 49 27 nichi
1684 2331 55 26 mehr
1754 2330 81 29 moͤglich
1851 2330 33 28 ſei,
1900 2331 24 23 da
1940 2331 37 23 das
1995 2330 55 24 And
2069 2331 32 28 ſich
2124 2331 97 31 inzwiſche

1562 2370 17 5 —
1578 2359 144 26 verheiratel
1738 2360 54 26 habe.

1617 2393 66 29 Brinz
1706 2393 56 29 Mar
1784 2396 43 22 nen
1851 2394 88 27 Caqſen
1962 2395 83 29 Predigt
2067 2396 40 23 den,
2128 2394 93 33 Bariſer.

1561 2422 64 29 Prinz
1640 2422 51 28 Maͤr
1706 2427 39 19 von
1762 2422 93 29 Sachſen.
1872 2425 33 21 der
1929 2423 118 29 betanniich
2069 2424 110 28 Geiſtlicher
2200 2423 20 26 in.

1562 2453 33 26 hat
1610 2452 21 22 in
1647 2452 37 22 den
1699 2451 118 29 Oftertagen
1834 2452 21 22 in
1871 2452 65 28 Paris
1952 2453 107 29 gepredigt.
2096 2453 65 24 Seine
2181 2453 39 27 Bte

1562 2480 65 28 digten
1643 2486 68 17 waren
1731 2480 169 29 außerordentlich
1923 2481 48 28 ſtart'
1993 2482 79 28 beſucht.
2111 2482 62 24 Unter
2194 2483 27 21 den

1562 2509 114 28 Glaͤudigen
1692 2515 67 17 waren
1776 2510 105 26 beſonders
1897 2510 30 23 die
1938 2511 81 23 Damen
2031 2512 36 22 des
2076 2511 82 28 Pariſer
2171 2511 50 23 Adels

1562 2538 112 28 erſchienen.
1705 2539 65 23 Seine
1772 2534 136 39 Karfreitag⸗
1912 2539 81 29 Predigt
2005 2540 93 28 eröffneie
2108 2540 63 29 Prinz
2181 2539 39 26 Wal

1562 2568 36 22 mit
1614 2568 64 22 einem
1698 2567 96 29 Symaus
1818 2568 35 27 auf
1876 2569 37 22 den
1938 2569 84 24 Staͤmm
2047 2569 64 26 Juda,
2137 2570 41 23 dem
2198 2569 23 22 det

1562 2597 95 28 Etzvater
1671 2596 67 27 Jacob,
1753 2597 120 29 prophezeit.
1888 2599 39 22 aus,
1942 2597 72 28 ſeinem
2030 2598 77 28 Schoke
2123 2599 60 23 werde
2194 2598 27 32 der

1564 2625 64 26 Beiwe,
1644 2626 33 22 der
1693 2625 30 23 die
1739 2626 120 28 Menſchmeit
1875 2626 109 27 befreiende
2002 2626 67 29 König
2094 2628 33 22 der
2148 2626 71 28 Koͤnige.

1563 2656 82 26 geboren
1661 2655 85 22 werden.
1776 2655 44 24 Der
1834 2655 53 28 Brinz
1915 2655 62 29 ſprach
1992 2656 76 29 nahezũ
2087 2656 43 24 eine
2153 2655 67 25 Stunde

1562 2683 20 23 in
1598 2683 183 28 formvollendeiem
1870 2662 55 51 e
1954 2685 52 28 Nach
2025 2686 34 23 der
2080 2685 84 29 Predigt
2185 2689 32 18 un⸗

1562 2713 77 27 ringten
1656 2712 34 28 ihn
1707 2712 31 23 die
1753 2713 82 23 Damen
1852 2714 33 22 der
1900 2713 127 27 Kriſtotralie
2046 2715 40 22 und
2109 2715 56 23 baten
2189 2713 31 27 ihn.

1563 2742 40 26 ihre
1618 2741 76 24 Kinder
1709 2747 25 23 zu
1750 2741 76 29 ſeznen.
1861 2742 65 29 Prigz
1948 2742 50 28 Mar
2023 2743 75 23 erteilte
2124 2745 52 24 ment
2198 2742 23 32 in

1562 2770 63 23 einem.
1654 2771 89 27 Dutzend
1774 2771 87 29 adeliger
1890 2770 83 25 Kuͤaben
2003 2772 41 23 und
2073 2772 96 28 Mädchen
2199 2772 21 21 dit

1562 2799 137 24 Benediktion.

1608 2828 79 43 Genn
1691 2828 61 43 man
1769 2834 23 24 in
1809 2835 51 29 zuel
1882 2834 97 25 Landeru
2003 2836 80 28 ushut.
2122 2836 51 29 Salb
2195 2832 25 35 af

1561 2863 238 29 ſachſenmeiningiſchem,
1819 2865 44 25 halb
1886 2864 35 28 auf
1944 2864 196 29 ſchwarzbuͤrgiſchen
2163 2863 57 25 Gebiel

1562 2892 45 27 ſteht
1623 2892 32 23 ein
1671 2892 65 28 Saus,
1753 2892 63 28 deſſen
1832 2893 80 28 Beſitzer
1928 2895 58 27 lange
2001 2894 45 29 Jeit
2065 2894 47 23 uͤber
2135 2895 36 23 das
2191 2892 29 23 Um

1562 2922 119 27 angenehme
1697 2921 61 27 dieſer
1773 2922 184 28 Doppelherrſchaft
1972 2924 98 26 gewettert
2082 2923 40 27 hat.
2151 2923 48 23 Aber
2207 2926 13 17 i

1561 2950 53 27 follte
1635 2950 55 23 eines
1709 2950 84 28 beſſeren
1814 2952 72 26 velehrt.
1909 2952 84 24 werden,
2017 2953 50 22 denn
2090 2952 55 23 eines
2167 2951 53 26 Tage⸗

1562 2980 65 22 wurde
1643 2979 40 28 ihm
1700 2979 31 23 ein
1748 2979 82 28 Wechſet
1848 2980 124 28 praäſentiert,
1998 2981 33 22 der
2056 2983 44 26 irots
2126 2982 33 22 des
2183 2979 37 24 Ver

1562 3008 97 28 ſprechens
1675 3008 20 23 in
1712 3008 88 28 wenigen
1816 3009 69 28 Tagen
1901 3009 91 29 Zahlung
2004 3016 24 22 zu
2040 3010 73 26 leiſten,
2125 3008 94 30 eingellan

1561 3038 72 22 wurde.
1667 3037 89 28 Deckung
1776 3043 41 17 war
1840 3038 45 27 auch
1911 3039 45 27 noch
1981 3038 50 28 nicht
2055 3039 118 26 vorhanden.
2196 3037 23 21 an

1561 3066 54 23 eines
1631 3066 78 28 ſchönen
1732 3066 67 29 Tages
1823 3068 32 22 der
1878 3067 135 29 meiningiſcher
2036 3067 183 29 Gerichtsvollziener

1561 3095 85 28 erſchien.
1677 3095 53 23 Aber
1746 3097 36 21 das
1798 3096 104 27 Bemuͤhen
1918 3097 34 22 des
1968 3097 97 23 Beamten
2088 3103 41 17 war
2152 3096 67 27 nuͤtzlol

1561 3125 49 22 denn
1628 3136 18 4 —
1645 3125 57 22 der
1718 3124 72 28 jchlaue
1805 3125 164 28 Hausdewohner
1985 3127 51 25 hatie
2052 3127 36 22 alle
2111 3126 108 28 pfandbaren

1561 3153 135 28 Gegenſtände
1713 3154 20 22 in
1750 3155 36 21 den
1797 3154 191 29 ſchwarzburgiſchen
1998 3155 46 23 Teil
2055 3155 61 27 ſeiner
2126 3155 92 27 Vohnun

1561 3182 91 28 gebracht.
1683 3183 40 22 Die
1740 3182 153 29 Angeiegenheit
1913 3184 65 22 wurde
2002 3190 41 17 nun
2068 3185 42 22 dem
2135 3183 83 27 Nachbat⸗

1561 3211 58 26 ſtagte
1636 3212 115 27 übergeben,
1767 3213 32 21 as
1815 3213 46 22 aͤber
1877 3213 33 21 der
1932 3212 177 29 ſchwarzburgiſche
2132 3211 85 26 Gericht⸗

1560 3241 103 28 vollzieher
1679 3240 87 27 erſchien.
1783 3247 41 17 war
1840 3242 33 22 der
1881 3241 82 27 Wechſel
1974 3243 56 26 lange
2043 3243 81 28 bezahlt.
2141 3254 20 4 —
2163 3241 56 23 Weng

1561 3269 29 23 die
1605 3269 105 28 Beſchichte
1727 3270 49 27 nicht
1791 3271 54 26 wahr
1861 3270 39 27 ſein
1916 3270 60 28 foͤilte,
1992 3271 23 27 ift
2026 3271 24 27 ſie
2061 3271 115 29 denigſtens
2187 3266 32 27 doc

1561 3298 64 28 huͤbſch
1641 3298 103 27 erfunden.

1615 3332 62 24 2808
1688 3332 45 25 Mt.
1744 3333 36 26 fur
1787 3334 46 23 eine
1844 3334 67 26 Giche.
1941 3334 63 24 Einen
2014 3335 131 28 Relordpreis
2156 3332 62 54 ſ

1561 3361 77 30 kuͤrzlich
1655 3362 30 23 bei
1701 3363 33 22 der
1749 3362 152 29 Berſteigerung
1918 3363 27 23 im
1957 3364 146 27 Speſfartwald
2119 3364 41 23 eine
2192 3360 26 33 Eiaͤt

1561 3392 57 28 bezw.
1634 3391 32 23 ein
1682 3391 141 28 Eichenſtamm
1839 3397 39 18 von
1893 3392 42 29 di.
1950 3392 125 24 Kubikmeter
2092 3393 83 28 Jnhalt:
2192 3394 26 27 wit

1561 3420 30 23 dit
1616 3420 98 29 Solzwelt
1739 3420 88 26 mitteilt.
1853 3422 68 23 wurde
1945 3421 33 29 fuͤr
2004 3421 63 30 dieſen
2093 3423 82 24 Stamm
2197 3420 20 21 dit
