2134 3151
0 411 24 24 ——
0 319 24 12 1⏑
0 285 24 32 e
0 261 24 24 n

133 269 65 56 Der
200 268 181 56 Leuchtthurm

86 532 78 35 ſtark
184 536 50 26 und
253 534 85 37 bringt
353 543 56 20 mo⸗

962 150 117 53 Der

117 323 122 34 erſchein
253 323 151 35 Dcenclich

149 359 94 35 And
256 365 66 29 zwar

103 392 69 35 jeden
180 393 86 32 Erſten
273 394 24 26 d.
303 393 111 38 Monats

149 430 15 25 3
183 428 42 27 bis
241 431 17 24 8
278 427 96 37 Bogen.

103 471 26 20 u.
143 464 39 27 die
193 463 105 36 uͤbrigen
305 464 107 35 Wochen

145 498 66 34 Lbis
224 499 144 36 1V.Bogen

584 259 947 184 Leuchtthurm.

1648 296 155 33 Bortrait
1832 296 91 36 eines

1616 331 152 37 rreifiun
1778 334 66 36 igen
1856 333 86 31 Seit⸗

1697 369 179 35 genoffen—

1764 405 42 19 und

1649 428 53 30 eine
1726 432 57 30 gute
1800 431 123 36 volitiſche

1708 464 173 32 Earritatur.

1629 535 78 34 Preis
1742 540 44 27 pro
1821 537 119 28 Quartal

1646 572 34 27 24
1699 571 64 36 Nar.
1782 573 57 27 oder
1861 575 11 25 i
1895 573 25 33 fl.

113 568 212 73 vericheſzet
335 575 61 23 an
858 588 197 60 Kedigirt
1081 612 71 28 von
1738 607 139 29 m

754 694 233 77 Ernſt
1044 702 335 63 Keil.

102 874 96 64 1848.
880 886 100 45 —
1065 888 36 61 —
1731 892 100 42 No.
1863 891 60 42 10.

282 1057 96 55 Die
408 1060 252 66 kaiſerliche
692 1033 203 99 Familie
926 1065 54 62 in

155 1173 67 36 Mit
251 1176 62 34 dem
345 1176 113 45 Sturze
486 1178 196 45 Metternichs
719 1189 82 27 war
820 1182 72 35 eben
927 1193 58 24 nur

90 1225 175 46 Metternich
289 1229 131 44 geſtuͤrzt,
444 1232 77 42 nicht
542 1234 58 33 das
626 1233 131 42 Syſtem.
796 1235 107 42 Dieſes
920 1238 64 32 war

87 1278 77 42 nicht
183 1281 45 32 die
251 1281 168 45 Erfindung
435 1283 205 46 Metternichs,
666 1286 122 44 ſondern
803 1288 115 43 ſchreibt
932 1288 50 44 ſich

86 1338 60 27 von
169 1333 61 33 dem
254 1334 88 42 erſten
364 1336 200 46 Habsburger
585 1338 61 43 her.
686 1339 175 47 Metternich
882 1342 52 42 hat
949 1346 32 30 es

85 1393 58 25 nur
171 1386 181 43 verſtanden,
393 1388 48 45 ſich
471 1390 31 34 in
532 1392 55 33 das
618 1391 121 44 Syſtem
767 1395 53 33 des
850 1394 129 45 Hauſes,

85 1437 62 34 dem
178 1448 30 23 er
235 1440 107 40 diente,
370 1443 55 32 mit
451 1443 94 43 aͤchter
567 1444 258 37 Bedientennatur
854 1448 125 43 gaͤnzlich

83 1489 219 43 hineinzuleben
339 1496 60 31 und
428 1499 33 29 es
489 1497 106 44 gelang
625 1497 73 43 ihm,
736 1501 129 43 weniger
894 1501 110 42 duͤrch

83 1542 116 43 eigenes
225 1538 109 61 Talent
345 1547 64 33 als
432 1548 83 42 durch
539 1549 43 34 die
605 1550 177 35 blendenden
797 1551 112 44 Künſte
925 1555 52 33 des

81 1594 164 42 politiſchen
270 1596 163 45 Sophiſten
448 1599 97 43 Gentz,
571 1602 89 41 dieſes
678 1603 122 42 Syſtem
816 1606 52 33 mit
886 1606 90 34 einem

82 1645 113 41 Schein
217 1656 61 26 von
296 1649 218 43 Gruͤndlichkeit
535 1656 58 31 und
617 1654 149 45 Weisheit
789 1654 186 52 aufzuputzen

78 1698 60 33 und
167 1698 59 44 ihm
255 1700 48 42 für
332 1702 63 33 eine
419 1702 91 45 Reihe
537 1712 61 27 ven
619 1705 118 45 Jahren
769 1710 45 33 ein
830 1706 142 53 geiſtiges

78 1749 132 44 Anſehen
234 1762 35 32 zu
299 1754 187 44 verſchaffen,
525 1758 56 35 wie
609 1763 31 30 es
670 1761 47 33 ein
743 1761 110 48 ſolches
877 1763 100 43 fruͤher

76 1802 47 33 nie
153 1804 128 41 beſeſſen.
328 1807 62 34 Die
416 1810 205 44 ungluͤckſelige
643 1812 114 43 Politik
777 1815 54 34 des
841 1810 131 54 Hauſes

75 1855 165 47 Habsburg
256 1867 65 25 war
337 1863 41 37 es,
405 1867 149 29 worunter
569 1865 48 33 bis
634 1874 65 33 zum
717 1868 47 32 3.
781 1865 91 45 Maͤrz
892 1872 80 30 1848

73 1909 191 44 Oeſterreich,
285 1911 212 45 Deutſchland,
522 1915 31 40 ja
576 1926 74 34 ganz
674 1918 125 43 Europa
822 1921 151 34 darnieder

74 1962 59 44 lag.
181 1962 109 42 Dieſes
319 1966 183 44 unpolitiſche
532 1969 144 43 politiſche
701 1970 121 44 Syſtem
827 1970 141 51 pflanzte

73 2013 49 44 ſich
147 2015 38 34 im
206 2016 194 44 Kaiſerhauſe
423 2020 55 34 wie
501 2021 61 34 eine
585 2022 118 44 erbliche
717 2023 165 44 Krankheit
900 2027 69 42 fort,

71 2077 40 24 an
133 2069 119 40 welcher
267 2071 80 42 ſelbſt
362 2073 45 33 die
423 2073 110 35 edleren
551 2074 121 35 Glieder
687 2076 94 35 litten.
821 2077 79 37 Mar
915 2079 52 43 —

69 2120 110 42 Joſeph
204 2122 36 38 1.,
267 2122 108 37 Maria
394 2125 139 42 Thereſia
555 2128 95 44 zeigen
673 2129 75 34 dies.
787 2126 110 47 Joſeph
913 2132 53 42 J.

69 2174 46 32 der
143 2174 67 37 erſte
238 2175 379 48 Habsburg-Lothringer,
648 2180 88 44 ſchien
765 2183 47 33 ein
825 2181 137 51 wirklich

66 2231 93 29 neues
175 2227 93 35 Leben
290 2229 30 34 in
343 2229 51 42 ſich
418 2241 35 31 zu
472 2232 95 43 haben
586 2234 59 32 und
662 2234 162 35 verbreiten
839 2246 34 32 zu
889 2239 74 33 wol⸗

66 2277 62 45 len;
168 2280 69 32 aber
265 2282 51 32 der
338 2282 125 35 Damon
491 2286 53 32 des
567 2285 121 45 Hauſes
712 2297 64 25 war
781 2285 176 54 mächtiger,

62 2329 45 33 die
133 2330 135 45 Heilung
297 2335 149 45 mißlang,
486 2338 49 32 der
563 2339 60 32 edle
651 2339 106 38 Kaiſer
785 2341 96 45 erlag,
920 2343 42 35 die

62 2381 141 43 Pfaffen,
247 2384 194 42 Ariſtokraten
478 2389 60 32 und
576 2389 227 37 Bureaukraten
829 2390 128 53 ſiegten.

62 2434 105 43 Daher
188 2444 64 26 war
274 2438 52 32 mit
348 2440 51 32 der
423 2438 211 47 Entfernung,
656 2444 28 33 d.
710 2444 28 43 h.
747 2441 210 56 Wegjagung

61 2486 196 43 Metternichs
281 2491 67 40 noch
371 2491 102 34 immer
488 2493 93 43 nichts
598 2503 173 35 gewonnen,
796 2498 101 46 ſolang
915 2502 42 32 die

61 2540 200 42 allerhoͤchſten
289 2542 147 35 Vertreter
470 2544 79 40 jener
583 2549 150 44 traurigen
760 2550 197 45 Hauspolitik

60 2600 47 25 am
130 2593 103 34 Ruder
255 2595 121 35 blieben.
423 2597 61 34 Die
510 2598 112 35 braven
650 2600 122 35 Wiener
799 2604 156 36 erkannten

59 2644 76 41 dies,
175 2648 59 32 und
264 2650 167 43 ungeachtet
459 2650 74 40 ihrer
554 2650 108 43 Pietaͤt
692 2653 49 42 fuͤr
763 2656 46 32 die
833 2656 122 35 Glieder

57 2696 51 34 des
130 2697 223 51 Kaiſerhaufes
373 2703 131 43 drangen
534 2702 34 40 ſie
595 2704 54 33 mit
674 2703 275 54 unwiderſtehlicher

57 2748 244 44 Entſchiedenheit
316 2742 63 54 Auf
399 2754 186 46 Entfernung
607 2756 78 40 jener
707 2757 166 42 Perſonen,
906 2762 46 34 die

55 2800 59 42 ihre
137 2803 101 43 eigene
261 2804 123 41 Familie
411 2809 61 32 und
500 2809 55 33 den
578 2808 98 34 Staat
707 2810 49 34 ins
781 2811 167 37 Verderben

54 2852 105 40 fuͤhren
185 2857 133 40 wollten,
357 2859 128 43 lediglich
515 2871 51 23 um
599 2863 53 33 den
675 2862 195 36 Traditionen
900 2867 48 32 der

54 2901 93 37 Vaͤter
175 2908 74 44 nicht
278 2915 107 30 untren
413 2922 35 32 ſu
470 2915 126 34 werden.
643 2914 159 48 Erzherzog
825 2917 120 47 Ludwig

1012 1067 142 57 Wien
1173 1070 105 50 und
1313 1069 103 62 ihre
1446 1068 306 66 Umgebung.

1027 1185 67 34 war
1126 1185 50 34 der
1213 1185 171 44 eigentliche
1410 1185 187 43 Beherrſcher
1626 1186 209 45 Oeſterreichs.
1881 1186 44 36 Er

1025 1237 35 40 iſt
1082 1247 72 34 ganz
1179 1238 53 34 ein
1243 1238 168 41 Charakter
1435 1240 56 34 wie
1502 1238 179 42 Ferdinand
1705 1240 45 33 JJ.
1792 1239 133 41 Perſön⸗

1027 1289 50 42 lich
1100 1291 166 45 gutmüthig
1289 1293 61 33 und
1374 1292 114 43 fromm,
1514 1293 68 33 aber
1598 1293 33 42 ſo
1656 1292 73 41 ſtarr
1752 1294 32 33 in
1802 1293 46 33 die
1864 1293 61 33 An—

1025 1342 144 46 ſchauung
1194 1345 48 32 der
1265 1344 248 45 Vergangenheit
1529 1344 164 42 verſunken,
1718 1347 57 41 daß
1790 1346 62 44 ihm
1868 1347 56 36 das

1024 1393 74 46 Licht
1123 1397 49 33 der
1201 1397 184 45 Gegenwart
1413 1399 64 41 weh
1507 1398 75 44 thut.
1629 1398 44 36 Er
1700 1399 33 41 iſt
1757 1404 50 29 der
1835 1399 89 47 feſten

1023 1448 153 46 religiöſen
1199 1446 241 50 Ueberzeugung,
1464 1450 63 41 daß
1556 1462 59 23 nur
1636 1453 61 46 das
1720 1452 58 34 alte
1801 1451 121 43 Syſtem

1023 1505 59 30 aus
1106 1501 86 42 Gott,
1216 1504 57 33 das
1296 1514 72 24 neue
1392 1506 130 43 dagegen
1544 1502 63 36 eine
1628 1504 116 35 Geburt
1768 1506 47 32 der
1830 1504 92 44 Hölle

1022 1552 38 43 ſei
1082 1555 59 34 und
1164 1556 46 34 die
1233 1555 110 36 Voͤlker
1365 1557 32 34 in
1418 1557 143 43 zeitliches
1584 1557 59 35 und
1668 1559 109 48 ewiges
1795 1558 126 34 Verder—

1020 1607 56 33 ben
1099 1608 94 42 fuͤhre.
1240 1609 106 43 Daher
1373 1611 82 43 häͤtte
1484 1618 31 26 er
1541 1611 45 34 bei
1616 1612 72 33 aller
1710 1606 210 49 Herzensguͤte

1019 1659 53 33 mit
1093 1659 192 44 Kartätſchen
1308 1662 123 41 ſchießen
1463 1662 86 41 laſſen
1578 1665 59 32 und
1666 1664 99 33 würde
1773 1662 145 45 Bluige—

1019 1711 84 43 richte
1127 1713 139 42 einſetzen,
1291 1724 50 23 um
1364 1716 52 32 den
1433 1715 175 44 Weltteufel
1624 1717 217 47 auszutreiben.
1876 1716 43 36 Er

1019 1763 99 35 würde
1141 1764 49 46 ſich
1214 1766 90 43 dafuür
1326 1767 53 35 wie
1395 1767 165 41 Ferdiuand
1583 1769 41 32 JJ.
1648 1769 85 43 harte
1748 1769 88 39 Buße
1856 1775 60 28 und

1018 1816 162 46 Kaſteiung
1204 1820 150 43 auflegen,
1384 1831 51 23 um
1458 1821 26 41 ſo
1510 1822 45 33 ein
1578 1814 159 50 Mäaͤrtyrer
1759 1822 88 40 ſeiner
1869 1822 46 42 fa⸗

1016 1870 143 42 natiſchen
1182 1871 270 48 Weltanſchauung
1484 1884 36 32 zu
1541 1873 67 42 ſein.
1657 1873 159 44 Erzherzog
1840 1873 75 35 Lud⸗

1015 1923 59 43 wig
1102 1924 54 40 hat
1179 1924 91 35 Wien
1297 1926 154 42 verlaſſen,
1492 1928 67 33 aber
1588 1927 57 41 ſein
1674 1926 123 44 Einfluß
1824 1928 33 40 iſt
1885 1927 28 41 ſo

1015 1976 69 44 lang
1108 1981 36 37 zu
1165 1977 144 44 fuͤrchten,
1334 1979 46 34 bis
1405 1981 48 33 ein
1475 1979 149 45 wahrhaft
1653 1980 260 41 conſtitutionelles

1013 2027 158 45 Regiment
1194 2031 142 44 eingeſetzt
1359 2032 43 40 iſt.
1783 2078 26 3 1

1076 2081 75 35 Eine
1175 2084 115 41 äußerſt
1313 2084 188 43 verderbliche
1524 2085 89 47 Rolle
1635 2086 83 44 ſpielt
1740 2087 57 39 die
1805 2077 103 59 Kaiſe⸗

1009 2132 48 35 rin
1079 2132 128 45 Mutter,
1233 2137 62 34 eine
1316 2138 178 43 unbegrenzt
1517 2138 206 46 wohlthaͤtige,
1749 2140 158 42 bürgerlich

1008 2186 158 46 leutſelige,
1199 2190 70 33 aber
1296 2190 79 34 blind
1400 2192 108 42 bigotte
1530 2191 90 41 Frau.
1668 2191 60 35 Sie
1751 2192 84 45 geſiel
1856 2192 50 42 ſich

1007 2239 32 34 in
1061 2240 61 33 dem
1147 2240 133 45 Wahne,
1306 2243 183 43 buchſtäblich
1513 2244 45 33 die
1573 2243 122 35 Mutter
1716 2246 49 32 der
1786 2244 119 35 Millio⸗

1005 2301 58 24 nen
1092 2292 207 44 Oeſterreicher
1332 2305 35 32 zu
1400 2295 69 41 ſein.
1515 2296 185 45 Demgemaͤß
1734 2297 170 42 behandelte

1005 2343 36 42 ſie
1065 2346 54 34 das
1137 2346 77 35 Volk
1236 2348 54 34 wie
1315 2348 50 33 ein
1375 2348 92 40 Kind,
1492 2349 55 34 das
1570 2359 70 24 man
1663 2348 78 44 wohl
1757 2349 144 43 haͤtſchelt,

1005 2398 69 33 aber
1106 2399 123 44 zugleich
1264 2400 32 33 in
1323 2401 233 43 gedankenloſem
1585 2403 125 31 blindem
1738 2401 163 42 Gehorſam

1003 2449 73 42 haͤlt.
1123 2450 60 35 Sie
1211 2452 80 44 hörte
1318 2454 33 33 in
1373 2455 49 32 der
1445 2454 95 43 Regel
1553 2454 115 43 taͤglich
1691 2455 60 32 drei
1774 2454 125 42 Meſſen,

1002 2502 62 33 eine
1085 2502 50 43 fuͤr
1158 2504 81 42 ihren
1262 2505 200 41 verſtorbenen
1485 2505 145 43 Gemahl,
1657 2508 43 32 die
1723 2511 104 29 andere
1851 2507 50 40 für

1002 2554 44 41 ihr
1078 2555 115 43 eigenes
1218 2556 183 44 Seelenheil,
1440 2558 43 33 die
1512 2559 83 32 dritte
1625 2559 50 40 fuͤr
1703 2558 192 46 Abwendung

998 2608 53 32 des
1075 2607 86 41 böſen
1180 2609 172 43 Zeitgeiſtes
1375 2617 60 25 von
1449 2609 188 43 Oeſterreich.
1685 2611 58 34 Sie
1766 2621 64 24 war
1849 2613 45 32 die

997 2658 291 44 Hauptbeſchuͤtzerin
1310 2664 49 31 der
1381 2660 189 45 Liguorianer
1598 2665 60 31 und
1682 2663 88 42 ihnen
1793 2665 26 38 ſo
1844 2666 47 30 de—

996 2711 110 43 muͤthig
1131 2716 134 41 ergeben,
1294 2713 58 40 daß
1383 2712 35 42 ſie
1442 2717 62 31 dem
1526 2716 173 43 gemeinſten
1721 2725 58 24 von
1803 2716 87 40 ihnen

995 2764 42 33 die
1063 2764 91 44 Hand
1185 2766 95 40 kuͤßte.
1328 2765 136 44 Welchen
1495 2767 226 43 Seelenſchmerz
1749 2770 43 32 die
1820 2768 68 42 gute

993 2817 58 33 alte
1066 2817 82 41 Frau
1163 2820 44 30 bei
1223 2825 48 26 der
1285 2828 94 23 neuen
1395 2819 159 46 Wendung
1570 2825 49 30 der
1634 2820 101 43 Dinge
1750 2821 136 41 empfun—

991 2870 63 39 den,
1079 2871 65 42 laͤßt
1167 2871 48 43 ſich
1238 2872 117 33 denken.
1395 2872 152 43 Waͤhrend
1572 2875 45 31 der
1634 2872 183 35 Revolntion
1835 2874 49 44 lag

988 2920 36 42 ſie
1046 2922 70 44 Tag
1141 2927 59 31 und
1217 2923 95 44 Nacht
1334 2925 33 33 in
1388 2927 48 32 der
1452 2925 136 41 Kapelle,
1613 2927 103 40 weiche
1738 2930 59 30 aus
1820 2929 66 32 dem

1503 2980 12 30 4
