3262 4966
103 3456 163 34 —
239 3452 14 42 8

1392 134 15 7 D

285 213 102 45 Von
423 215 64 42 der
518 215 332 60 Klauſenburger
872 218 132 48 Seite
1034 221 72 54 her
1135 220 167 57 näherte
1332 222 72 53 ſich
1412 209 68 73 in
1485 223 141 55 ſchar⸗

157 275 84 50 fem
273 276 141 46 Trabe
438 277 69 45 ein
538 276 296 62 Reiterhaufen
887 286 70 45 aur
1004 287 87 39 dem
1141 298 91 42 zum
1263 286 152 48 Kaſtell
1461 285 165 57 fahren⸗

156 340 74 42 den
265 338 253 59 Bege.

276 399 128 56 Ze
438 399 80 50 and
552 402 103 56 fere
739 409 179 54 Gefährten
952 408 84 53 fnd
1072 414 69 41 t
1194 407 178 48 Zautlos
1398 416 81 42 und
1498 415 130 56 daſter

156 467 106 54 folgt
297 465 130 58 Einer
458 469 104 46 dem
582 470 187 46 Andern.
1375 473 48 64 —

283 529 111 52 Die
409 529 154 51 Sonne
593 536 47 49 iſt
671 536 113 49 ſchon
819 548 69 30 am
921 535 183 57 Himmel
1137 531 395 64 heraufgekommen.

278 614 73 14 —
374 592 107 50 Wir
531 601 126 41 baben
701 604 88 38 uns
816 597 218 54 verſdãtet
1153 603 143 55 ſagte
1338 602 170 56 Einer,
1558 609 71 40 der

283 66 7 5 é
1642 72 26 25 ——
1776 76 7 11 —

538 79 26 6 d
1734 95 4 3 *
2442 96 14 6 —
2907 99 19 10 —
2985 102 12 7 é

563 83 11 18 —
2813 108 12 17 7
2963 100 31 40 —

350 110 2 4 mu
444 106 12 8 —
523 115 2 2 .
591 105 17 10 2
1697 126 2 2 —
2708 123 34 12 5
2760 123 71 14 e.
2960 130 9 9 ——

292 116 17 14 8
595 116 27 15 2

613 135 78 7 u
2767 156 16 10 4—
2988 160 16 11 50.

158 656 130 46 neben
316 657 130 54 Jmre
496 663 84 50 ritt,
628 660 142 45 indem
813 675 40 31 er
903 663 74 47 auf
1026 662 61 45 die
1114 672 89 35 am
1237 663 186 62 Himmel
1450 668 203 51 erſchei⸗

158 726 130 48 nende
319 721 256 59 Glathröthe
607 726 194 51 hinwies.
835 749 62 9 —
933 723 129 46 Dort
1091 726 149 45 brennt
1292 726 75 47 De
1389 730 63 43 in
1482 731 146 57 Haus.

279 809 65 9 —
374 785 209 52 Vielleicht
614 789 93 50 noch
743 789 101 53 nicht
880 811 57 10 —
973 790 470 54 erwiederte
1211 781 114 72 Smre
1337 781 102 72 und
1467 794 162 55 ſporute

155 837 83 68 ſein
272 848 132 55 Pferd
437 863 51 41 zu
536 851 95 54 noch
668 854 242 50 ſchnellerem
943 852 134 46 Trabr
1131 868 69 33 an.
1268 855 134 46 Seine
1423 851 215 66 Freunde

125 916 277 44 vermochten
436 914 86 52 ihm
559 910 112 66 kaum
691 930 68 41 zu
797 918 150 54 folgen.
1072 926 101 10 J

159 975 196 43 An
396 979 115 41 einer
553 975 354 60 Wegkrämmung
957 981 148 52 endlich
1155 983 169 51 erſchien
1370 987 82 54 das

155 1035 103 49 Das
279 1037 167 54 Kaſtell
477 1045 113 39 ward
623 1043 187 51 ſichtbar:
844 1046 78 42 wie
950 1042 69 45 ein
1051 1042 253 48 brennender
1342 1047 286 58 Scheiterhan-

156 1099 68 55 fen
256 1103 123 49 lohte
393 1109 49 38 es
474 1106 95 50 boch
603 1107 76 53 auf
714 1121 49 28 an
797 1112 69 38 der
902 1107 119 45 Seite
1052 1112 73 39 des
1155 1107 183 59 Berges.

1496 985 131 47 Thal

252 1164 130 52 Sie
417 1168 60 43 ein
513 1168 160 56 tödtlich
724 1175 281 40 verwundetrs
1053 1169 119 48 Wild
1218 1176 121 50 ſchrie
1384 1179 69 47 der
1480 1174 174 58 Zung.

156 1230 87 52 ling
272 1231 101 53 auf;
406 1244 40 30 er
475 1233 63 48 rin
567 1233 80 50 ſein
682 1233 191 47 Schwert
924 1239 74 38 aus
1029 1242 70 37 der
1133 1236 187 54 Scheide,
1355 1244 83 39 und
1482 1240 46 43 in
1566 1254 62 41 ge—

158 1292 194 45 ſttecktem
386 1291 110 53 Zauf
524 1296 181 56 ſprengte
738 1311 42 30 er
814 1302 73 40 den
923 1296 115 59 Berg
1078 1301 139 56 hinab,
1251 1303 160 51 jenſeits
1452 1311 74 37 den
1558 1304 68 53 ſich

156 1354 300 57 ſchlangelnden
494 1357 104 59 Weg
635 1361 129 51 hinan
798 1365 85 41 und
917 1364 138 56 ſtand,
1090 1369 67 42 ehe
1192 1366 59 42 ein
1291 1366 337 46 Stundenviertel

156 1421 188 54 verging,
376 1433 74 31 vor
482 1426 89 40 dem
604 1423 166 53 Kaſtell.

283 1482 70 45 An
389 1487 74 41 das
495 1487 301 54 zertrümmerte
815 1487 118 57 Thor
964 1491 159 55 gelehnt
1156 1490 97 53 fand
1245 1478 67 72 er
1317 1493 126 44 einen
1462 1494 164 43 betrun⸗

156 1546 122 45 kenen
317 1546 238 53 Salachen.

283 1634 63 9 —
378 1609 87 47 Wo
497 1613 49 48 iſt
577 1615 103 41 mein
716 1611 173 53 Bater?
922 1627 62 32 wo
1033 1617 127 43 meine
1194 1617 322 46 Verwandten?
1562 1634 90 30 wo

156 1675 130 43 meine
323 1672 227 47 Geliebte?
581 1677 132 50 ſchreit
742 1690 42 30 er
818 1681 43 41 in
874 1680 323 57 wabnfinniger
1210 1680 313 58 Verzweiftung
1540 1692 86 36 und

154 1737 212 53 ſchwenkte
402 1743 74 39 das
515 1739 190 54 Schwert
738 1740 97 46 über
875 1744 157 53 ſeinem
1062 1743 185 56 Haupte,
1296 1760 70 30 um
1412 1751 75 41 den
1520 1745 108 47 Wa⸗

155 1802 134 54 lachen
321 1806 400 53 niederzuhauen.

283 1862 145 53 Dieſer
462 1867 93 51 ſank
587 1868 108 48 aufs
730 1867 104 44 Knie
868 1874 82 38 und
984 1870 133 55 flehte,
1153 1885 39 30 er
1240 1873 88 44 ſolle
1377 1874 86 54 ihm
1498 1874 128 47 nichts

152 1940 50 45 zu
233 1925 118 47 Leide
385 1933 114 49 thun,
522 1931 116 59 nicht
674 1945 39 29 er
745 1935 99 52 habe
881 1937 57 39 die
972 1932 154 55 Herren
1165 1937 186 54 getödtet.

279 2016 66 8 —
377 1991 101 54 Alſo
511 1995 174 54 getõdtet
717 1997 99 52 habt
847 1995 94 55 Shr
969 1998 73 49 ſiel
1075 2000 117 51 ſchrie
1236 2005 73 40 der
1354 2001 275 55 anglũcii
1564 1987 68 73 ce

156 2050 209 64 Süngüng
402 2057 40 42 in
474 2057 144 51 ſeinen
657 2059 214 56 Schmerze
906 2063 75 50 auf
1011 2067 81 38 und
1144 2064 90 48 ſank
1280 2068 44 41 in
1361 2066 264 45 erffickendem

156 2117 250 58 Schlachzen
472 2121 74 50 auf
609 2128 69 38 den
738 2122 157 47 Nacken
946 2126 127 54 feines
1120 2125 168 58 Roſſes.
1356 2128 106 56 Weh
1519 2131 104 42 mir!

160 2185 89 52 weh
282 2184 104 43 mir!

279 2246 287 46 Mittlerweile
600 2258 133 36 waren
772 2253 96 47 auch
920 2253 101 52 ſeine
1055 2253 229 50 Gefährten
1330 2257 293 56 herbeigekom

155 2321 92 32 men
281 2316 85 38 und
400 2311 49 49 ſie
477 2307 184 71 wollten
674 2307 105 71 den
785 2313 220 53 Walachen
1043 2320 305 54 niedermetzeln.

277 2377 66 29 —
375 2371 127 59 Laſſet
535 2377 72 53 ihn
626 2367 72 41 —
732 2379 137 52 iprach
901 2386 70 39 der
1002 2378 223 61 Jüngling.
1261 2409 56 7 —
1355 2383 134 54 Stehe
1523 2383 97 49 auf!

152 2433 137 58 Zichte
328 2439 102 51 mich
478 2440 87 54 hin,
601 2443 64 40 wo
709 2433 79 63 ſie
815 2443 200 56 begraben
1042 2446 167 55 licgen.
1263 2445 105 60 Aue
1416 2445 207 55 getõdtet

152 2499 157 44 Keinen
343 2501 197 56 Einzigen
577 2505 126 46 ließen
735 2505 50 49 ſie
829 2507 35 40 le
872 2495 97 69 ben!
1016 2508 137 49 feinen
1188 2507 223 53 Einzigen!
1460 2509 60 68 2
1537 2522 86 29 ver⸗

153 2564 125 52 Rucht
312 2564 50 49 ſei
396 2569 67 39 der
494 2564 107 56 Tag,
636 2566 67 44 der
735 2569 95 52 nach
862 2568 145 53 ſolcher
1038 2567 135 52 Nacht
1209 2572 93 46 noch
1335 2575 69 54 am
1431 2569 190 58 Himumel

153 2623 156 64 emporũñ̃
314 2623 107 64 eigt.
865 2628 33 64 Jd

233 2688 140 57 Der
420 2688 193 49 Walache
645 2690 147 52 füerte
842 2691 51 52 ſie
945 2708 66 47 an
1047 2695 115 43 einen
1200 2698 127 51 hohen
1361 2695 142 58 Hügel
1534 2704 85 36 und

153 2744 172 66 erzãhlte
359 2757 182 53 zitternd,
579 2756 70 42 wie
683 2771 94 28 man
815 2759 62 53 die
910 2753 271 50 Gemordeten
1217 2762 71 43 alle
1306 2765 65 38 daä
1406 2763 214 53 begraben.

246 2816 127 46 Der
423 2821 99 51 letzte
558 2818 256 59 Sotößſing
842 2825 92 56 der
964 2822 292 56 unglücklichen
1293 2824 191 54 Familie
1513 2825 105 53 ſank,

150 2869 76 78 wie
243 2869 133 78 wenn
414 2881 66 53 idn
519 2885 64 40 der
620 2884 155 56 Schlag
812 2886 191 56 getroffen
1035 2887 125 56 Hatte,
1175 2890 161 42 lautlos
1352 2869 93 78 vora
1453 2869 162 78 Pferde

150 2947 70 55 hin
255 2959 53 30 an
345 2950 72 38 das
456 2945 117 47 Gtad
565 2941 183 68 ſeiner.
768 2941 200 68 Theuren.

278 3008 137 45 Seine
446 3009 186 54 Freunde
655 3009 135 47 boben
819 3012 76 44 isn
937 3013 71 48 auf
1038 3018 85 38 und
1160 3018 126 53 legten
1322 3016 70 53 ihn
1429 3017 78 52 auf
1544 3020 75 40 das

152 3070 118 46 Gras
307 3075 84 51 hin,
429 3076 89 39 dort
553 3087 60 29 wo
647 3076 84 53 dies
770 3073 62 45 em
869 3078 210 54 wemgſten
1120 3080 128 56 blufig
1284 3094 98 39 wat,
1417 3085 106 39 dann
1554 3083 62 42 be—

151 3149 161 43 gannen
352 3137 46 46 ſie
433 3150 49 30 an
520 3139 212 49 demſelben
768 3139 106 45 Orte
908 3142 119 55 zwoͤlf
1058 3140 165 61 Graͤder
1258 3153 61 46 zu
1340 3147 168 52 graben.

277 3200 165 47 Grabet
472 3205 191 53 dreizehn,
699 3202 57 32 —
792 3205 126 56 achzte
960 3203 134 62 Jmte.
1162 3206 160 47 Grabet
1368 3210 99 56 auch
1513 3210 104 43 mein

148 3256 121 66 Grab
748 3268 100 8 u

275 3328 134 47 Dann
447 3328 171 54 öffneten
655 3330 49 50 ſie
735 3335 76 40 das
846 3333 120 54 große
986 3332 119 47 Gtab
1141 3337 81 41 und
1252 3336 223 50 entfernten
1496 3336 123 54 Jmre

149 3393 75 55 mit
256 3390 175 47 Gewalt
463 3406 78 29 von
596 3396 227 50 demſelben.
893 3394 109 46 Was
1054 3411 40 29 ct
1144 3403 87 40 dort
1279 3400 163 58 geſcheü
1495 3402 120 57 hätte,

225 3470 62 30 rde
321 3459 71 41 inn
422 3457 258 56 dannnnig
718 3461 177 54 gemacht
927 3462 148 51 haben.
1306 3477 73 3 —
1505 3475 78 26 —

274 3545 59 6 —
368 3519 92 43 All
496 3521 192 54 getödtet!
726 3547 56 9 —
833 3525 203 58 ſchluchzte
1089 3538 53 33 er.
1179 3551 54 8 —
1268 3527 158 46 Keigen
1461 3525 156 62 Einzi⸗

147 3595 74 42 gen
255 3586 130 48 baben
420 3584 51 49 ſie
508 3599 61 29 am
604 3583 125 46 Leben
732 3579 230 70 gelaſſen!
981 3624 106 8 ....

273 3647 113 49 KNadc
419 3648 133 56 kurzer
597 3646 91 54 Zeit
736 3651 85 43 trat
852 3666 107 30 einer
1008 3654 123 50 ſeiner
1161 3651 232 58 Gefährten
1442 3669 61 44 zu
1532 3658 87 57 ihm

147 3713 83 42 und
260 3713 217 52 berichtete,
514 3712 72 48 daß
619 3716 100 41 man
754 3717 57 41 im
845 3714 142 47 Srabe
1018 3730 80 31 nur
1140 3718 73 45 eilf
1244 3719 215 57 gefunden.

271 3799 59 7 —
369 3773 70 46 So
476 3779 93 45 maE
606 3776 123 45 Einer
766 3780 137 43 leben!
937 3781 112 52 ſchre
1085 3785 67 40 der
1185 3780 212 60 Jüngling
1428 3785 100 44 mit
1559 3786 57 42 ei-

144 3852 89 30 mem
282 3839 178 44 bleicen
515 3837 371 62 Hefnungeſträhh
937 3846 52 41 im
1041 3842 133 59 Auge.
1215 3853 57 26 —
1304 3847 120 46 Ser
1473 3850 144 52 fehlt?

146 3901 175 53 Sprich,
357 3903 49 46 iñ
441 3903 61 41 ein
537 3906 145 53 junges
730 3908 289 55 blendlockiges
1053 3909 202 53 Madchen
1306 3923 118 33 unter
1456 3908 162 66 ihnen?

267 3964 93 48 Der
392 3964 200 57 Gefragte
626 3973 109 38 ward
772 3984 67 30 um
876 3973 85 42 eine
994 3970 197 48 Antwort
1223 3979 198 55 verlegen.

269 4029 79 56 Jch
381 4030 104 48 weiß
517 4030 116 55 nicht,
672 4056 56 23 —
766 4035 104 55 ſogte
899 4050 45 29 er
974 4038 167 50 endlich.

268 4118 58 9 —
364 4094 77 47 Du
476 4097 118 47 weirt
628 4097 134 44 nicht?
981 4104 70 39 der
1078 4098 123 45 Zang

143 4157 75 46 So
251 4160 99 56 gehe
384 4159 68 53 hin
487 4163 87 38 und
570 4152 126 69 ſieh'
710 4152 132 69 nach.

266 4220 96 48 Der
397 4221 243 56 Angeredete
670 4227 139 40 wollte
839 4228 74 40 der
936 4225 179 59 Auftrag
1151 4229 100 56 nich

267 4312 55 7 —
366 4285 104 53 Geh
507 4288 67 49 hin
612 4293 79 38 und
1250 4294 9 7 i

142 4350 87 56 fing
266 4352 206 42 abermals
511 4363 65 28 an.

659 3268 27 8 u—

149 3486 69 12 —

813 4100 128 27 7*32**

817 4132 5 10 *
835 4131 106 24 E—

266 4503 54 8 —
360 4477 110 53 29]
508 4502 59 9 —
631 4479 152 50 ſünte
818 4487 66 37 der
915 4481 226 57 Jünglint,
1177 4485 126 57 ſclug
1338 4487 105 45 beide
1465 4486 150 58 Hände

137 4541 111 44 dor's
301 4540 156 52 Geſicht
513 4546 85 40 und
648 4544 108 48 warf
810 4545 72 53 ſich
934 4546 204 46 abermals
1197 4551 181 44 weinend
1428 4554 77 54 auf
1551 4555 62 44 die

138 4604 108 47 Erde
280 4607 84 54 hin.

262 4695 53 7 —
357 4667 178 48 Barum
565 4672 122 57 itagſt
706 4670 113 49 Du?
852 4672 180 50 Watum
1050 4675 167 53 wollteñ
1232 4674 81 49 Du
1332 4682 80 44 das
1430 4680 221 57 wiffen?1

1803 2608 9 5 —
1967 2534 100 81 —

1686 1302 127 58 Dorf
1845 1320 51 42 zu
1936 1307 130 53 Dorf.

1814 224 82 48 Da
1928 227 240 54 beſtarmten
2202 233 105 43 denn
2327 235 93 57 die
2455 238 164 54 jungen
2667 231 188 53 Manner
2902 243 77 42 den
3031 236 150 52 Eara-

1694 291 89 44 den
1815 291 79 43 mit
1924 295 71 40 der
2014 292 159 61 Frage,
2206 302 92 36 was
2333 311 41 29 er
2404 308 84 34 von
2528 303 90 41 dem
2646 301 208 63 Madchen
2871 287 161 81 wiſfe
3067 287 115 81 Der

1691 355 121 49 ſtelte
1842 354 85 52 ſic.
1949 353 202 63 Anfangs
2187 360 214 43 betrunken
2438 367 95 39 und
2560 364 357 61 —
2820 360 35 69 ⏑
2957 369 77 53 —
3067 375 66 44 1—

1692 420 66 40 ais
1789 417 73 49 ſit
1875 415 86 54 ihm
1979 417 109 61 coer
2114 423 168 58 Zurcht
2301 426 222 54 einjagten,
2564 422 128 49 dabei
2699 417 152 70 jedoch
2882 423 302 71 verfprachen,

1691 481 74 52 ihn
1799 479 120 61 leben
1945 495 59 54 zu
2027 486 139 54 laſſen,
2197 482 172 58 gefland
2399 502 55 41 er,
2486 492 76 46 daß
2584 475 117 78 man
2714 475 59 78 fe
2792 475 185 78 ini
3006 475 176 78 RWnfι

1691 535 180 80 gebůben
1887 541 107 48 And
2007 543 59 62 in
2086 552 89 40 das
2204 546 184 61 Ertirze
2416 554 144 51 hinein
2589 557 195 53 gejahren
2818 558 103 53 habe
2981 573 78 40 wo
3081 575 97 31 man

1689 621 76 29 um
1796 608 52 51 ſit
1876 607 182 54 würfeſn
2092 617 272 56 erde.
2556 616 123 60 —
3079 657 11 23 3

1803 673 73 29 —
1909 671 83 53 Jch
2038 679 111 52 gehe,
2192 671 75 35 —
2297 674 138 58 ſſzrach
2483 684 89 39 der
2602 679 232 60 Jungling,
2886 685 83 51 ſich
3002 685 175 56 plutzlich

1694 732 251 60 entſchloſſen
1979 743 81 54 ans
2092 741 123 51 ſeiner
2248 752 208 46 derzagten
2479 741 105 59 Lage
2612 748 224 55 erhebend,
2870 773 61 19 —
2960 749 61 57 ich
3054 756 122 50 gehe!

1802 797 217 53 Wohin?
2026 793 194 78 Fragten
2246 804 67 59 ihn
2349 807 62 40 die
2447 804 248 62 Geiabrten.
3007 813 122 24 u

1815 884 45 10 —
1865 862 133 46 Sie
2030 867 153 52 ſuchen.
2317 866 123 61 Zieh'
2495 869 113 46 Dein
2641 871 122 46 Kleid
2795 878 117 51 aus,
2948 899 55 23 —
3037 878 140 52 ſprach

1694 938 39 30 er
1768 936 100 44 zum
1900 924 228 61 Walachen
2163 936 229 56 gewendet.
2417 958 53 7 —
2509 941 83 36 und
2626 940 131 48 nimm
2756 920 108 80 das
2885 934 292 62 meinige
3083 920 94 80 da⸗

1691 987 84 51 kut.
1814 1012 66 25 —
1905 988 180 49 Eitends
2121 994 103 51 warf
2257 994 70 49 fich
2361 993 123 55 Sure
2529 1003 42 38 in
2621 1002 63 41 die
2718 1000 191 54 einr̃ache
2924 983 113 75 Leis
3049 983 126 75 wasd.

1690 1048 141 56 Sſugn
1869 1057 71 39 des
1971 1053 224 49 Walachen
2247 1062 84 39 und
2361 1051 188 67 verbarg
2596 1062 123 54 ſeine
2734 1062 191 71 Diſtolen
2953 1067 48 55 in
3047 1067 133 57 deſſen

1692 1114 159 49 bteitem
1884 1115 187 49 lebernen
2103 1122 152 46 Gurte-

1813 1177 102 47 Wit
1952 1179 143 59 folgen
2117 1179 131 58 Dir,
2283 1207 53 8 —
2352 1187 294 46 ermunterten
2689 1192 76 53 ihn
2810 1191 117 51 ſeine
2963 1192 212 55 Freunde;

1693 1244 174 41 wit
1859 1240 202 73 werden
2065 1249 73 49 ſie
2172 1249 73 42 mit
2278 1244 92 48 den
2391 1248 170 58 Baffen
2599 1257 39 38 in
2673 1259 69 38 der
2774 1253 128 56 Hand
2935 1257 140 46 ſuchen
3095 1269 82 34 von

2134 1310 96 45 Wir
2275 1318 153 37 werden
2467 1312 107 51 Dich
2626 1317 206 55 begleiten
2854 1322 88 39 und
2990 1318 187 56 ſchützen.

1824 1393 57 7 —
1919 1369 104 47 Das
2057 1384 120 48 taugt
2207 1378 147 46 nichts.
2421 1375 78 53 Jch
2549 1384 93 51 gebe
2688 1384 132 41 Allein.
2887 1383 134 45 Allein
3069 1386 108 52 finde

1693 1427 53 51 ic
1782 1432 50 52 ſie
1878 1435 163 50 leichter.
2108 1438 104 47 Gott
2263 1449 75 34 mit
2391 1438 136 59 Each!
2578 1441 139 48 Wenn
2750 1445 55 53 ich
2855 1446 104 52 nicht
3008 1450 160 43 wieder

1692 1497 123 54 kehre,
1853 1495 126 49 rächet
2011 1503 114 53 mich.
2160 1527 57 7 —

1820 1559 129 46 Dann
1999 1569 173 41 wendete
2221 1580 53 28 er
2312 1566 66 45 ſich
2430 1582 90 43 zum
2566 1568 253 54 Waachen:
2871 1596 60 33 —
2955 1569 219 67 Menſch⸗

1692 1621 64 54 Jn
1791 1620 181 48 Demem
2006 1626 237 58 Ledergurte
2276 1634 49 38 da
2357 1632 103 51 habe
2494 1634 54 48 ich
2581 1637 65 40 ein
2683 1634 236 46 Medailon
2955 1639 221 55 gefunden,

1691 1687 76 48 daß
1799 1689 130 43 meine
1956 1688 277 54 Großmutter
2266 1708 62 30 am
2361 1694 129 53 Halſe
2521 1694 57 57 zu
2602 1706 140 48 tragen
2770 1701 155 56 pflegte
2959 1707 85 39 und
3078 1707 96 40 wel⸗

1694 1752 84 47 ches
1813 1749 97 51 mich
1940 1753 48 44 in
2023 1752 108 50 Dit
2146 1758 113 43 einen
2297 1759 101 52 ihre,
2439 1758 174 46 Mörder
2643 1766 233 41 vermutbes
2923 1766 109 51 lãſt;
3081 1767 93 43 abet

1691 1815 55 50 ich
1781 1815 201 55 verſprach
2014 1816 104 56 Dir,
2152 1822 80 47 daß
2263 1822 55 48 ich
2352 1820 94 46 Dir
2464 1826 151 53 nichts
2648 1830 53 53 zu
2715 1823 129 62 Lride
2893 1833 107 48 thun
3049 1832 124 54 laſſen

1693 1877 153 56 Dütde,
1881 1882 215 56 empfange
2127 1881 117 47 Dein
2277 1882 125 47 Leden
2439 1890 64 41 als
2525 1886 203 54 Geſchenk
2762 1897 79 37 aus
2864 1894 153 42 meiner
3036 1893 137 58 Hand.

1692 1939 142 58 Haltet
1867 1944 68 52 ihn
1972 1960 76 30 nut
2082 1949 41 51 ſo
2163 1950 119 55 lange
2337 1952 209 53 gefangen,
2581 1953 65 43 dis
2683 1956 55 54 ich
2790 1958 61 40 die
2895 1953 139 60 Serge?
3082 1962 92 40 dort

1686 2006 57 24 —

1679 2018 154 33 Batet
1860 2005 81 74 nit
1952 2005 125 74 habe,
2101 2017 143 40 Sanit
2272 2028 44 28 er
2344 2015 159 50 ſeinen
2513 2014 232 61 Serartea
2757 2020 145 53 nicht
2910 2005 139 74 meiar
3076 2019 98 48 An-

1650 2067 158 56 Fanft
1845 2070 59 44 im
1937 2070 174 47 Boraus
2156 2080 194 45 verrathe.

1819 2132 177 57 Hiermit
2044 2142 124 50 nahm
2220 2154 39 29 er
2292 2140 192 54 Abſchied
2534 2154 81 33 von
2667 2147 72 42 den
2792 2143 229 59 Freunden,
3066 2148 112 49 warf

1691 2198 93 43 noch
1821 2198 114 43 einen
1968 2197 130 50 Blick,
2120 2205 85 58 auf
2232 2204 83 44 die
2345 2205 70 52 eiif
2463 2223 151 49 nenen
2619 2202 316 74 Srabeshügel,
2991 2212 71 50 auf
3093 2216 78 40 das

1688 2259 243 58 brennende,
1963 2262 178 56 zerſtörte
2179 2267 284 59 Stammhaus
2477 2268 124 62 uad
2621 2272 129 53 ſchlug
2773 2279 123 38 dann
2951 2279 73 40 den
3059 2275 107 58 Weg

1688 2323 77 53 ein,
1798 2329 69 39 der
1903 2331 39 37 in
1979 2333 71 38 das
2085 2330 147 46 duſtere
2261 2330 162 58 Janere
2472 2328 70 51 des
2577 2333 171 47 Waldes
2782 2338 125 54 führt,
2944 2353 72 30 um
3061 2340 103 55 ſeine

1690 2385 199 57 Geliedte,
1927 2396 73 38 das
2036 2393 265 53 filberblonde
2333 2395 234 58 Mädchen,
2601 2401 277 56 aufzuſuchen.

2551 2463 25 24 4

3123 2553 26 18 —

2675 2523 160 54 Sortſ.
2871 2527 150 53 folgt)

1994 2695 301 84 DWVrivat⸗
2295 2695 237 84 Corref
2540 2695 273 84 vondenz.

2276 2897 295 59 Stettig,
2606 2907 89 41 den
2730 2901 45 49 8.
2809 2903 127 56 April
2967 2904 138 50 1854.

1810 2953 78 55 Jch
1922 2949 135 70 fange
2072 2949 176 70 meinen
2251 2960 116 69 dies
2366 2960 167 69 maligen
2569 2966 174 56 Bericht
2765 2976 83 49 mit
2876 2973 74 41 der
2979 2970 190 54 Journa⸗.

1686 3018 98 49 liſtik
1819 3034 67 29 an.
1952 3021 82 47 Sie
2069 3025 153 52 wiſſen,
2259 3029 76 48 daß
2357 3014 74 67 die
2443 3030 230 45 Stettiner
2704 3024 370 70 Tages⸗Literatur
3079 3024 94 70 auf

1687 3082 80 43 drei
1799 3081 224 59 Zeitungen
2051 3087 94 57 Ach
2191 3092 260 53 deſchränkt;
2496 3098 65 41 die
2594 3094 245 59 Belietriſtik
2881 3098 131 53 findet
3055 3103 114 44 dabei

1685 3145 103 44 keint
1823 3147 271 59 Bertretung.
2136 3141 219 78 Fruhere
2373 3141 293 78 Unternehmer
2698 3163 42 40 in
2774 3164 188 51 letzterem
2995 3161 171 49 Gcbier.

1684 3212 126 47 taben
1845 3214 59 41 die
1937 3213 133 46 Sache
2104 3216 116 53 falſch
2257 3221 274 56 angefangen,
2566 3229 43 37 es
2645 3226 97 49 ließe
2777 3225 67 49 ſich
2878 3232 126 38 etwas
3037 3232 131 42 damit

1685 3277 176 52 machen,
1897 3279 92 41 aber
2017 3280 150 54 frrilich
2201 3294 120 32 unter
2356 3290 71 37 den
2462 3287 277 44 obwaltenden
2776 3283 128 69 Pren⸗
2910 3283 253 69 Berhãltnij.

1685 3339 63 48 ſen
1800 3339 115 45 nicht.
1981 3340 102 47 Das
2132 3346 134 51 alteſte
2312 3350 71 42 der
2431 3349 84 53 hier
2550 3351 289 49 erſtheinenden
2874 3351 194 59 Blätter,
3099 3360 65 42 dir

1686 3404 240 55 ſogenannte
1972 3409 254 56 privilegirte
2264 3409 209 57 Stettiner
2505 3412 190 61 Zeitung,
2716 3417 84 56 hat
2832 3419 120 54 durch
2985 3408 65 69 die
3070 3422 94 50 Un.

1683 3467 250 53 tuglichkeit
1979 3463 121 82 ihrer
2117 3463 150 82 Letet
2274 3472 120 45 den
2419 3471 197 62 früheren
2660 3477 96 53 Ruf
2789 3494 103 44 ganz
2925 3483 241 58 tingebuͤßt;

1677 3530 55 47 ſir
1782 3528 108 58 zählt
1937 3534 60 43 die
2043 3537 217 56 wenigſten
2296 3537 274 49 Abonnenten
2620 3549 81 38 und
2757 3547 100 41 wird
2899 3556 88 33 von
3017 3544 146 62 dieſen

1681 3594 111 52 ſeibſt
1841 3609 78 31 nur
1967 3605 80 38 aus
2093 3602 110 41 einer
2236 3599 82 46 Art
2366 3617 77 30 von
2477 3604 147 53 Pietãt
2669 3620 124 44 gegen
2827 3610 83 53 ihre
2944 3613 220 54 glamzvolie

1679 3656 337 59 Bergangenheit
2055 3668 205 52 gebalten.
2470 3667 86 47 Die
2594 3671 185 56 „Oſ
2790 3672 375 61 ſeesScitung“

1683 3722 148 54 möchte
1862 3726 58 51 ich
1950 3727 44 41 in
2027 3728 62 42 die
2121 3725 130 46 Mitte
2286 3730 157 53 ſtellen;
2487 3733 49 46 ſie
2569 3735 49 51 iſt
2649 3739 106 48 nicht
2789 3739 42 42 in
2862 3737 151 55 ſolchen
3047 3741 120 52 Miß⸗

1684 3788 117 42 credit
1850 3789 246 55 gekommen,
2146 3793 73 41 wie
2267 3799 64 38 die
2361 3797 267 55 ptivilegirte,
2682 3803 94 40 aber
2822 3806 64 39 der
2920 3802 108 58 Weg
3061 3811 103 53 dazu

1681 3851 149 52 ſcheint
1858 3847 132 75 emag
2003 3847 252 75 angebahnt
2286 3871 48 42 zu
2366 3866 173 39 werden.
2606 3861 83 47 Die
2720 3862 338 63 Oñſee-Scitung
3087 3875 76 49 hat

1681 3913 82 45 drei
1791 3914 171 56 Phaſen
1997 3921 316 54 durchgemacht:
2361 3923 150 45 einmal
2542 3936 120 35 unter
2693 3927 211 46 Altvater⸗
2923 3926 243 69 gediegener

1680 3976 185 59 Leitung,
1903 3980 58 44 die
1996 3982 58 53 iht
2090 3988 70 39 den
2197 3981 98 54 Ruf
2326 3990 72 40 des
2432 3989 139 55 erſten,
2608 3992 70 41 alle
2712 3994 315 56 kommerziellen
3062 3997 98 55 Fra⸗

1681 4041 77 56 gen
1814 4042 80 46 mit
1934 4045 213 53 ſcharfem
2197 4046 121 48 Blic
2381 4053 369 57 durchdringenden
2819 4055 340 57 Handelsbiatte?

1681 4105 306 53 Deutĩchlands
2037 4114 178 50 ſicherte;
2262 4118 111 40 dann
2410 4128 120 32 unter
2563 4116 160 46 Raron
2757 4126 85 38 nus
2880 4121 181 59 Tiem̃en,
3099 4128 58 42 die

1680 4171 48 41 in
1770 4173 75 39 den
1894 4171 330 61 ſarmbewegten
2254 4175 146 59 Tagen
2449 4185 74 39 des
2554 4181 158 54 Jahres
2752 4181 140 49 1848
2925 4184 107 55 kühn
3077 4198 81 36 und

1681 4235 304 57 unerorocen,
2036 4253 91 30 eber
2161 4241 128 48 nichts
2323 4243 103 44 deno
2462 4245 171 57 weniger
2667 4251 79 39 edel
2786 4252 78 37 und
2895 4248 160 59 würdig
3089 4251 70 51 fät

1662 4292 104 78 tie
1772 4292 140 78 Sache
1958 4306 74 40 des
2066 4303 146 45 Bolks
2247 4309 89 49 ihte
2368 4305 128 47 Lanze
2545 4312 224 54 einlegten;
2816 4316 80 38 und
2932 4315 147 45 endlſch

1678 4364 69 40 der
1771 4362 341 60 gegenwãrtigen
2150 4367 213 59 Führung,
2416 4373 156 57 welche,
2618 4384 108 32 matt
2760 4382 80 35 und
2874 4375 175 53 kraftlos
3083 4384 76 44 wie

1678 4425 51 63 ſie
1763 4425 57 53 iſ,
1854 4434 129 38 weder
2013 4429 68 51 füt
2111 4433 212 53 doſitiſche,
2361 4438 92 53 noch
2491 4434 72 45 tür
2589 4437 307 57 merkantiliſche
2928 4435 224 70 Jntereſen

1678 4490 137 55 irgend
1861 4495 141 43 welce
2036 4493 247 60 Bedertang
2320 4502 93 40 bat.
2467 4497 123 53 Noch
2622 4504 104 55 dazu
2762 4503 46 54 iſt
2843 4506 67 41 der
2946 4504 214 58 Adoendiz

1680 4556 162 49 welchen
1894 4556 96 53 dieſe
2040 4556 171 60 Zeitung
2275 4561 42 42 in
2376 4562 110 51 ihren
2555 4563 602 58 Theater-Referat?n

1676 4617 132 51 bietet,
1844 4632 80 30 nut
1957 4623 179 54 geeignet
2154 4624 82 55 ihr
2242 4613 191 76 Amfehen
2464 4630 64 41 bei
2568 4635 84 38 dem
2683 4631 221 53 gebildeten
2926 4631 232 54 Publitum

1679 4681 186 47 Stettins
1897 4687 111 56 meht
2041 4691 84 41 und
2158 4691 115 55 meht
2305 4701 50 45 zu
2385 4695 288 55 antergraden.
2738 4690 90 49 Die
2861 4705 122 37 unter
2980 4695 179 71 gedach⸗
