5236 8368
170 67 121 97 E
329 46 143 63 Reſa
511 49 146 71 kring
694 56 205 61 jorden.
963 58 200 65 Sleppel
1188 62 165 55 Wal.

147 123 163 58 titte?,
351 121 152 62 topten
543 124 63 86 R.
647 127 250 68 Hartman,
927 133 103 56 fraͤn
1058 135 187 65 Noſtad,
1275 138 80 62 har

147 190 131 72 paͤ7
321 195 137 58 dogar
500 203 175 50 mindre
714 207 59 48 än
812 212 61 44 ett
911 206 54 51 aͤr
1005 209 177 56 fäͤrdais
1204 212 150 63 jorden

147 270 162 58 rundt.
370 268 105 54 Den
517 273 29 51 7
588 273 220 62 Februari
849 280 139 53 1874
1026 281 133 70 fgic
1196 285 153 51 uͤemii

150 361 82 51 gen
274 342 161 62 ſteppet
475 345 103 61 fraͤn
621 347 217 70 England
880 356 65 57 och
984 354 251 54 aͤterwände
1275 361 80 48 den

150 419 33 54 1
229 420 319 83 innewarande.
608 422 224 58 Februari.
890 427 68 51 till
1013 427 184 55 London
1249 431 108 58 efter

153 499 68 47 att
260 493 54 53 ha
354 499 119 55 gjort
533 493 194 63 föliande
785 500 139 54 refor:
986 501 102 54 fraͤn
1146 501 211 68 England

153 566 72 52 ml
266 563 247 83 Henglong
573 571 95 47 med
709 571 80 61 kol,
838 571 104 60 fraͤn.
1002 574 246 65 Honglong
1288 576 67 50 till

152 637 216 55 Manilla
412 641 93 46 med
548 640 181 62 barlaſt,
767 644 103 60 fraͤn
911 644 212 52 Manilla
1146 647 68 51 ticl
1244 648 113 49 San

154 708 241 66 Franciſko
447 714 93 46 med
589 712 128 62 ſocker
757 715 113 60 ſamt
912 717 103 53 fraͤn
1054 718 112 52 San
1210 719 150 55 Fran⸗

155 784 107 69 ciſko
302 780 69 53 till
409 779 181 56 London
632 789 94 46 med
767 790 146 53 hwete.
1082 776 85 79 (A.
1210 790 79 61 u)

233 888 60 7 —
337 854 149 64 Fraͤn
543 862 342 58 Mariehamn
939 861 205 66 ſtrifwes
1190 848 167 65 tillA.

153 939 65 65 P.
287 931 79 50 den
418 928 63 50 19
535 929 151 61 Febr.:
744 931 127 52 Man
930 935 82 62 har
996 924 82 84 nu
1153 936 83 49 allt
1274 935 87 64 ſtäl

156 1019 70 46 att
283 1005 195 62 hoppas,
538 1009 68 44 att
653 1004 79 51 den
780 1004 47 59 ſaͤ
866 1004 134 66 länge
1039 1007 322 65 efterlängtade

154 1068 435 87 telegrafledningen
635 1074 73 51 till
747 1062 152 64 Aland
938 1077 102 65 ſkall
1079 1078 171 50 komma
1289 1078 71 50 till

156 1158 140 64 ſtuaͤnd.
384 1145 322 67 Kronofogden
752 1148 16 51 i
807 1150 183 62 härade,
1050 1151 90 63 höll
1196 1150 140 50 nemli

156 1247 83 50 gen
290 1221 16 51 i
364 1221 82 63 dag
504 1218 98 53 aͤter
658 1220 335 73 ſammanträde
1051 1223 99 49 med
1199 1223 161 49 ombud

155 1302 110 62 fraͤn
326 1294 320 48 kommunerna
703 1293 55 61 pa
817 1293 151 51 Aland
1008 1295 77 61 för
1122 1301 67 44 att
1227 1294 132 66 fraͤga

157 1376 116 61 dem,
333 1363 239 64 huruwida
619 1364 47 50 de
712 1378 125 39 woro
893 1366 175 67 williga
1108 1373 71 45 att
1219 1366 139 51 ikläda

156 1450 65 65 ſig
277 1438 232 61 koſtnaden
565 1436 75 63 för
690 1437 141 63 ſaͤwäl
878 1446 61 45 ett
977 1438 214 65 beſtämdt
1229 1440 131 50 antal

156 1510 363 77 telegrafſtolbar
576 1509 94 63 ſom
718 1510 63 51 ock
827 1511 74 64 för
939 1511 284 64 ſtationshus
1264 1513 94 49 med

156 1598 185 48 wärme.
418 1582 128 52 Man
592 1582 201 52 lemnade
839 1583 216 68 ſlutligen
1096 1585 78 49 den
1213 1583 147 65 äſkade

156 1662 236 71 garantin,
435 1657 66 65 och
541 1654 163 67 beſlöts
746 1657 82 61 det,
870 1663 67 44 att
975 1662 62 45 ett
1075 1656 283 63 ſtationshus

155 1739 133 65 ſtulle
346 1730 191 65 byggas.
613 1727 250 53 Ombuden
926 1729 109 63 fraän
1084 1727 273 61 Finſtröms,

158 1810 140 60 Geta,
352 1800 240 54 Saltwiks
641 1803 65 63 och
756 1799 172 53 Waͤrdö
968 1801 256 51 kommuner
1263 1802 97 59 ſade

156 1884 66 68 ſig
280 1885 71 50 icke
408 1875 144 50 kunna
612 1875 176 66 deltaga
827 1872 15 50 i
883 1871 186 66 beflutet
1108 1879 67 44 att
1215 1874 145 65 bygga

155 1949 305 73 ſtationshus.

232 2029 128 50 Man
421 2018 215 60 omtalar,
676 2025 68 43 att
781 2026 197 54 wargar,
1021 2015 95 61 ſom
1158 2015 203 64 paäflere

157 2098 55 53 azr
249 2099 76 52 icke
382 2089 131 59 wiſat
570 2090 59 65 ſig
676 2090 58 63 paͤ
781 2086 204 65 aͤländſka
1026 2091 152 55 öarne,
1221 2088 139 50 nnder

158 2172 146 52 denna
343 2161 161 59 winter
540 2161 120 65 gjort
699 2161 102 61 viſit
839 2158 57 60 paͤ
934 2158 188 51 Wärdö.

234 2274 61 7 —
358 2235 152 69 Fran
562 2238 139 47 Salo
742 2231 188 57 ſtrifwes
971 2231 68 49 till
1080 2218 58 63 A.
1182 2230 59 53 V.
1283 2233 73 45 den

157 2317 71 52 20
285 2306 244 63 Februari:
586 2304 105 50 Den
752 2305 66 48 19
860 2304 164 48 dennes
1064 2304 239 53 anſtälldes
1345 2304 13 46 i

157 2386 183 57 Halikko
380 2376 377 66 täflingskörning
802 2375 92 49 med
935 2373 227 57 trofware.
1238 2372 115 61 Täf—

157 2459 152 64 tingen
368 2450 221 68 förſtagick
646 2447 53 56 paͤ
753 2446 199 62 Piintilä
992 2444 129 68 inijö,
1163 2449 30 46 3
1234 2447 121 52 werſt

156 2529 107 61 fraͤn
305 2530 138 51 Keala
485 2520 283 65 gäſtgifweri.
810 2519 187 56 Banan,
1027 2519 177 59 hwilken
1234 2518 120 49 inne—

158 2602 85 58 ſlöt
302 2618 51 35 en
412 2598 191 65 fyrkant,
657 2596 135 47 mätte
832 2594 14 47 i
886 2594 133 62 längd
1062 2593 26 49 1
1130 2593 122 48 wer't
1295 2592 61 57 och

159 2675 130 60 ſtulle
329 2675 47 48 af
415 2671 164 60 hwarie
615 2667 88 57 häſt
733 2666 288 62 genomlöpas
1050 2671 169 42 twenne
1247 2661 107 63 gaͤn—

160 2764 91 44 ger.
289 2747 162 64 Naͤgra
492 2745 108 60 goda
642 2738 237 52 reſultater
919 2739 201 48 lemnade
1150 2734 207 61 täflinge—

159 2819 240 64 körningen
459 2818 87 59 ide,
587 2815 106 47 enär
734 2811 146 63 högſta
923 2809 150 62 priſet,
1113 2808 65 48 25
1223 2809 131 57 mark,

159 2897 102 47 toas
312 2893 44 49 af
408 2892 170 47 bonden
613 2884 303 58 Korwenpääs
957 2878 149 51 bruna
1149 2879 77 62 ſto,
1267 2878 89 51 ſour

158 2961 182 62 behöfde
379 2965 31 46 4
452 2960 110 53 min.
600 2957 67 50 27
709 2955 71 52 ſek.
822 2954 69 56 för
919 2958 65 42 att
1012 2951 345 63 tillryggaläggo

160 3035 80 49 den
281 3034 222 56 beſtämda
541 3033 169 56 wögen.

232 3104 230 52 Länsman
520 3101 165 49 Selins
741 3093 236 50 midtemot
1034 3092 220 59 avotheket
1295 3093 64 47 be—

159 3175 135 61 lägna
337 3175 108 59 gaͤrd
486 3175 82 57 har
606 3171 77 57 för
721 3168 29 47 5
756 3166 121 51 800
917 3165 121 48 mark
1078 3162 171 62 blifwit
1290 3162 67 48 in—

158 3247 96 58 köpt
315 3246 49 59 af
424 3238 429 64 provinciolläkaren
919 3235 229 62 härſtädes
1213 3236 145 48 doktor

156 3316 286 65 Zettermon.

230 3388 107 51 Wid
376 3388 132 62 ſlutet
555 3386 46 54 af
641 3380 164 65 ſenaſte
845 3379 52 50 aͤr
939 3379 245 49 inrättades
1225 3378 80 59 här
1348 3381 10 43 i

157 3459 128 55 Salo
343 3476 50 34 en
452 3459 235 60 ſparbank,
729 3455 63 50 och
828 3453 122 51 torde
990 3448 366 66 inſättningarna

159 3533 144 51 deruti
342 3534 135 49 redan
517 3529 149 64 uppgaͤ
708 3527 67 49 till
815 3528 210 47 närmare
1053 3523 194 57 30,000
1279 3523 77 46 mk.

160 3606 97 52 Det
295 3620 117 36 wore
451 3605 103 58 wäl,
598 3620 70 34 om
709 3598 266 52 direktionen
1006 3597 72 59 för
1114 3595 244 57 denſamme

159 3678 117 53 wille
334 3694 157 49 genom
541 3683 180 44 annons
763 3672 14 51 i
814 3669 124 52 waͤra
979 3667 231 62 tidningar
1250 3669 105 60 göra

160 3751 147 51 denna
348 3752 171 57 nyttiga
562 3746 250 57 inrättning
854 3744 289 48 allmännare
1184 3742 119 46 känd.

235 3853 66 9 —
342 3821 284 69 JKittilã
666 3821 87 59 ſtod
792 3817 362 59 thermometern,
1176 3814 85 49 enl.
1289 3809 68 56 O.

160 3896 79 54 W.
280 3896 85 55 S.
348 3882 52 77 i
405 3895 183 60 ſlutet
627 3895 45 48 af
694 3893 125 59 förra
859 3887 217 50 maͤnaden
1073 3882 52 77 i
1118 3886 241 50 medeltal

161 3969 140 52 naͤgot
338 3969 141 49 under
518 3966 286 62 awickſilfrets
844 3961 232 59 fryspunkt
1117 3959 63 61 och
1216 3963 38 43 d.
1294 3957 67 49 29

160 4040 159 62 wiſade
360 4030 77 57 den
475 4037 69 50 49
584 4038 184 59 graders
806 4033 104 48 köld.

376 4111 415 58 Stiftsnyheter.
868 4098 200 64 Borga.
1145 4097 214 60 Tienſt—

159 4181 235 64 ledighet
434 4182 55 46 är
529 4179 75 58 för
644 4176 186 57 ſtudiers
871 4172 294 60 fortſättande
1202 4164 155 68 bewil⸗

160 4250 73 64 jad
255 4250 410 59 paſtorsadjunkten
688 4249 13 49 i
716 4244 254 59 Heinäwäſi
990 4242 52 52 J.
1059 4242 300 64 Schwartz—

160 4322 133 64 berg
347 4322 119 50 intill
507 4324 78 46 den
647 4320 21 49 1
713 4317 139 58 Juni.
898 4344 62 8 —
1002 4313 359 59 Förordnad:

161 4392 416 65 paſtoͤrsadjunkten
637 4391 13 48 i
700 4389 222 51 Sulkawa
961 4385 54 52 K.
1057 4383 67 52 G.
1164 4385 195 50 Mark—

162 4466 119 50 kula
321 4465 70 49 till
430 4461 356 66 paſtorsadjunkt
825 4459 15 51 i
879 4456 188 58 Jorois.

570 4738 364 81 Beſnrifning

158 4840 58 60 puͤ
244 4841 218 59 Finlands
493 4841 143 48 Banls
675 4839 137 55 ſedlar
842 4835 25 51 aͤ
898 4839 119 55 Fem.
1049 4836 102 59 Tio,
1189 4832 174 62 Femtio

410 4897 65 59 och
507 4896 270 63 Femhundra
807 4897 113 48 mark
950 4896 171 57 filfwer.

535 4974 156 57 (Fortſ.
721 4971 54 55 fr.
805 4983 68 32 n:0
904 4971 99 54 49).

223 5115 620 55 Femtiomarksſedeln,
877 5114 148 54 hwars
1057 5112 130 43 bredd
1228 5111 139 55 utgör

165 5171 28 44 5
223 5172 282 44 decimaltum
537 5173 65 54 och
650 5172 99 52 höjd
781 5173 26 41 2
839 5170 283 43 decimaltum
1115 5164 46 67 8
1151 5168 214 52 linier,

166 5230 50 42 är
259 5228 169 54 förſedd
475 5229 95 43 med
617 5228 171 53 ſedelns
835 5227 245 55 ſiffervalör
1127 5225 65 54 och
1233 5225 135 44 orden

167 5284 253 58 „Finlands
453 5285 148 45 Bank“
624 5286 16 43 i
660 5284 339 54 wattenſtempel
1018 5283 108 54 ſamt
1148 5282 56 55 paͤ
1228 5283 139 56 hwar⸗

167 5343 104 44 dera
301 5343 122 53 ſidan
454 5343 93 44 med
581 5355 51 31 en
665 5343 106 52 ljus,
803 5341 188 55 blaͤaktig
1023 5340 195 56 färgton.

225 5399 260 57 Framſidan
530 5402 49 41 är
621 5400 151 43 betäckt
802 5400 95 42 med
939 5398 115 43 enkel
1086 5396 283 58 guillochergd

169 5457 142 55 grund
357 5457 16 43 i
405 5456 78 56 graͤ
512 5457 111 55 färg.
684 5456 100 54 Deß
834 5455 111 44 midt
975 5455 178 55 intages
1186 5454 44 53 af
1260 5454 109 43 riks—

166 5515 175 53 wapnet
372 5514 93 43 med
498 5513 225 55 Finlands
768 5525 154 43 wapen
952 5512 16 43 i
1000 5512 175 55 hjertat.
1238 5510 131 54 Wap—

167 5573 75 42 net
274 5575 149 51 omges
455 5570 277 55 ſymmetriſkt
764 5570 45 53 af
840 5582 52 31 en
923 5569 129 44 krans
1086 5568 44 54 af
1152 5569 41 43 ek
1215 5570 65 53 och
1306 5569 63 41 la—

169 5640 89 46 ger.
319 5627 231 56 Ofwanför
567 5628 265 56 rikswapnet
855 5627 65 54 ſes
941 5626 235 57 friſtaͤende
1198 5625 171 57 ſedelns

629 5817 285 113 Eſther.

556 5977 59 55 Af
644 5976 159 44 Draba
832 5989 156 31 verna.

616 6181 91 54 (Se
738 6193 71 33 n:o
841 6180 93 53 48).

741 6287 67 48 JJ.

247 6403 262 53 Emellertid
565 6403 238 49 wandrade
861 6398 179 61 Eſther,
1098 6397 136 50 iklädd
1293 6397 80 59 fru

174 6475 279 65 Holmlunds
480 6474 116 56 ſtora
621 6472 124 60 ſchal,
784 6470 56 58 paͤ
882 6472 80 47 den
991 6469 232 62 ſolbelyſta
1252 6470 119 56 plat—

175 6552 74 59 fen
313 6544 196 61 framför
558 6542 379 63 fpringbrunnen.
1013 6540 223 51 Wärmen
1277 6553 95 35 war

177 6624 126 48 aͤnnu
359 6616 220 57 tryckande
636 6615 64 58 och
758 6611 157 64 Eſther
972 6613 162 56 ſuckade
1181 6610 191 65 maͤngen

177 6691 119 66 gaͤng
354 6689 136 57 öfwer
544 6688 68 46 det
663 6682 123 61 ſtraff
832 6686 100 59 hon,
970 6684 69 48 till
1079 6682 107 60 fölid
1225 6683 45 55 af
1312 6682 60 57 ſin

176 6764 107 57 briſt
339 6760 58 59 paͤ
453 6754 395 66 ſijelfbeherſtning,
906 6754 260 63 ſjeliwilligt
1221 6753 153 64 paͤlagt

176 6837 79 66 ſig.
331 6832 106 63 Hon
497 6832 104 61 hade
658 6829 206 47 wandrat
913 6824 148 61 ſaͤen
1108 6832 81 58 god
1229 6825 143 62 ſtund,

178 6909 163 50 daͤgen
398 6919 93 50 ung
546 6916 107 36 man
711 6900 213 49 närwade
980 6895 58 62 ſig
1079 6897 188 61 platſen,
1308 6900 64 58 och

177 6977 383 62 warſeblifwande
600 6977 135 57 henne
776 6968 208 58 ſtannode
1022 6968 89 65 hin
1150 6978 56 40 ett
1235 6973 136 58 ögon—

178 7053 111 58 blick,
348 7048 236 64 hwarefter
642 7048 87 59 han
785 7039 173 66 utkraſt
1014 7041 15 50 i
1077 7050 58 42 ett
1174 7040 199 64 hiertligt

179 7126 150 60 ſtratt,
370 7124 64 57 och
474 7119 156 49 daͤnu
669 7115 156 59 Eſther
852 7112 177 53 blickade
1056 7124 107 51 upp,
1191 7114 181 56 inſtäm—

180 7201 49 47 de
285 7197 86 61 hon
430 7193 119 64 gladt
607 7187 108 63 deri,
763 7185 116 61 ſamt
918 7184 128 50 räckte
1083 7183 188 64 wänligt
1310 7184 62 60 ſin

178 7272 117 62 hand
353 7265 46 50 aͤt
458 7264 178 60 honom.
713 7260 110 53 Den
870 7273 115 48 unge
1031 7270 213 45 mannen,
1285 7255 80 59 ſom

179 7343 88 59 ſtod
308 7337 199 66 framför
544 7336 157 63 henne,
738 7348 97 34 war
873 7345 53 34 en
966 7327 176 63 helſans
1171 7329 62 59 och
1261 7325 111 60 kraf—

178 7421 99 44 tens
335 7412 106 60 bild,
500 7411 47 45 de
587 7407 146 49 mörka
782 7409 170 58 ögonen
991 7397 189 64 ſtraͤlade
1220 7398 63 63 och
1323 7413 49 32 en

178 7487 117 62 liflig
353 7483 169 50 rodnad
582 7477 189 62 betäckte!
810 7478 115 59 hans,
983 7472 162 58 kinder,
1194 7469 52 48 daͤ
1287 7471 86 57 han

180 7558 199 64 helſaͤnde
417 7553 124 64 aftog
583 7557 81 43 den
710 7549 113 55 ſtora
865 7544 134 64 hwita
1039 7535 326 72 Panama⸗hat⸗

179 7638 90 57 ten,
325 7626 181 64 hwilken
562 7624 162 52 näſtan
782 7611 244 72 behagſjukt
1067 7607 182 89 hwilade
1291 7606 83 67 lätt

178 7702 213 63 paͤhans
441 7696 131 57 dierft
624 7690 203 60 tecknade,
867 7686 274 61 mörklockiga
1181 7682 194 62 hufwud.

252 7768 249 64 „Eſther“,
527 7766 216 61 utropade
772 7764 87 59 han
884 7761 92 46 med
998 7754 68 66 ſin
1088 7756 134 60 djupa
1246 7754 127 59 ſtäm—

180 7869 93 47 ma,
330 7843 106 63 „för
495 7843 124 60 hwad
678 7838 81 64 gör
819 7836 56 45 du
919 7832 89 47 wäl
1045 7827 91 61 bot,
1175 7825 52 50 daͤ
1269 7831 55 43 du
1363 7824 14 49 i

179 7932 144 48 denna
380 7914 191 66 tropiſta
628 7914 168 47 waͤrme
836 7906 51 47 är
926 7900 201 63 utruſtad
1165 7897 58 65 paͤ
1263 7901 112 46 detta

179 7987 319 81 öfwerdrifwet
536 7981 292 61 wälförſedda
871 7975 101 62 ſätt,
1013 7973 147 60 likſom
1193 7972 184 48 ämnade

176 8078 59 50 du
276 8070 72 68 dig
389 8065 68 52 till
496 8047 314 71 nordpolen?“

252 8144 155 63 Eſher
448 8136 77 67 ſaͤg
572 8129 133 65 brydd
745 8133 67 51 ut,
852 8134 101 38 men
995 8118 96 63 ſade
1132 8116 142 62 ſedan,
1314 8120 64 42 att

469 8153 22 35 aͤ

179 8228 67 50 det
305 8217 132 53 kunde
495 8210 112 67 göra
664 8204 143 64 henna
865 8196 103 65 godt
1017 8199 66 45 att
1122 8193 146 61 äfwen
1310 8187 69 60 för

1380 7915 30 21 .
1380 7880 30 36 —
1380 7768 30 30 ⏑⏑
1380 7683 30 10 ⏑
1380 7630 30 28 ⏑:
1380 7523 30 15 ⏑
1380 7505 30 11 ⏑
1380 7450 30 26 ⏑
1380 7395 30 16 ⏑
1380 7373 30 8 e
1380 7318 30 23 ⏑
1380 7235 30 66 ⏑
1380 7173 30 63 ⏑⏑tꝰ
1380 7060 30 23 ⏑
1380 7018 30 15 ⏑
1380 6890 30 16 ⏑
1380 6853 30 10 ⏑
1380 6808 30 23 ⏑
1380 6755 30 11 ⏑
1380 6718 30 10 ⏑
1380 6683 30 5 ⏑
1380 6593 30 15 ⏑
1380 6565 30 11 ⏑
1380 6488 30 70 ⏑
1380 6428 30 30 ⏑
1380 6350 30 56 ⏑⏑
1380 6298 30 15 ⏑
1380 6243 30 15 ⏑
1380 6213 30 30 B
1380 6133 30 15 ⏑
1380 6053 30 38 ⏑⏑
1380 6000 30 23 ⏑
1380 5870 30 128 —

1412 62 247 71 ſiffervalor
1689 67 58 45 50
1776 67 16 45 i
1823 68 131 57 ſwart
1985 71 107 57 tryck
2113 72 66 56 och
2201 71 133 54 ſtörre
2355 72 123 55 ſtala.
2525 72 93 47 Till

1412 123 132 57 höger
1577 124 64 56 och
1674 126 179 56 wenſter
1884 141 70 32 om
1986 129 144 45 denna
2160 130 121 55 fiffra
2298 131 78 43 äro
2400 131 218 57 anbragta

1410 181 314 59 rektangulära
1755 186 212 45 ornerade
1998 186 177 56 ſköldar,
2218 187 307 56 innehaͤllande
2558 189 59 55 ſe⸗

1410 240 130 46 delns
1570 243 130 45 valör
1730 242 17 46 i
1780 243 100 56 liuſt
1910 245 107 56 tryck
2045 243 58 56 paͤ
2154 244 50 45 graͤ
2225 245 162 57 botten,
2412 247 69 44 till
2501 260 115 32 wen⸗

1411 298 81 56 ſter
1522 299 58 53 paͤ
1611 300 191 59 ſwenſka,
1833 303 70 44 till
1935 304 131 56 höger
2098 315 25 37 pa
2184 302 144 57 finſka.
2389 304 227 57 Nedanför

1409 356 126 70 desſa
1564 358 180 57 ſtöldar,
1775 360 301 57 paͤhwardera
2098 360 124 56 ſidan
2244 373 70 32 ou
2335 361 280 60 rikswapnet,

1410 415 114 52 läſes
1556 416 173 54 ſedelns
1760 420 282 55 hufwudtert,
2073 418 221 56 nemligen
2325 420 70 45 till
2424 422 193 56 wenſter:

1417 473 159 53 „Emot
1607 475 143 46 denna
1782 477 113 54 ſedel
1925 478 171 44 betalar
2129 474 225 56 Finlands
2387 479 122 45 Bank
2528 480 86 45 wid

1412 531 243 53 anfordran
1687 533 172 58 Femtio
1890 534 153 46 marki
2065 533 191 54 ſilfwer“
2290 536 65 52 och
2380 537 68 44 till
2470 539 145 56 höger:

1411 589 175 67 „Tästä
1617 591 200 56 ſetclistä
1862 593 167 53 makſaa
2061 592 202 43 Nuomen
2307 592 159 56 Pankki
2497 610 116 31 waa—

1410 648 209 51 dittaisſa
1680 649 369 57 Wiiſikymmentä
2109 649 195 44 markkaa
2358 652 254 55 hopeasſa“.

1412 705 226 53 Nedanför
1668 707 267 55 rikswapnet
1966 721 52 30 en
2050 706 235 45 Direktörs
2316 711 65 52 och
2414 724 51 31 en
2504 713 108 53 tjen—

1411 763 188 54 ſtemans
1631 765 15 44 i
1680 765 176 44 Banken
1887 764 273 56 underſkrift.
2221 764 175 54 Nederſt
2427 769 186 45 itrenne

1411 821 173 54 medelſt
1614 822 15 44 i
1663 825 231 42 ornament
1925 822 205 54 förenade
2161 821 165 53 ſtöldar
2358 825 66 55 ſes
2456 827 15 43 i
2504 827 109 45 mid—

1410 881 72 40 ten
1515 878 172 54 ſedelns
1738 879 298 57 tryckningsär
2082 880 15 43 i
2145 879 100 54 ljuſt
2274 883 130 52 trryck
2445 884 55 54 paͤ
2534 884 77 56 gräͤ

1410 936 150 44 botten
1593 938 64 54 och
1690 937 56 53 paͤ
1778 938 229 55 ömſeſidor
2025 950 68 30 om
2113 936 161 44 aͤrtalet
2297 938 170 51 ſedelns
2486 930 124 56 nuͤm—

1387 989 63 107 ——
1531 990 177 117 iint
1740 996 159 106 Fof
1999 995 57 108 ß
2078 995 164 43 botten.
2290 994 92 46 Det
2404 999 96 54 hela
2522 1013 88 30 om—

1411 1062 47 41 ges
1520 1063 23 31 af
1597 1064 51 31 en
1679 1064 95 31 ram
1805 1052 16 43 i
1873 1059 92 36 form
1998 1064 23 29 af
2105 1053 124 41 perlſtaf,
2296 1053 15 42 i
2373 1061 118 38 hwars
2666 1075 38 11 föreſſ
3420 1077 9 9 j
3653 1078 18 10 5

1412 1108 108 54 —
1974 1063 121 99 i
2212 1051 95 112 tzä
2339 1055 75 110 3
2449 1057 158 100 Biea
2632 1053 182 108 lötelle
2858 1078 92 44 med
2993 1076 118 62 högſt
3151 1077 94 47 litet
3284 1079 256 61 nerdligare
3582 1080 183 59 belägna
3789 1088 71 32 or—

1468 1164 277 56 Franfidans
1792 1165 307 57 guinochelade
2139 1167 149 43 boiten
2321 1170 23 40 e
2403 1151 324 63 iceedezter
2786 1160 13 34 i
2861 1143 236 62 Tyſllond.

1412 1221 90 54 graͤf
1533 1235 98 54 men
1663 1223 239 51 föreſtaͤller
1948 1223 14 43 i
1968 1222 346 56 relieftrycken
2346 1225 265 58 kringſtroͤdd
2664 1215 130 55 ſnöar
2837 1219 61 55 och
2942 1217 137 59 fryſer
3119 1218 13 47 i
3173 1218 210 49 Dresden
3427 1223 79 59 har
3548 1235 103 32 man
3683 1217 179 58 iParis

1412 1279 81 65 hop
1528 1279 44 55 af
1603 1279 128 56 finſta
1763 1281 299 54 ſilkwermynt.
2126 1280 33 53 J
2193 1280 166 45 midten
2392 1285 43 50 af
2440 1275 170 81 ſedeln
2636 1287 98 56 för
2793 1289 65 45 det
2917 1288 130 59 meſta
3105 1288 111 51 blott
3257 1306 104 46 regn,
3422 1291 166 49 dimma
3631 1292 64 59 och
3738 1288 107 61 blaͤſt

1414 1338 141 63 ligger
1587 1338 206 54 ofwanpaͤ
1811 1338 125 54 desſa
1958 1339 123 54 mynt
2106 1350 51 31 en
2180 1338 313 57 irektangulär
2516 1355 89 32 ram
2630 1331 115 79 ſiwid
2785 1374 50 32 en
2878 1369 11 36 t
3033 1367 57 41 at
3371 1331 78 46 12
3728 1326 133 48 fiiij

1411 1394 247 54 inneſluten
1691 1396 163 56 eliptiſt
1885 1396 123 51 tafla,
2042 1395 87 52 ſom
2163 1396 149 52 utförd
2337 1398 163 55 üfwart
2514 1399 124 56 kop⸗
2897 1371 172 67 Jber
3097 1376 53 32 r
3174 1360 101 85 —
3302 1369 27 40 ni
3392 1364 62 48 ld
3477 1368 181 58 sroders
3681 1375 181 36 wähme.

1410 1453 182 64 parſtick,
1625 1454 237 55 föreſtäller
1894 1452 224 56 Finkands
2152 1453 236 57 förnämſta
2421 1459 188 53 utſkepp—
2733 1429 80 49 Ett
2855 1432 127 59 tylitt
3024 1434 169 60 omkyte
3234 1438 286 53 löretommer
3569 1436 91 59 ofta,
3704 1433 67 65 och,
3812 1436 51 46 är

1410 1511 282 68 ningshamn,
1711 1506 318 78 Trängſund;
2043 1510 130 55 ſedd
2223 1511 100 69 fraͤn
2371 1516 241 54 hafsſidan.
2664 1507 147 52 mycet
2872 1502 264 64 obehagligt.
3217 1503 38 52 J
3318 1507 81 60 dag
3458 1505 90 64 ſtaͤr
3600 1506 263 59 awickſilfret

1412 1567 232 67 Ofwanför
1674 1570 141 54 taflan
1847 1569 147 66 finnes
2013 1568 170 55 ſedelns
2215 1571 226 66 valör
2356 1562 66 79 paä
2472 1574 141 64 finſka,
2663 1575 120 46 nära
2841 1587 86 48 nog
2986 1575 56 55 paͤ
3100 1573 308 62 fryspunkten,
3462 1578 221 56 mähända
3725 1582 139 44 under

1410 1626 124 55 tryckt
1566 1639 15 30 i
1613 1626 130 54 ſwart
1790 1627 59 52 fet
1895 1626 83 54 ſtil.
2041 1626 225 54 .Nedanför
2310 1632 140 51 taflan
2498 1634 114 51 läſes!
2664 1650 92 42 den;
2816 1644 257 62 rimfroſten
3132 1647 27 46 li
3343 1648 13 13 z
3454 1651 15 44 tak

1411 1682 161 67 ſamma
1591 1683 267 55 hufwudtext
1875 1683 201 56 päͤryſta,
2096 1683 88 52 ſom
2207 1684 249 56 paͤſedelns
2480 1683 160 77 fram⸗!
2894 1673 6 15 li
3150 1662 121 47 eget
3307 1659 54 47 i.t
3474 1665 161 75 emn
3679 1666 90 32 me

1410 1741 89 52 ſida
1531 1741 146 53 finnes
1710 1741 56 55 paͤ
1799 1742 274 54 ſwenſtaoch
2104 1741 142 55 finſta.
2311 1744 33 54 J
2379 1746 160 55 hwarſe
2570 1732 193 67 afnen,
2803 1732 103 31 man
2948 1713 112 87 löker
3102 1716 105 81 fram
3262 1732 219 36 warmare
3523 1722 139 47 kläder
3702 1722 63 63 och
3795 1737 67 33 in—

1411 1797 196 81 Delns.
1629 1798 95 56 fnra
1747 1800 122 66 hörn
1916 1799 66 52 ſes
2033 1812 51 30 en
2133 1800 115 43 enkel
2292 1804 113 43 rund
2440 1804 173 52 medali.
2662 1798 149 40 rättar
2849 1788 59 62 ſig
2948 1790 93 47 litet
3079 1791 255 62 winterlikt;
3388 1806 96 33 men
3527 1797 135 43 redan
3702 1791 159 61 pänef—

1413 1865 66 56 De
1525 1849 174 78 twänne
1713 1856 130 66 öfra
1891 1857 44 51 af
1980 1856 125 52 desſa
2145 1857 208 66 medaljer
2393 1857 246 73 innehaͤlla
2664 1862 301 59 termiddagen
3023 1861 126 63 ſtiger
3201 1865 65 46 det
3308 1861 222 60 maͤhända
3573 1863 93 48 aͤter
3705 1866 68 47 till
3814 1866 30 47 8

1411 1913 152 67 ſiſſran
1608 1915 56 41 30
1708 1918 127 49 jemte
1868 1915 134 42 orden
2033 1914 117 43 mark
2181 1927 14 30 i
2228 1916 172 54 ſilfwer,
2433 1919 81 43 den
2546 1919 69 42 till
2666 1933 65 50 10
2789 1935 62 53 och
2910 1934 66 48 15
3054 1936 129 45 graͤder
3354 1935 39 52 J
3544 1951 6 10 et
3617 1935 44 47 ick

1412 1972 131 53 höger
1580 1970 202 55 paͤnryſka
1815 1972 64 52 och
1912 1972 82 42 den
2026 1972 69 42 till
2126 1972 177 54 wenſter
2334 1974 55 53 paͤ
2424 1976 187 53 ſwenſka.]
2653 1966 51 67 3.
2853 1949 345 65 3eder.
3248 1964 64 50 —.
3398 1952 53 45 829
3491 1945 133 39 wit.i
3725 1939 136 79 —

1412 2026 68 44 De
1526 2026 88 44 twaͤ
1660 2029 135 43 nedra
1836 2028 286 53 medaljerna,
2157 2029 174 53 likaſom
2366 2045 50 30 en
2448 2034 166 42 rektan—
2661 2007 114 74 wids
2818 2001 283 93 oltodigheten
3153 2021 13 32 i
3206 2006 257 60 pariſarnes
3504 2008 186 46 taratter
3731 2021 52 34 aär
3811 2022 50 30 en

1411 2084 130 65 gulär,
1582 2085 110 52 ſköld,
1740 2086 85 43 wid
1869 2085 166 43 midten
2076 2085 45 51 af
2152 2085 138 55 ſedels
2323 2089 134 43 nedra
2489 2090 123 52 rand,
2666 2077 106 57 följd
2814 2085 44 43 af
2900 2078 65 45 det
3008 2076 189 62 oſtadiga
3240 2080 189 61 wädret;
3488 2093 97 31 men
3629 2076 41 59 ſaͤ
3713 2076 150 60 mycket

1411 2141 222 55 innehaͤlla
1666 2142 311 53 ofwannämda
2009 2143 180 44 exinran
2223 2147 257 55 om,lagens
2505 2147 211 52 ſtad-här
2775 2143 51 48 da
2877 2143 150 60 ſäkert,
3096 2155 65 41 att
3209 2153 44 43 de
3304 2151 79 46 äro
3427 2147 154 67 mycket
3621 2148 53 49 lik
3715 2151 145 58 hwar—

1410 2198 136 112 Je
1580 2203 114 41 emot
1716 2199 282 56 förfalſkning
2021 2201 66 53 och
2106 2200 271 57 utpraͤnglig,
2401 2204 80 44 den
2501 2216 113 31 wen—
2635 2205 238 67 ſandra.“

1427 2259 68 40 tra
1540 2257 216 66 medaljen,
1802 2257 57 55 paͤ
1898 2257 189 56 ſwenſta,
2122 2257 80 44 den
2235 2260 135 54 högra
2402 2261 241 55 päryſta,!

1410 2314 64 53 och
1508 2313 166 55 ſkölden
1717 2315 56 64 paͤ,
1815 2315 128 55 finſka
1976 2314 175 55 ſpraͤket.
2215 2316 88 44 Det
2335 2319 96 54 hela
2464 2296 178 82 oniges]
2737 2284 144 93 Under
2942 2299 89 79 min
3094 2288 125 91 laͤnga
3285 2290 179 58 wiſtelſe
3523 2308 12 33 i.
3601 2289 260 62 Frankrikes

1411 2369 45 55 af
1487 2384 51 30 en
1571 2372 117 44 enkel
1720 2373 190 54 frafram.
2633 2361 77 78 ſhu
2727 2359 215 60 wudſtad
2985 2372 74 50 ſaͤg
3124 2376 71 48 jog
3236 2364 144 62 gräfet
3421 2380 92 32 mer
3556 2366 57 45 än
3655 2379 48 31 en
3745 2363 115 63 gang

1468 2442 172 68 Sedeln
1672 2443 56 57 paͤ
1761 2442 346 67 Femhundra
2139 2445 117 44 mark
2287 2446 78 52 har
2398 2460 50 32 en
2482 2447 130 44 bredd
2634 2431 43 50 fi
2721 2431 205 51 Januari
2968 2431 161 48 mängd
3170 2436 91 58 lyſa
3304 2435 12 48 i
3357 2436 61 59 ſin
3460 2436 180 60 ſtönaſte
3663 2433 199 66 grönſka.

1410 2500 243 104 —
1855 2505 26 41 7
1950 2504 105 111 n
2088 2503 65 55 och
2198 2516 58 56 en.
2283 2495 109 117 beſz
2488 2509 26 39 4
2546 2506 68 43 de-
2662 2503 145 50 Stark
2867 2504 62 59 och
2989 2503 218 60 ihaͤllande
3249 2509 88 46 köld
3378 2510 50 45 är
3469 2508 247 65 nägonting
3760 2509 101 51 fäll—

1748 2574 127 31 inier.
1938 2573 268 32 Denſamma
2183 2558 77 62 är
2266 2576 84 30 likt
2456 2578 17 30 de
2507 2564 106 44 öfri—
3028 2577 77 31 Sei
3582 2584 17 8 ö
3721 2597 10 11 ed
3808 2579 23 11 ſi

1411 2630 52 43 ga
1481 2617 212 66 ſedlarne
1739 2618 168 54 förſedd
1952 2619 92 42 med
2093 2618 246 56 ſiffervalör
2380 2624 64 53 och
2480 2635 46 31 od
2677 2573 56 92 oe
2802 2578 63 57 d
2908 2591 71 71 m
3015 2586 183 94 Seigen
3249 2591 268 91 aorgeng
3544 2582 84 93 4
3653 2584 108 78 med
3796 2587 64 77 us

1412 2675 248 55 Finlands
1694 2677 145 44 Bank“
1871 2677 15 43 i
1918 2676 342 56 wattenſtempel
2293 2679 106 55 ſamt
2425 2680 188 55 paͤbaͤda
2663 2645 194 92 isliycken
2898 2649 164 61 ſaͤgaͤr
3103 2652 374 56 underrättelſen:
3573 2653 178 50 „Seinen
3794 2663 67 49 för

1414 2734 114 55 ſidor
1559 2734 151 45 betäckt
1742 2735 94 44 med
1871 2735 76 57 gul
1980 2734 284 56 guillocherad
2299 2739 155 54 grund.
2663 2732 36 38 is
2760 2725 92 44 med
2914 2719 116 67 ſig!“
3088 2722 103 62 fraͤn
3250 2739 107 34 mun
3400 2725 67 50 till
3509 2740 125 40 mun,
3679 2726 92 57 ſom
3811 2738 51 37 en

1413 2791 197 102 —
1954 2792 214 102 —
2200 2794 169 106 —
2517 2796 95 43 med
2665 2793 192 63 howanlig
2898 2803 129 50 nyget
3070 2797 63 55 och
3175 2797 133 47 bewis
3349 2797 53 52 paͤ
3446 2798 105 51 ſtark
3591 2799 104 47 köld.

1412 2858 192 46 Finlads
1637 2864 154 42 wapen
1773 2849 52 61 i
1823 2861 341 44 hjertſkölden,
2208 2855 181 50 hwartill
2420 2855 113 48 ſluta
2569 2855 12 41 ſi
2733 2868 11 23 Wi
3237 2856 26 59 38

1412 2905 173 71 twänne
1619 2909 246 55 allegoriſka
1896 2909 179 55 ſigurer,
2108 2909 297 55 föreſtällande
2459 2855 154 106 i
2735 2861 203 118 Wilgeen
3086 2863 197 105 tzs
3348 2869 165 101 utgiode
3588 2879 78 83 u
3687 2877 167 72 undan.

1413 2965 64 63 och
1512 2964 222 54 ſiöfarten.
1798 2966 236 65 Dfwaſför
2066 2966 264 48 rikswäpnet
2354 2963 125 61 fynes
2507 2969 107 53 ſtor
2636 2942 115 86 tog.
2828 2945 72 83 En
2961 2939 89 47 koͤld
3091 2951 43 40 al
3176 2941 31 47 8
3222 2968 45 7 —
3287 2941 264 79 00.grader
3593 2944 141 55 hög,i
3773 2954 84 36 un—

1411 3022 108 52 ſkala
1567 3024 109 41 talet
1715 3025 84 40 500
1830 3022 164 64 i.graͤtt
2027 3023 118 54 tryck.
2209 3024 66 54 Pä
2308 3027 224 52 hwardera
2564 3013 76 66 ſi⸗l
2662 3009 125 77 gefär
2828 3010 176 48 8—10
3044 3014 169 56 grader.
3291 3023 177 36 Seinen
3497 3026 93 34 war
3620 3012 243 57 illfruſen,

1412 3079 86 110 —
1622 3079 255 101 denſelih
1974 3080 126 98 —
2149 3072 136 112 Fdeb
2359 3086 140 50 valör,
2548 3082 215 46 in-ſmen
2822 3080 69 48 icke
2951 3083 149 45 betäct
3160 3084 91 44 med
3293 3090 58 39 ett
3392 3081 112 62 glatt
3546 3081 166 58 istäcke,
3753 3088 110 41 utan

1412 3148 196 30 neſluten
1639 3150 15 28 i
1687 3147 123 43 ſköld,
1867 3150 10 29 till
1943 3150 178 30 wenſter
2152 3151 25 38 paͤ
2244 3139 184 52 ſwenſka,
2451 3141 69 41 till
2543 3141 72 40 hö—
2800 3155 5 6 ig
3053 3152 12 9 ſ
3355 3154 24 10 ſia
3421 3142 60 60 wi
3755 3153 11 7 ſ

1413 3192 334 56 —
1833 3147 360 101 of
2224 3150 136 101 ſe
2422 3145 112 110 cſcz
2551 3147 205 106 Janz
2797 3151 213 63 isſtycken,
3051 3162 87 49 ſom
3182 3154 129 56 hopat
3353 3166 56 48 ſig
3433 3158 84 41 wid
3542 3147 182 89 broarne
3753 3163 110 78 ſomt

1411 3250 129 43 delns
1573 3250 280 64 hufwudtext,
1885 3251 222 56 nemligen
2138 3252 70 44 till
2228 3254 198 55 wenſter:
2459 3254 152 53 „Emdt
2665 3225 162 47 mellan
2869 3224 223 62 foriygen,
3134 3221 234 92 flottorna.
3413 3222 211 92 badhuſen
3653 3234 77 37 etce
3773 3221 90 50 Der

1412 3307 141 43 denna
1588 3309 109 52 ſedel
1729 3309 172 43 belalar
1933 3309 226 54 Finkands
2194 3311 120 42 Bank
2346 3312 84 43 wib
2466 3312 288 50 unforeſwar
2818 3311 50 31 en
2928 3299 349 57 utomordentlig
3336 3296 280 59 tilldragelſe.
3704 3291 160 53 Galna

2663 3367 250 60 woͤghalſar
2954 3365 48 59 af
3044 3368 150 53 hwilka
3236 3370 65 44 det
3342 3365 152 64 gifwes
3536 3364 162 63 mäͤnga
3730 3365 133 50 bland

1411 3364 119 75 —
1545 3364 281 68 Femhundra
1857 3366 117 43 marhi
2004 3366 232 53 ſilfwer“
2271 3370 63 45 och
2369 3369 244 55 tilllhöger:

1411 3424 171 50 „Tästa
1629 3421 199 55 ſefelistä,
1870 3423 407 55 makſaa,Suomen
2310 3426 157 48 Pankki
2499 3438 392 56 waa-parffarne
2956 3437 180 59 likaſom
3221 3435 443 65 öfwerhufwudtagef
3731 3438 132 45 bland

2660 76 226 55 upptagas
2932 75 45 55 af
3027 75 320 58 cirkelformiga
3391 74 312 58 medaljonger,
3748 76 123 46 inne⸗

2664 132 201 57 haͤllande
2897 133 306 57 afbildningar
3233 133 45 53 af
3309 134 222 56 djurarter
3563 133 100 55 fraͤn
3688 135 86 45 den
3796 136 75 56 hö⸗

2665 203 53 45 ga
2751 191 182 45 norden.
2994 191 199 45 Ramens
3226 191 97 55 öfra
3353 191 91 55 ſida
3477 193 50 42 är
3557 190 207 54 afbruten
3797 206 68 44 ge⸗

2663 261 104 32 nom
2798 261 53 32 en
2881 248 126 57 ſtöld,
3038 249 308 58 innehaͤllande
3377 249 230 58 ſiffertalet
3636 251 98 54 500,
3768 251 101 58 liuſt

2665 306 57 57 paͤ
2753 306 118 46 mörk
2902 308 165 46 botten.

2661 546 158 77 Huru
2873 557 135 50 man
3062 559 92 50 om
3206 547 247 65 wintern
3499 543 246 65 wärmer
3791 544 70 78 ſig

3127 632 20 64 i
3192 633 202 78 Paris.

2735 785 213 65 Följande
2988 787 98 67 ſkizz
3125 791 45 53 af
3211 806 49 31 en
3301 791 86 62 tyſk
3426 789 237 62 jörfattare
3693 785 97 61 ſtall
3819 785 45 59 af

2663 859 191 65 maͤngen
2894 860 116 60 läſas
3051 863 93 47 med
3185 860 120 62 nöje:

2734 1000 272 54 Wintrarne
3064 1006 81 47 äro
3185 1004 69 49 icke
3295 1006 106 47 kalla
3445 1005 15 50 i
3499 1004 159 62 Paris,
3701 1001 14 50 i
3755 1001 105 62 jein—

2986 2759 9 10 E

1419 5449 212 42 borealis.
1679 5447 196 44 Ramens
1908 5449 135 43 nedra
2073 5449 91 51 ſida
2196 5444 239 55 innehaͤller
2467 5447 153 40 trenne

1420 5506 177 53 ſköldar,
1630 5504 16 44 i
1678 5504 155 56 hwilka
1879 5517 103 32 man
2016 5507 112 42 läter
2168 5501 309 47 meranämnde
2510 5500 112 43 erin—

1418 5576 82 30 ran
1532 5576 70 30 om
1634 5563 156 54 lagens
1824 5562 267 56 beſtämning
2123 5561 187 44 rörande
2343 5558 169 54 ſedeſns
2535 5557 88 50 för—

1417 5620 211 57 falſkning
1660 5620 66 55 och
1773 5619 307 58 utpraͤngling!
2141 5619 194 44 Ramens
2386 5615 98 55 fyra
2516 5615 109 55 hörn

1410 3478 207 54 dittaisſa
1651 3478 250 47 Wiiſiſataa
1932 3482 193 44 markkaa
2173 3484 223 44 hopeasſa“.
2439 3483 237 44 Nedan⸗]3
3417 3511 4 6 77.

1410 3536 68 53 för
1509 3537 155 45 —
1824 3539 114 56 läſes
1972 3553 51 31 en
2056 3484 110 101 ee
2312 3491 75 101 i
2421 3542 191 54 eniean
2662 3518 347 54 fransmännen,
3013 3507 154 93 woro,
3184 3507 169 93 genaſt
3395 3511 67 46 lill
3493 3513 138 51 hands
3657 3510 61 59 och
3750 3512 112 52 dref⸗

1410 3595 188 67 ſtemans
1630 3596 14 44 i
1676 3597 179 45 Banken
1889 3599 271 55 underſkrift.
2222 3594 177 61 Nederſt
2431 3600 56 55 paͤ
2508 3602 102 42 den-ſ
2662 3600 63 30 wo
2786 3585 122 61 ofog,
2973 3583 143 56 endaſt
3175 3587 75 59 för
3289 3591 65 41 att
3397 3587 52 55 ha
3492 3581 248 64 naͤgonting
3800 3587 64 43 att

1413 3654 144 111 Balee
1619 3654 135 114 —
1785 3658 147 100 Len
1973 3670 154 89 ſ
2159 3663 229 40 ornament
2406 3658 205 52 förenade
2659 3654 139 65 ſkryta
2860 3659 107 45 med.
3046 3654 132 64 Flere
3242 3656 45 56 af
3353 3657 93 47 dem
3487 3655 169 48 kommo
3697 3653 163 64 lyckligt

1444 3725 140 42 öldar,
1662 3726 72 32 deraf
1825 3727 51 31 den
1908 3721 217 40 mellerſta
2168 3717 241 44 innehaͤller
2443 3717 167 43 ſedelns]
2645 3713 20 60 5
2841 3728 12 8 f
3041 3732 9 5 j

1409 3770 164 44 en
1607 3772 377 56 eeideenz
2126 3776 93 44 zal
2406 3727 203 92 —
2629 3733 139 115 —
2838 3719 160 110 leden,
3039 3741 90 47 ſom
3170 3728 163 86 liknode
3375 3745 49 32 en
3466 3728 396 84 gletſchex,„andra

1409 3842 51 31 ne
1493 3829 145 58 öfriga
1684 3830 172 54 ſedelns
1899 3846 201 31 nummer
2132 3834 14 44 i
2178 3833 130 55 ſwart
2349 3834 117 55 tryck,
2629 3802 125 117 frz
2829 3802 96 58 hals,
2967 3802 63 61 och
3072 3803 77 46 ben
3211 3803 62 60 och
3315 3808 95 41 aͤter
3452 3803 140 49 andra
3635 3803 108 60 föllo,
3785 3802 78 45 ned

1408 3889 86 64 wäl
1526 3887 168 57 paͤngraͤ
1723 3890 165 45 botten.
1950 3891 161 45 Denng,
2152 3893 91 55 ſida
2276 3892 44 55 af
2351 3892 139 56 ſedeln
2522 3890 150 56 om-⸗1
2712 3874 74 63 huͤl
2826 3876 63 59 och
2934 3876 153 53 blefwo
3128 3878 94 45 med
3276 3877 126 45 möda
3444 3881 261 56 urppdragaa
3748 3873 116 63 igen.

1411 3945 190 111 Wan
1694 3960 49 88 e
1772 3944 236 109 Hetzm
2040 3950 15 43 i
2082 3949 189 71 ſaͤkallad
2305 3950 100 101 hf
2437 3963 174 88 —
2730 3947 78 49 Ett
2849 3945 185 65 ſnötäcke
3075 3947 72 63 laͤg
3188 3946 55 57 paͤ
3284 3956 205 53 gatorna,
3514 3948 350 48 boulevarderna

1658 4018 14 30 i
1690 4018 206 32 talet
1848 4003 106 63 500
1958 4003 164 63 ingaͤr
2126 4003 137 63 ſäſom
2355 4007 220 44 beſtaͤndsde
3134 4018 103 34 na
3402 4020 104 27 fferſt
3728 4039 4 6 4
3825 4020 39 27 ſlä—

1412 4060 196 44 Ramens
1642 4062 97 48 öfra
1771 4063 91 51 ſida
1895 4066 49 40 är
1976 4064 14 43 i
2091 4008 92 100 al
2202 4004 192 122 ſeſtee
2459 4077 152 42 genom
2661 4022 64 58 dch
2765 4024 381 75 promenadeeng;
3187 4035 142 45 nàgxa,
3370 4026 147 74 mict
3548 4019 201 60 leganta.
3780 4017 84 62 li

1411 4130 52 30 en
1493 4117 124 55 ſtöld,
1651 4106 170 74 derutii
1826 4106 67 74 fin
1927 4120 115 56 ſtrift
2066 4121 118 54 läſas
2203 4122 133 42 orden
2360 4110 251 65 „Finlands
2661 4097 79 43 dar
2799 4090 158 56 blefwo
3017 4091 171 63 ſynliga
3231 4092 63 52 och
3335 4092 175 57 erbjödo
3547 4093 79 43 den
3666 4094 200 53 gapande

1411 4174 166 55 Bank“,
1625 4175 175 66 likaſom
1832 4175 56 55 paͤ
1926 4182 179 39 ramens
2151 4179 135 42 nedra,
2318 4179 103 52 ſida,
2466 4178 15 42 i
2510 4178 102 42 ena—
2662 4165 218 59 mängden
2938 4177 50 30 en
3046 4163 147 61 aldrig
3253 4160 114 60 förr,
3425 4162 100 45 eber
3567 4159 54 57 paͤ
3664 4159 62 58 ſin
3770 4158 94 58 höjd

1412 4231 301 114 —
1773 4233 109 110 ez
1916 4234 241 101 Suoſn
2183 4225 201 79 Pankki“.
2449 4291 92 43 bott
2663 4234 108 48 blott
2823 4233 15 49 i
2896 4230 287 52 bilderböcker
3241 4231 151 58 ſkädaed
3452 4231 174 47 anblick.
3705 4229 161 58 Baaſi—

1661 4303 56 30 an
1765 4303 24 30 af
1885 4304 112 31 denna
2064 4305 72 30 ſedel
2195 4305 129 30 wiſar
2366 4305 52 30 en
2479 4304 132 40 botten,
3219 4301 100 14 zdah

1412 4346 220 54 beſtäende
1666 4347 45 54 af
1741 4348 135 52 öfwer
1907 4349 82 43 den
1989 4297 86 113 ge
2156 4350 93 54 —
2482 4361 126 42 grun⸗
2662 4319 217 33 ro.l
2920 4309 19 40 n
3006 4303 112 61 ſtero
3182 4301 325 105 iogrderae.
3553 4308 234 77 2ne

1411 4404 82 43 den
1526 4403 14 44 i
1572 4406 128 41 rutor
1732 4405 217 56 anbragta
1980 4406 228 44 arbetsbin
2233 4408 63 52 och
2320 4407 182 42 emellan
2519 4406 95 42 dem
2662 4369 414 88 Beulognerſkogen
3118 4380 119 78 woro
3271 4377 253 57 tillirusna,
3546 4371 316 66 ſkridſtoaͤkare,

1411 4463 112 42 talet
1553 4464 98 41 500.
1713 4461 201 45 Sedelns
1948 4463 111 44 midt
2091 4463 286 55 intages?här
2410 4463 126 53 afen
2556 4448 176 60 el-för
2788 4451 66 45 det
2895 4456 133 44 meſta
3080 4447 265 61 fremlingar.
3390 4473 60 6 —
3491 4453 44 48 ty
3579 4450 120 48 hwar
3740 4443 124 57 ſtulle

1411 4519 406 114 ketrkte
1957 4520 249 102 —
2224 4521 106 54 ſamt
2460 4522 104 99 —
2662 4518 88 50 wäl
2789 4518 235 59 pariſaren
3064 4521 99 46 lära
3218 4516 58 64 ſig
3317 4514 75 51 aͤka
3434 4517 174 57 ſkridſto
3650 4545 62 7 —
3758 4517 103 46 blei—

1442 4591 20 31 e
1507 4590 19 31 e
1657 4590 27 32 n
1795 4591 197 32 andſkap.
2054 4579 56 44 Till
2148 4574 158 64 höger
2313 4574 97 64 och
2435 4578 178 44 wenſter
2884 4574 44 63 ia
3576 4603 13 14 e
3676 4587 7 7 wi
3814 4586 29 6 if

1413 4649 69 32 om
1529 4636 142 44 denna
1716 4636 111 52 tafla
2057 4593 142 98 2
2266 4592 225 89 elnee
2527 4586 85 94 e
2662 4607 68 64 we
2779 4587 185 119 ſcht,
3030 4592 49 86 29
3120 4594 81 77 det
3240 4604 97 66 wan
3376 4595 35 42 et
3453 4584 135 108 ſtych
3608 4586 211 105 winteſhi

1414 4695 154 55 daljer,
1615 4695 307 55 innehaͤllande
1954 4695 230 57 ſiffertalet
2215 4697 85 43 500
2330 4696 15 44 i
2378 4694 102 57 ljuſt
2512 4694 103 56 tryck
2664 4676 85 81 om
2812 4663 140 91 lilligt
3009 4666 201 77 paͤminde
3279 4677 113 69 mig,
3419 4676 71 33 om
3517 4670 99 82 mitn
3668 4661 177 80 ungdom

1413 4753 57 56 paä
1502 4753 78 57 grä
1626 4753 285 56 guillocherad
1960 4759 141 51 grund
2148 4755 127 54 jenite
2308 4755 134 43 orden
2475 4740 305 67 „mark,“wid
2820 4738 172 50 Elbens
3033 4732 179 59 ſtrand“
3254 4737 63 56 oh
3343 4744 55 49 paͤ
3429 4740 271 49 denſamma.
3743 4731 120 48 Men

1414 4812 236 55 iſilfwern
1690 4812 16 44 i
1739 4812 130 56 ſwart
1900 4813 118 56 tryck,
2050 4813 14 43 u
2098 4813 81 44 den
2212 4814 134 55 högra
2377 4811 463 64 medaljon-fglädjen
2882 4812 128 46 räckte
3051 4807 73 53 icke
3163 4809 146 60 länge,
3350 4816 43 52 ty
3435 4812 65 42 det
3543 4805 83 56 blef
3667 4801 196 65 plötſligt

1415 4884 84 43 gen
1530 4871 57 55 pà
1620 4871 129 56 yſta.
1781 4871 15 44 i
1829 4872 82 44 den
1941 4872 183 54 wenſtra
2141 4871 56 56 pä
2219 4870 398 56 ſwenſta.,Taflan;
2668 4887 194 45 föwäder
2921 4884 63 58 och
3045 4882 73 58 ſaö
3201 4859 53 70 is
3305 4881 63 59 och
3410 4878 149 65 ſlädar
3600 4877 266 61 förfwunno

1417 4930 65 55 och
1535 4929 368 57 medaljongerna
1954 4934 150 52 omges
2159 4930 45 53 af
2200 4921 68 70 en
2336 4929 282 53 fortlöpande
3126 4923 137 52 U

1415 4988 130 44 kräns
1589 4988 44 52 af
1665 4987 41 45 ek
1739 4989 63 53 och
1838 4989 122 55 lager
2036 4988 233 53 Ofwanſör
2301 4988 81 43 den
2415 4986 203 56 elliptiſta
2667 4956 214 60 ſnabkare
2922 4972 56 32 än
3011 4960 56 77 de
3108 4956 195 79 kommit.
3659 5021 105 11 .

1415 5046 142 56 Aflan
1590 5046 114 54 laſes
1738 5045 15 44 f
1783 5046 114 55 ſtoce
1928 5046 246 55 vokſtafwer
2206 5046 168 55 fedelns
2406 5043 214 56 tbrpa]
2739 5029 79 49 Att
2861 5033 66 44 det
2965 5030 84 47 wid
3090 5043 50 31 en
3182 5029 109 51 dylit
3331 5026 285 61 ombytlighet,
3657 5038 14 33 i
3698 5024 170 47 wäder—

1415 5104 127 100 iie
1608 5103 75 101 t
1710 5104 281 111 2
2148 5097 204 111 lagen
2378 5102 106 100 fiſtz
2526 5102 253 64 huf-leken
2822 5101 71 48 icke
2934 5102 77 46 kan
3052 5100 61 47 bli
3154 5098 129 63 fraͤga
3326 5112 69 32 om
3424 5112 50 30 en
3499 5096 239 61 utpräglad
3757 5089 112 65 win⸗

1415 5173 307 40 wudterten
1677 5153 57 68 i
1809 5173 76 32 ſtora
1968 5174 228 31 bokſtäfwer.
2305 5173 123 30 Sedeln
2466 5171 154 31 omgif—
2740 5149 72 68 drã
2948 5170 127 25 förſtz
3764 5163 106 24 ätier

1416 5222 90 40 wes
1539 5218 152 55 paͤntre
1723 5217 116 55 ſidor
1870 5218 45 54 af
1933 5231 51 31 en
2016 5169 99 93 —
2151 5231 94 30 ram
2236 5212 43 63 i
2276 5216 228 55 ſaͤkallad
2529 5168 92 90 E
2721 5177 147 75 rägt
2945 5175 164 78 ferſts
3166 5181 163 48 lis
3381 5168 111 58 e
3639 5168 54 98 u
3718 5165 148 117 ii

1417 5276 125 54 ſeftil'
1589 5276 146 43 deruti
1768 5276 230 54 ſiffertalet
2029 5279 84 40 500
2144 5277 148 56 finnes
2326 5273 206 43 anwändt
2564 5272 56 54 pä
2669 5244 128 81 wißt.
2819 5248 63 53 och
2923 5243 81 47 bär
3034 5239 179 82 guffar
3255 5239 67 77 och,
3358 5248 140 38 annat,
3526 5237 343 81 pelswerbemen

1418 5334 165 54 famma
1615 5333 84 53 ſätt
1730 5333 89 54 ſom
1850 5334 68 42 uti
1949 5334 268 55 framſidans
2249 5344 108 34 ram,
2382 5331 109 50 ſamt
2523 5323 213 60 deß-idet
2776 5330 51 32 är
2867 5329 124 33 mera
3033 5325 89 45 ſom
3164 5312 271 59 lyxartiklar,
3480 5317 65 40 att
3585 5319 43 45 af
3659 5316 213 38 nödwän—

1418 5394 124 41 utom
1574 5403 52 31 en
1658 5390 263 57 klockformig
1951 5391 132 56 figur,
2107 5388 300 56 föreſtällande
2432 5387 380 62 Linnsaldighet
2852 5385 189 63 ungefär
3081 5383 55 55 pä
3177 5380 174 65 ſamma
3393 5380 84 62 ſätt
3520 5380 92 56 ſom
3653 5393 107 33 man
3802 5392 68 31 om

2672 5461 253 47 jommaren
2967 5459 79 57 har
3101 5456 220 45 blommor
3361 5454 63 57 och
3465 5453 173 59 plymer
3678 5448 53 57 paͤ
3775 5453 96 53 hat—

2672 5537 141 41 tarne.
2891 5526 255 60 Herrarnes
3187 5527 127 59 drägt
3354 5526 51 45 är
3448 5538 70 32 om
3557 5521 194 50 wintern
3794 5519 76 47 bra

2673 5602 95 48 litet
2810 5602 80 48 olik
2930 5603 79 44 den
3050 5596 91 60 ſom
3185 5598 124 45 bäres
3350 5596 137 45 under
3528 5598 44 42 de
3609 5598 139 42 ondra
3773 5591 101 46 aͤrs—

2658 5804 263 65 föregaͤende
2963 5803 169 63 ſtraffet
3174 5801 51 48 daͤ
3265 5800 71 63 jag
3380 5814 61 33 un
3484 5797 144 64 frigör
3662 5796 70 63 dig
3762 5793 103 64 fraͤn

2669 5879 286 64 ſtyldigheten
2996 5885 62 40 att
3100 5878 194 61 begagna
3322 5873 75 60 fru
3425 5871 280 59 Holmlunds
3730 5872 137 54 ullko,

2668 5952 91 55 fom
2802 5957 57 42 du
2898 5949 69 58 för
3005 5964 51 33 en
3098 5950 125 56 ſtund
3266 5946 126 57 ſedan
3434 5945 213 62 behagade
3682 5941 184 60 uttrycka

2668 6021 119 66 dig,“
2844 6020 102 65 ſade
3009 6024 79 44 den
3146 6034 113 49 unge
3316 6032 195 34 mannen
3564 6018 143 46 leende
3748 6014 14 48 i
3803 6019 63 42 det

2669 6100 84 53 han
2801 6102 74 55 tog
2934 6092 160 60 ſchalen
3143 6090 104 62 fraͤn
3289 6089 156 62 Eſther
3488 6088 65 60 och
3594 6086 97 63 bjöd
3733 6088 134 61 henne

2665 6181 170 36 armen.
2909 6162 149 67 Säg
3045 6152 78 81 nu
3199 6161 160 61 liten,“
3407 6160 165 63 fortfor
3615 6160 105 61 han,
3760 6156 107 50 „om

2664 6241 54 43 du
2783 6236 129 59 anſer
2976 6234 172 64 ſtraffet
3211 6236 71 56 för
3346 6241 149 55 tungt,
3554 6232 106 50 eller
3701 6247 71 32 om
3815 6233 54 45 du

2669 6309 145 61 genaſt
2854 6307 117 50 wille
3008 6310 159 46 wända
3209 6322 69 32 om
3321 6303 68 67 och
3431 6307 147 46 lemna
3621 6300 152 66 mig?“

2734 6377 102 57 „O,
2877 6378 88 63 neij,
3004 6377 170 63 Felix,“
3207 6377 197 56 ſwarade
3435 6376 155 63 Eſther
3619 6380 95 44 med
3745 6375 123 62 gläd—

2663 6451 262 58 jeſtraͤlande
2965 6452 131 61 ögon,
3140 6449 163 59 lekfullt
3344 6448 220 60 ſtödiande
3611 6448 58 64 fig
3709 6447 159 60 paͤden

2662 6521 217 61 erbjudna
2918 6534 173 38 armen.
3168 6520 129 64 „Jag
3361 6520 128 61 följer
3531 6519 90 65 dig,
3665 6519 202 61 hwartän

2661 6596 55 46 du
2755 6590 131 66 gaͤr!“

2731 6663 223 68 „Wänta,
3019 6664 173 62 Eſther,
3254 6680 51 35 en
3370 6678 155 35 annan
3567 6661 116 66 gaͤng
3725 6657 138 60 haͤller

2661 6735 70 62 jag“
2790 6737 70 64 dig
2916 6737 184 63 räkning'
3166 6737 69 61 för
3287 6737 108 60 deßa
3444 6738 95 51 ord,
3583 6747 97 32 men
3722 6723 140 56 laͤtom

2662 6808 53 63 oß
2755 6824 63 34 nu
2879 6809 152 63 ſſynda
3073 6810 73 61 oß,
3185 6815 46 55 ty
3270 6809 126 55 aͤſtan
3437 6804 196 47 mullrar
3673 6787 180 71 redan,“

2662 6880 95 57 ſade
2816 6880 139 65 Ferix,
3018 6882 194 63 följaͤnde
3269 6877 254 67 gaͤngſtigen
3575 6871 68 50 till
3684 6869 173 61 ſtrand—

2662 6952 229 62 klipporna
2959 6957 64 58 och
3083 6953 292 61 fördiupaͤnde
3434 6948 58 62 ſig
3533 6947 92 46 med
3669 6943 61 59 ſin
3770 6937 88 64 föl—

2660 7024 301 65 jeſlagarinna
3001 7027 15 49 i
3056 7031 78 45 den
3174 7019 222 71 ſkuggrika
3435 7018 175 60 parken.

2732 7097 107 50 Den
2906 7114 116 49 unge
3081 7106 220 42 mannens
3373 7103 139 36 namn
3578 7098 95 36 war
3732 7079 126 61 Felix

2660 7167 156 51 Morck
2873 7173 63 57 och
2995 7173 114 60 hans
3175 7182 115 40 mor,
3348 7163 92 58 ſom
3493 7159 127 60 ſedan
3661 7154 105 77 llere
3805 7151 53 51 aͤr

2661 7241 142 49 warit
2860 7243 119 61 enka,
3037 7242 184 50 bebodde
3278 7240 66 45 det
3417 7232 100 50 lilla
3584 7228 271 55 ſörtluſande

2662 7314 138 48 ſället
2840 7314 230 50 midtemot
3108 7308 259 55 Tammisto
3407 7301 205 49 benämdt
3649 7296 210 59 Fridhem

2663 7384 64 60 och
2770 7385 162 59 hwilket
2972 7386 148 62 tycktes
3160 7386 103 60 göra
3293 7377 84 65 ſkäl
3405 7375 68 55 för
3505 7374 139 44 denng
3675 7369 181 48 benäm⸗

2662 7455 125 64 ning,
2837 7465 44 52 ty
2938 7462 112 59 lugn
3109 7457 62 59 och
3219 7451 86 57 frid
3353 7459 119 36 woro
3512 7440 233 64 werkligen
3786 7440 72 47 bo—

2664 7527 108 55 faſta
2830 7530 140 62 gäſter
3028 7530 15 48 i
3091 7531 63 44 det
3201 7522 96 50 lilla
3346 7519 203 57 hemmet.
3627 7511 93 50 Det
3761 7523 96 38 war

2663 7600 145 55 äfwen
2867 7601 146 59 derför
3070 7600 70 49 icke
3179 7590 240 60 underligt,
3460 7594 64 41 att
3563 7582 127 63 Felix
3731 7582 122 64 ſtun—

2665 7673 100 45 dom
2824 7670 67 58 fick
2948 7686 53 34 en
3043 7666 159 62 okuflig
3250 7664 188 57 längtan
3480 7663 64 43 att
3585 7655 155 62 ſtynda
3782 7654 78 62 dit,

2667 7741 69 54 foͤr
2793 7747 64 43 ait
2915 7743 133 61 hwila
3107 7738 58 61 ſig
3222 7732 68 49 till
3347 7732 131 57 kropp
3519 7727 64 62 och
3625 7726 100 60 fjäl,
3765 7725 92 58 ſom

2666 7811 86 62 han
2808 7811 253 65 ſkämtſamt
3117 7802 197 62 uttryckte
3371 7800 78 64 ſig,
3518 7803 79 47 bos
3638 7799 79 48 den
3756 7798 102 48 kära

2666 7886 200 60 modren,
2906 7885 105 59 fraͤn
3050 7887 56 44 ett
3144 7878 143 48 arbete
3326 7874 89 62 han
3455 7876 94 45 med
3590 7868 269 65 ungdomlig

2663 7956 273 61 enthuſiasm
2976 7958 92 48 med
3107 7949 189 65 förnyad
3337 7944 149 63 energi
3522 7942 189 62 aͤtertog,
3751 7943 107 56 efter

2665 8031 76 44 den
2782 8028 132 61 hwila
2955 8030 87 62 han
3080 8017 234 55 emellanät
3353 8015 137 64 anſaͤg
3544 8014 59 63 ſig
3651 8015 212 62 behöfwa.

2664 8098 124 63 Felix
2823 8113 95 40 war
2959 8095 217 63 nemligen
3225 8087 172 54 maͤlare
3449 8087 64 62 och
3550 8101 52 33 en
3641 8085 213 65 förhopp⸗

2664 8170 224 65 ningsfull
2951 8169 154 64 ſaͤdan,
3162 8162 180 64 hwilken
3406 8160 177 51 drömde
3643 8173 91 48 om,
3792 8163 65 45 att

1409 5818 162 58 honom
1613 5815 168 48 omtala
1820 5813 73 64 ſitt
1934 5812 236 52 moraliſka
2209 5811 227 61 nederlag,
2466 5811 143 59 hwar—

1420 5887 107 58 efter
1567 5886 87 65 hon
1695 5893 226 43 rodnande
1982 5887 220 48 berättade
2241 5885 82 47 allt
2366 5881 103 56 fraͤn
2510 5882 98 47 bör—

1420 5960 75 59 jan
1534 5961 69 47 till
1642 5958 102 64 ſlut.

1494 6030 177 68 „Hwad
1711 6034 57 46 du
1807 6033 52 48 är
1899 6029 133 67 god,“
2074 6029 96 58 ſade
2210 6030 75 46 den
2336 6040 113 49 unge
2490 6040 124 32 man—

1425 6119 82 33 nen
1558 6106 93 45 med
1697 6119 52 33 en
1791 6106 283 47 beundrande
2115 6103 93 48 blick
2246 6097 54 59 daͤ
2342 6100 151 59 henne,
2536 6094 78 55 „jä

1423 6177 81 61 god
1544 6177 64 55 och
1651 6175 270 56 förlaͤtande.
2002 6175 98 63 Jag
2142 6172 70 64 för
2252 6171 93 47 min
2388 6170 64 46 del
2487 6167 128 60 ſtulle

1423 6247 37 60 ei
1501 6246 14 50 i
1554 6247 89 61 haſt
1681 6248 163 48 kunnat
1884 6248 167 56 förlaͤta
2092 6257 213 52 gumman
2347 6240 269 61 Holmlund,

1423 6333 71 32 om
1536 6321 84 58 hon
1660 6322 94 44 med
1793 6319 115 50 waͤld
1965 6326 156 56 trugat
2159 6316 57 61 paͤ
2257 6313 88 63 mig
2384 6324 53 38 en
2478 6310 136 58 ſaͤdan

1424 6392 73 46 der
1537 6387 205 63 tingeſt.“

1493 6457 158 68 „God,
1714 6459 141 62 Felix,
1902 6464 56 45 du
2010 6462 162 50 känner
2213 6456 87 63 mig
2340 6452 84 57 icke,
2468 6451 49 48 daͤ
2560 6454 54 45 du

1423 6529 122 64 fäger
1586 6529 62 62 ſaͤ,
1689 6531 63 62 och
1791 6531 272 65 förluͤtande,
2102 6535 65 44 det
2206 6531 51 45 är
2296 6526 71 63 jag
2368 6518 52 82 ei
2430 6522 179 60 heller.

1422 6600 95 51 Det
1573 6604 53 47 är
1683 6602 47 61 ju
1794 6605 232 63 ingenting
2074 6612 65 38 att
2180 6599 161 58 förlaͤta
2383 6611 49 32 en
2474 6594 137 63 ſaͤdan

1420 6673 179 57 ſmaͤſak,
1647 6690 98 33 men
1787 6691 71 33 om
1898 6675 150 62 naͤgon
2087 6672 127 67 ſkulle
2251 6667 226 66 förorſaka
2520 6664 90 64 mig

1422 6748 147 56 mydet
1628 6749 121 54 ondt,
1806 6751 80 44 den
1931 6746 127 66 ſkulle
2122 6745 72 62 jag
2258 6738 144 63 aldrig
2467 6739 139 46 kunng

1420 6814 216 59 förlaͤta.“

1490 6889 192 68 „Aldrig
1724 6887 182 58 förlaͤta!
1946 6889 173 62 Eſther,
2162 6891 56 46 du
2257 6876 239 71 ſtämtar!“

1493 6960 323 68 „Fullkomligt
1873 6962 178 60 allwar,
2089 6961 139 63 Felix,
2268 6956 223 62 „ſwarade
2532 6957 77 45 den

1419 7048 118 48 unga
1602 7031 152 61 flickan
1807 7033 137 66 lifligt
1995 7037 63 59 och
2101 7032 222 58 beſtämdt,
2363 7030 247 47 omedwetet

1421 7104 381 63 ſönderplockande
1865 7121 51 33 en
1980 7108 209 60 praktfull
2245 7099 245 60 centifolia,
2531 7100 78 47 den

1421 7180 84 58 hon
1515 7168 54 79 i
1562 7177 337 64 förbigaͤende
1940 7180 156 63 brutit,
2135 7187 45 52 ty
2222 7177 70 61 jag
2331 7172 176 53 känner,
2547 7179 62 37 ait

1421 7264 70 33 om
1555 7249 151 63 naͤgon
1771 7250 125 59 ſtulle
1945 7251 176 65 tilltoga
2173 7248 89 58 mig
2300 7245 148 59 mycket
2490 7245 121 55 ondt,

1420 7318 135 67 naͤgot
1595 7320 176 64 ſaͤdant,
1810 7321 92 58 ſom
1940 7322 130 66 ſkulle
2127 7322 139 49 rubba
2309 7315 96 49 min
2444 7319 71 42 tro
2554 7312 56 60 pä

1421 7392 136 51 liſwet
1615 7395 64 58 och
1735 7392 199 62 plundra
1989 7395 127 51 mina
2181 7388 203 67 heligaſte
2422 7384 190 64 känſlor,

1419 7460 73 65 jag
1550 7463 146 64 aldrig
1742 7491 69 8 —
1849 7461 88 68 nei,
1977 7467 147 63 aldrig
2165 7462 126 64 ſtulle
2331 7459 145 48 kunna
2519 7457 91 57 för—

1420 7532 91 50 laͤta
1551 7531 130 53 den.“

1490 7602 158 63 „Tyſt,
1687 7604 170 65 Eſther,
1897 7606 166 62 ſaͤdana
2104 7609 76 48 ord
2221 7599 119 61 faͤei
2379 7597 55 66 gaͤ
2477 7597 137 57 öfwer

1421 7674 106 51 dina
1585 7677 177 58 läppar,
1820 7678 65 58 ſer
1926 7683 56 45 du
2037 7679 167 63 ſjelfwa
2261 7673 113 59 ſolen
2417 7673 197 60 gömmer

1425 7747 57 62 ſig
1547 7745 44 61 af
1656 7747 98 64 ſorg
1815 7749 179 64 derwid,
2045 7752 64 58 och
2160 7752 79 45 den
2279 7742 174 59 ſtackars
2493 7741 123 58 roſen

1424 7818 285 62 mißhandlar
1766 7821 56 47 du
1860 7821 159 60 äfwen.
2096 7821 109 50 Akta
2256 7817 86 65 dig,
2383 7815 130 53 barn,
2552 7822 64 38 att

1425 7890 101 51 dina
1578 7890 75 49 ord
1692 7889 38 59 ej
1769 7895 132 61 tungt
1939 7892 208 63 aͤterfalla
2186 7889 55 66 paͤ
2290 7890 69 61 dig
2400 7886 114 62 ſielf,
2554 7884 61 59 och

1425 7981 60 34 nu
1531 7964 135 47 redan
1705 7961 98 63 ſtall
1844 7968 56 44 du
1939 7968 109 57 göra
2098 7968 71 48 bot
2210 7965 68 57 för
2317 7963 108 52 dem,
2468 7956 52 50 daͤ
2562 7958 54 45 du

1426 8052 61 34 nu
1549 8037 132 61 muͤſte
1738 8034 110 66 fölia
1911 8036 89 63 mig
2055 8041 67 62 och
2173 8037 127 62 njuta
2340 8032 45 58 af
2426 8033 64 47 det
2530 8029 87 59 aͤſt—

1427 8111 141 47 wäder
1625 8109 73 63 jag
1758 8109 14 50 i
1823 8107 101 64 flere
1961 8111 135 60 dagar
2137 8112 166 50 wäntat
2341 8103 134 63 uppaͤ,
2517 8116 99 36 men

1426 8183 93 49 med
1570 8183 243 60 detſamma
1873 8178 163 62 befriar
2094 8183 70 67 dig
2222 8180 144 59 äfwen
2407 8173 103 63 fraͤn
2552 8177 62 46 det

2621 8168 31 74 —
2629 8050 16 119 —
2621 7982 31 69 —
2621 7946 31 17 —
2621 7812 31 73 —
2621 7729 31 74 —
2621 7652 31 78 —
2621 7481 31 120 —
2621 7355 31 83 —
2621 7246 31 110 —
2621 7153 31 84 —
2621 7001 31 140 —
2621 6861 31 138 —
2621 6732 31 104 —
2621 6606 31 114 —
2621 6484 31 104 —
2621 6360 31 110 —
2621 6244 31 104 —
2621 6215 31 27 —
2621 6073 31 102 —
2621 5936 31 107 —e
2621 5882 31 32 —

3909 1097 83 48 wid
4052 1095 92 50 litet
4204 1099 54 12 ſtö
4690 1105 19 45 3
4859 1106 12 8 ſ

3174 1147 103 49 Kar“
3336 1148 379 64 deronge
3757 1098 105 101 bide
4108 1114 13 28 et
4203 1104 134 54 ſtörre
4392 1105 89 48 köld
4545 1114 170 48 utanpaͤ
4776 1105 169 57 bluſen.

3918 82 190 70 tiderna,
4148 86 55 60 paͤ
4246 87 61 62 ſin
4349 87 99 65 hoͤid
4486 94 66 47 att
4589 105 108 36 man
4725 89 114 53 laͤter
4866 88 258 72 förfärdiga

3917 163 78 47 den
4035 161 47 58 af
4121 163 98 51 litet
4255 162 176 64 tjockare
4471 171 73 55 tyg
4586 165 64 60 och
4690 171 65 42 att
4796 180 105 33 man
4943 165 180 64 bifogar

3914 248 52 33 en
4004 232 90 63 ſtor
4135 236 91 59 duk,
4267 235 93 58 ſom
4422 251 107 36 man
4565 236 116 52 wikit
4721 237 100 64 ihop
4862 237 64 66 och
4968 239 158 49 lindar

3915 322 70 33 om
4045 307 148 62 halſen
4250 310 103 48 eller
4417 311 158 64 drager
4633 323 89 44 upp
4782 310 138 64 oͤfwer
4958 310 162 60 näſan.

3912 376 165 55 Rockor
4116 379 180 68 fodrade
4337 384 93 48 med
4470 385 209 55 pelswerk
4718 385 266 56 ſörekomma
5025 384 86 61 ſäl⸗

3914 451 74 50 lon
4045 456 63 60 och
4168 456 222 63 begagnas
4447 457 104 56 meſt
4609 456 47 61 af
4695 457 270 62 fremlingar
5003 456 105 61 ſraͤn

3912 526 254 63 nordligare
4224 529 160 48 trakter
4443 528 90 59 ſom
4591 531 165 61 hemtat
4796 531 138 61 dylika
4975 533 134 60 plagg

3913 599 92 45 med
4046 597 57 64 ſig
4145 601 101 46 eller
4287 599 91 57 ſom
4429 600 47 61 af
4515 602 200 63 gammal
4754 617 137 37 wana
4929 611 70 41 tro
5040 609 67 44 att

3911 680 105 36 man
4058 669 131 61 maͤſte
4253 673 108 48 bära
4403 673 129 58 dylikt
4571 676 181 48 emedan
4794 677 66 47 det
4898 678 53 45 är
4991 674 113 49 win—

3911 741 81 79 ter.
4066 741 248 51 Arbetaren
4371 742 164 65 förblir
4592 748 143 56 äfwen
4782 750 140 46 under
4963 748 141 47 denna

3910 810 141 74 aͤrstid
4093 813 59 57 ſin
4193 815 220 64 uniform,
4453 815 166 67 bluſen,
4658 826 170 56 trogen,
4870 822 85 55 han
4982 827 125 55 tager

3912 882 214 56 maͤhända
4167 887 108 49 blott
4315 888 145 62 naͤgon
4501 891 197 61 gammal
4736 889 105 64 jacka
4882 893 104 47 eller
5027 894 80 58 dy—

3909 953 71 50 likt
4038 954 54 57 paͤ
4151 956 56 62 ſig
4248 964 138 45 under
4425 961 166 58 bluſen.
4665 960 96 52 Om
4805 966 86 54 han
4933 964 79 57 har
5052 976 54 34 en

3910 1027 178 56 paletot,
4128 1027 240 67 ſaͤdrager
4410 1035 84 58 han
4537 1039 94 51 den,
4656 1049 69 32 om
4756 1035 220 61 ſöndagen
4999 1033 108 49 eller

5021 1104 85 51 Att

3911 1171 177 47 dömma
4127 1168 105 56 efter
4272 1174 202 50 kläderna
4517 1174 65 59 ſer
4624 1183 138 42 denna
4806 1177 96 62 klaß
4942 1176 15 51 i
4996 1175 109 63 jem—

3911 1239 155 57 förelſe
4107 1244 91 43 med
4239 1243 76 61 deß
4366 1247 215 49 kamrater
4622 1248 13 48 i
4674 1247 218 66 Tyſkland
4934 1247 175 65 derföre

3910 1313 187 66 ſnarare
4156 1318 46 41 ut
4259 1313 89 55 ſom
4405 1326 58 42 ett
4521 1319 253 65 tiggarfölie
4825 1322 59 46 än
4926 1320 88 57 ſom
5059 1323 48 44 de

3912 1386 191 121 ſen
4144 1383 243 54 lemmarne
4424 1387 47 62 af
4510 1394 63 46 det
4614 1392 273 60 induſtriella
4911 1389 198 52 arbetets

3929 1471 132 44 repp.

3982 1531 134 63 Efter
4157 1530 64 62 ſin
4260 1528 190 58 ankomſt
4487 1534 66 48 till
4594 1537 65 47 det
4681 1533 245 62 europeiſta
4951 1531 159 49 Mekka

3911 1603 231 63 förwaͤnas
4202 1600 141 66 tuſken
4403 1603 51 47 daͤ
4512 1608 83 59 han
4653 1608 65 56 ſer
4760 1612 139 43 denna
4941 1606 79 59 här
5060 1603 50 63 af

3910 1680 222 56 arbetare,
4173 1674 92 57 ſom
4304 1672 86 50 wid
4431 1677 83 46 alla
4555 1677 189 51 aͤtstider
4784 1681 79 46 äro
4905 1676 203 60 inhölida

3911 1750 12 49 i
3964 1750 212 63 ſmutſiga
4220 1748 62 56 och
4322 1744 273 63 ſönderrifna
4635 1749 145 58 bluſer
4821 1752 64 61 och
4927 1766 92 32 mer
5048 1752 60 46 än

3909 1838 50 32 en
4002 1823 198 56 kraftfull
4242 1819 242 49 landsman
4524 1816 94 65 ſade
4658 1822 65 46 till
4765 1823 227 64 mig,
4872 1812 41 79 i
4912 1823 80 64 det
5017 1822 89 61 han

3911 1895 223 64 beklagade
4176 1893 57 62 ſig
4276 1889 137 65 öfwer
4455 1895 75 42 den
4573 1890 257 66 briſtfälliga
4872 1894 236 64 eldningen

3911 1970 61 53 och
4014 1967 244 48 kritiſerade
4283 1967 75 42 den
4384 1962 113 55 ſtora
4521 1962 244 64 mängdens
4787 1968 127 56 lätta,
4933 1965 175 49 waͤrds⸗

3910 2037 94 54 löſa
4063 2037 175 54 klädſel:
4298 2033 393 62 “Fransmännen
4751 2037 77 45 äro
4869 2037 153 59 ſtarka,
5063 2040 47 42 de

3910 2110 80 45 äro
4031 2108 12 48 i
4085 2108 191 62 ſanning
4318 2121 120 33 mera
4481 2106 189 57 härdade
4709 2106 57 44 än
4795 2105 69 62 jag
4893 2106 217 62 naͤgonſin

3912 2184 103 51 gade
4074 2187 134 50 trott;
4267 2183 68 43 det
4392 2191 119 33 wore
4563 2171 205 65 omöjligt
4809 2177 68 52 för
4920 2178 86 62 mig
5046 2183 66 44 att

3910 2252 190 59 uthärda
4140 2251 110 60 köld,
4293 2248 42 59 ſaͤ
4380 2247 91 55 ſom
4512 2249 47 47 de
4600 2242 168 67 göra!“

3981 2320 260 52 Rummens
4298 2321 174 61 eldning
4541 2317 266 60 motſwarar
4859 2319 75 46 den
4973 2318 141 50 milda

3911 2396 62 55 och
4017 2393 243 62 ombytliga
4300 2393 262 47 wäderleken
4604 2390 113 57 ſamt
4760 2392 46 44 de
4836 2390 106 60 höga
4965 2389 150 60 priſen

3910 2465 56 61 paͤ
4006 2465 190 62 bränſle.
4274 2462 129 57 Wed,
4463 2462 185 64 ſaͤkallad
4691 2460 106 59 haͤrd
4838 2466 105 48 wed,
4982 2460 135 61 ſäljes

3909 2542 106 53 eſter
4055 2538 124 64 wigt,
4219 2538 31 49 2
4293 2538 154 51 francs
4487 2533 71 65 för
4581 2536 68 48 50
4672 2535 278 57 kilogramm.
4999 2531 114 49 Med

3911 2613 206 53 ſtenkolen
4182 2614 52 46 är
4293 2612 65 46 det
4415 2609 55 62 paͤ
4512 2610 168 57 ſamma
4723 2609 101 57 fätt,
4865 2601 106 56 Lis
5011 2602 29 50 à
5079 2606 34 48 2

3909 2684 150 61 francs
4101 2684 72 62 för
4214 2686 67 48 50
4322 2682 276 64 kilogramm.
4675 2677 161 59 Cooks,
4860 2677 109 66 torf,
4992 2678 127 47 bark—

3909 2761 119 48 kakor
4087 2756 194 63 förhaͤlla
4349 2755 58 64 ſig
4465 2753 184 51 relativt
4696 2753 69 48 till
4806 2751 172 56 ſamma
5018 2749 99 60 pris

3910 2833 90 52 ſom
4064 2838 90 43 wed
4216 2829 64 64 och
4324 2829 167 54 ſtenkol.
4570 2825 105 50 Wid
4717 2823 162 57 ſaͤdana
4921 2822 99 56 pris
5062 2824 55 47 är

3910 2908 65 47 det
4019 2905 83 56 helt
4143 2901 221 64 noturligt
4405 2908 64 40 att
4509 2914 105 34 man
4656 2899 119 47 eldar
4819 2895 44 61 faͤ
4903 2895 95 49 litet
5021 2893 98 66 ſom

3911 2975 196 64 möjligt.

3980 3047 94 49 Till
4132 3046 140 46 denna
4331 3043 154 60 böjelſe
4546 3049 64 42 ott
4651 3041 129 55 ſpara
4821 3036 56 62 paͤ
4919 3037 197 62 bränſlet

3913 3118 135 55 ſällar
4086 3118 58 62 ſig
4200 3119 123 46 ännu
4381 3119 79 43 den
4501 3115 112 54 ſtora
4656 3109 405 65 ofullkomligheten
5101 3107 16 49 i

3913 3194 75 40 den
4027 3187 199 50 wanliea
4231 3173 508 79 eldningsopparaten,
4761 3173 182 79 hwilken
4967 3177 153 60 omöi—

3912 3259 82 61 ligt
4034 3260 77 46 kan
4153 3258 290 60 oͤſtadkomma
4482 3272 51 32 nen
4581 3254 200 63 behaglig
4821 3254 293 47 rumwärme.

3914 3328 167 49 Denna
4122 3336 191 52 apparat
4352 3330 50 45 är
4443 3328 217 58 kaminen,
4698 3340 52 35 en
4792 3323 200 60 ſkorſten,
5023 3320 93 59 ſom

3894 3415 117 35 jnere
4052 3401 15 47 i
4109 3413 205 34 rummen
4354 3409 193 49 mynnar
4586 3403 54 43 ut
4678 3396 91 60 ſom
4809 3405 57 38 ett
4889 3409 92 33 mer
5010 3392 108 51 eller

3880 3458 206 64 /mindre
4125 3471 190 61 utſtyrdt
4356 3470 89 59 haͤl.

3985 3542 72 52 En
4098 3543 111 61 dylik
4269 3539 254 66 inrättning
4562 3540 126 55 anſes
4730 3537 240 61 öfwerallt,
5011 3535 107 62 fräͤn

3915 3618 63 57 och
4037 3621 94 45 med
4192 3620 46 43 de
4298 3615 146 56 rikaſte
4493 3614 199 61 ſalonger
4735 3613 62 59 och
4838 3609 281 64 praktgemak

3914 3691 64 64 och
4018 3693 77 46 ned
4136 3688 69 51 till
4246 3691 44 45 de
4330 3684 367 63 anſpraͤkslöſaſte
4737 3683 253 60 ſmaͤrum,
5019 3680 97 65 ſom

3913 3779 50 35 en
4021 3761 257 64 wäſendtlig
4336 3761 201 61 prydnad
4596 3759 122 48 inom
4766 3760 45 46 de
4852 3758 100 60 ſyra
4991 3756 123 62 wäg—

3913 3853 153 50 garne.
4143 3833 95 52 Det
4297 3841 77 57 ges
4433 3831 195 49 kaminer
4685 3830 45 59 of
4778 3843 202 35 marmor
5021 3828 100 48 med

3911 3912 246 59 prydnader
4198 3907 46 57 af
4284 3906 139 50 brons
4466 3906 62 58 och
4554 3902 444 64 bildhuggeriarbete,
5025 3900 95 60 ſom

3915 3985 106 57 koſta
4062 3980 191 60 tuſental
4294 3979 153 63 francs
4488 3979 64 56 och
4594 3981 79 44 den
4713 3976 98 63 ſiſta
4851 3974 15 49 i
4908 3975 93 46 bela
5043 3987 77 33 ra—

3914 4061 78 41 den
4049 4053 47 61 af
4156 4051 119 61 desſa
4335 4051 45 61 ſaͤ
4438 4050 70 48 till
4551 4048 94 58 pris
4688 4047 90 58 ſom
4820 4046 147 48 arbete
5011 4043 110 49 olika

3912 4129 405 51 wärmeapparater
4357 4124 51 45 är
4449 4124 80 44 den
4568 4120 47 58 af
4654 4120 98 61 gips
4777 4119 63 57 och
4862 4115 258 63 tegelſtenar

3914 4199 219 58 uppförda
4176 4194 133 53 ſwart
4351 4195 63 56 och
4441 4193 105 58 hwit
4576 4190 171 47 maͤlade
4770 4188 211 62 tingeſten
5005 4197 116 45 uppe

3915 4268 11 48 i
3965 4266 307 59 windekupan.
4314 4292 62 8 —
4420 4261 83 50 Saͤ
4543 4260 108 51 olika
4694 4257 118 59 desſa
4838 4258 195 48 kaminer
5056 4258 61 45 än

3915 4339 69 47 maͤ
4040 4352 122 33 wara
4215 4335 70 48 till
4326 4335 117 55 form
4485 4333 62 56 och
4589 4334 147 45 wärde
4778 4329 135 59 ſtjuta
4956 4331 44 44 de
5043 4328 75 46 lik—

3912 4411 86 48 wäl
4036 4410 90 47 alla
4168 4408 46 47 in
4252 4406 15 48 i
4307 4413 193 41 rummet
4539 4402 93 63 ſom
4673 4409 58 40 ett
4754 4415 92 33 mer
4869 4400 104 48 eller
4997 4397 119 47 min⸗—

3913 4487 73 42 dre
4026 4480 120 48 bredt
4185 4476 238 64 utſpraͤng,
4465 4478 63 50 och
4570 4479 112 43 detta
4724 4475 51 44 är
4815 4468 162 62 upptill
5017 4467 102 50 täckt

3913 4557 93 45 med
4045 4567 53 32 en
4139 4550 110 61 ſten-⸗
4290 4550 102 49 eller
4435 4543 367 66 marmorſkifwa.

4831 4610 213 69 (Soriſ.)

4734 4941 44 15 —
4782 4940 78 15 —
4864 4943 87 11 —

4061 5001 102 44 Min
4232 5000 87 44 ömt
4397 4999 147 49 älſtade
4636 5000 104 39 dotter
4800 4989 256 47 Emilia

3974 5057 328 47 (austatva
4333 5058 238 50 afſomnade
4615 5059 96 38 eiter
4765 5059 54 36 ett
4866 5048 189 54 längwa—

3972 5120 82 51 rigt
4096 5118 271 51 vröſtlicande
4420 5114 104 48 ſtilla
4559 5112 61 52 och
4662 5110 182 53 fridjullt
4893 5108 163 51 iHel—

3974 5176 179 51 ſtügfors
4201 5173 204 52 ſöndagen
4440 5176 74 36 den
4548 5170 54 41 28
4635 5168 206 53 Februari
4886 5164 126 48 1875,
5045 5166 13 39 i

3973 5246 47 28 en
4054 5231 107 44 alder
4209 5231 44 47 af
4300 5228 49 43 17
4385 5225 46 45 är
4467 5234 60 37 oo
4567 5226 29 44 4
4646 5225 213 47 maͤnader,
4913 5221 145 43 bittert

3974 5290 104 50 ſörid
4112 5288 60 50 ech
4206 5287 143 51 ſaknad
4384 5284 43 51 af
4458 5287 157 47 moder,
4661 5283 93 43 2ne
4785 5282 143 52 ſyſton,
4985 5290 75 32 an⸗

3923 5347 309 54 3förwandter
4266 5351 61 46 och
4365 5344 187 42 wänner.

4634 5394 72 48 M.
4739 5394 57 47 S.
4825 5388 209 61 Nyholm.

3952 5498 27 10 —
4050 5495 53 14 —
4129 5497 7 9 —
4420 5495 22 9 —
4641 5488 25 9 D

3979 5537 347 51 Eocmerſeraͤdet
4360 5533 108 48 Carl
4499 5532 199 57 Magnus
4714 5511 293 84 Dahlſtröm,
5027 5516 96 76 Abo

3921 5605 75 37 den
4029 5597 55 44 23
4118 5599 136 51 Febr,
4283 5594 56 42 69
4371 5590 62 45 är.
4471 5615 55 10 —
4575 5595 87 49 Fru
4694 5585 221 57 Eliſaeeth
4947 5584 175 56 Roſlin,

3925 5792 145 57 äfwen
4122 5788 14 50 i
4184 5787 63 63 ſin
4311 5784 107 52 maͤn
4466 5782 187 64 bidraga
4689 5780 70 52 till
4800 5787 67 43 att
4904 5781 108 62 göra
5049 5777 74 64 ſitt

3919 5864 338 64 undangömda,
4296 5858 165 67 älſkade
4513 5856 314 60 fädernesland
4885 5854 129 47 äradt
5053 5850 65 60 och

3917 5935 146 54 aktadt
4125 5949 158 51 genom
4341 5937 80 46 den
4484 5930 131 61 konſt,
4668 5929 148 63 hwars
4855 5923 137 51 idkare
5031 5922 90 61 han

3918 6024 113 35 war.

3996 6080 129 62 Fraͤn
4186 6079 275 52 barndomen
4520 6075 104 63 hade
4669 6074 85 61 han
4792 6066 132 51 warit
4961 6063 158 51 bekant

3919 6160 94 44 med
4072 6152 158 63 Eſther
4287 6153 64 60 och
4416 6149 142 65 nägra
4614 6144 53 49 aͤr
4724 6152 134 51 yngre
4907 6138 58 46 an
5006 6135 111 62 han,

3922 6230 103 58 hade
4067 6229 86 59 hon
4192 6225 138 50 redan
4370 6222 90 58 ſom
4502 6220 111 46 barn
4653 6217 93 43 med
4747 6203 218 88 ſyſterlig
4993 6202 117 66 hãn⸗

3920 6298 238 64 gifwenhet
4200 6295 141 49 blickat
4380 6301 88 49 upp
4510 6282 64 66 till
4607 6277 159 86 honom,
4812 6273 84 88 tills
4933 6280 46 45 de
5007 6278 104 50 län⸗

3921 6385 74 47 gre
4052 6369 120 58 fram
4232 6366 139 60 funno
4429 6372 52 35 en
4520 6353 332 60 likſtämmighet
4892 6363 15 34 i
4946 6347 167 65 äſigter

3922 6441 64 60 oͤch
4027 6437 224 57 taͤnkeſätt,
4298 6431 89 60 ſom
4428 6428 168 46 kommo
4636 6424 92 45 dem,
4769 6426 64 41 att
4874 6420 127 59 finna
5042 6422 71 49 det

3922 6511 148 53 ſtörſta
4128 6506 132 59 behag
4319 6501 14 46 i
4390 6496 294 59 ßwarandras
4742 6489 198 60 ſällſkap,
4979 6495 130 46 utom

3920 6583 77 44 den
4055 6575 179 61 djupare
4286 6566 144 63 känſla
4488 6567 47 46 de
4574 6563 113 61 hyſte
4727 6561 69 58 för
4837 6561 271 62 hwarandra

3916 6649 65 60 och
4021 6645 178 61 hwilken
4240 6638 122 60 Felix
4402 6638 126 53 knapt
4568 6649 121 34 mera
4730 6633 159 61 brydde,
4931 6631 59 64 ſig
5032 6647 72 34 om

3912 6727 64 38 att
4033 6715 135 58 dölja,
4224 6712 140 47 under
4422 6714 67 45 det
4545 6705 158 61 Eſther
4754 6707 93 47 med
4888 6702 218 64 barnſligt

3911 6789 117 47 trots
4070 6785 211 56 ſtämtade
4321 6782 98 48 bort
4458 6780 90 49 alla
4594 6779 213 48 närmare
4834 6774 273 64 häntydnin—

3910 6872 79 47 gar
4039 6853 133 60 derpaͤ
4266 6852 75 51 De
4394 6865 124 36 woro
4573 6864 133 36 wana
4747 6855 63 44 att
4851 6850 70 56 för
4961 6847 145 65 hwar—

3906 6930 142 48 andra
4088 6926 210 66 anförtro
4340 6925 93 61 ſina
4473 6923 193 62 innerſta
4707 6922 153 51 tankar
4900 6924 65 58 och
5004 6921 103 48 kän—

3908 7000 105 66 ſlor;
4053 6998 69 65 och
4162 7001 144 60 äfwen
4345 7014 62 34 nu
4447 6998 224 49 berättade
4720 6993 172 65 Eſther,
4921 6995 73 49 der
5022 6994 86 61 hon

3907 7073 204 65 framgick
4148 7070 359 63 förtroendefullt
4547 7068 210 50 blickande
4796 7075 89 50 upp
4926 7065 70 48 till
5025 7065 85 58 Fe⸗

3909 7146 73 61 lix,
4043 7161 73 34 om
4175 7150 80 45 den
4315 7158 98 45 oro,
4471 7140 92 58 ſom
4619 7136 161 64 naſtan
4828 7134 280 62 uteſlutande

3909 7225 166 57 upptog
4135 7219 161 63 hennes
4354 7213 175 58 tankar,
4587 7209 219 64 nemligen
4864 7221 111 37 oron
5035 7207 72 57 för

3909 7290 174 61 fadern.

3980 7359 127 53 „Det
4145 7376 94 36 war
4280 7352 170 66 orätt“,
4488 7352 98 61 ſade
4625 7354 87 61 hon
4750 7350 69 51 till
4855 7349 105 66 ſlut,
4999 7347 104 55 „att

3907 7432 75 67 jag
4023 7434 38 62 ei
4100 7434 96 61 förr
4238 7429 68 66 fick
4344 7434 125 55 weta,
4509 7432 66 42 att
4612 7435 146 51 pappa
4797 7435 96 37 war
4922 7423 45 60 ſaͤ
4997 7421 105 61 ſiuk,

3910 7517 43 50 ſy
3996 7506 53 50 daͤ
4090 7506 126 63 ſtulle
4255 7503 72 64 jag
4367 7502 70 60 för
4476 7498 128 63 länge
4643 7495 132 65 ſedan
4802 7498 166 47 lemnat
4995 7505 109 46 pen⸗

3911 7579 147 59 ſionen
4099 7580 64 61 och
4203 7573 275 68 uteſiutande
4515 7575 128 58 egnat
4682 7568 92 65 mig
4812 7565 47 51 aͤt
4888 7563 214 66 honom“.

4834 7706 202 70 (GFortſ.)
