4593 6726
90 60 46 57 8
177 86 73 11 —
246 31 119 107 No
376 62 141 70 ios
540 84 55 11 -
647 57 153 58 1910

270 221 270 123 Falleys
603 216 217 95 komet
882 218 23 91 i
970 215 379 125 antagande.

455 400 282 132 ——

126 1429 136 40 Liesom
308 1427 205 39 stiarnornas
557 1431 42 36 pâ
623 1430 161 33 Ronstens

86 1480 134 34 himmel
266 1478 225 36 uoptrãdande
536 1480 147 29 emotses
707 1478 77 31 med

87 1532 73 29 Stor
182 1526 147 36 spaäning,
349 1523 61 32 har
431 1523 104 32 ocksà
557 1523 63 32 den
642 1523 141 36 sallsvn-

88 1577 36 29 ta
147 1575 75 35 gast
246 1580 72 24 som
342 1572 92 30 snart
457 1570 150 31 Rommer
631 1571 48 30 att
703 1578 80 28 upp-

87 1621 99 31 trada
228 1619 42 35 pa
312 1617 222 31 ſrmamentet
558 1615 84 32 efter
665 1615 39 33 76
728 1617 56 31 ars

87 1668 192 33 bortavaro,
300 1662 196 37 HalleVs
518 1662 162 38 Romet,
700 1665 83 30 van-

88 1715 68 31 tats
194 1712 76 32 med
309 1710 136 36 orantlig
484 1708 201 37 nyiikenhet.
735 1709 49 32 De

87 1758 258 37 Stjãrnkunniga,
389 1765 73 23 som
505 1756 110 32 Kunna
637 1756 148 32 berakna

87 1808 168 37 planeters
301 1804 62 32 och
408 1803 170 32 kometers
603 1803 114 37 banor,
742 1803 43 32 ha

86 1853 179 35 jörkunnat
286 1853 49 30 att
355 1850 136 36 Halleys
511 1849 113 33 komet
645 1850 9 31 i
675 1851 109 31 medio

87 1908 45 25 av
155 1901 63 33 mai
242 1900 36 30 aͤr
302 1899 146 31 närmast
472 1897 63 31 den
557 1896 65 32 lilla
644 1896 75 38 boll,
744 1898 41 36 pà

86 1946 113 34 vilken
242 1945 35 32 vl
317 1943 280 37 Nanniskorkryp
621 1943 77 32 leva
722 1944 63 32 och

86 1994 55 32 bo.
202 1991 91 33 Efter
315 2000 41 22 en
378 1990 79 36 tys
478 1990 125 36 tidning
624 1990 106 32 iniõra
751 1991 33 30 vi

82 2040 63 32 hät
163 2047 41 23 en
222 2038 105 36 karta,
346 2045 73 24 som
438 2036 211 36 àskâdliggor
667 2036 51 32 for
736 2036 46 31 la-

85 2094 101 24 saren
216 2084 134 35 jordens
381 2083 63 32 och
475 2082 174 33 Rometens
680 2083 104 31 banor

85 2133 59 33 vid
162 2131 99 37 tiden,
279 2131 42 32 dà
338 2131 41 31 de
396 2130 87 32 bàda
498 2129 286 37 himlabropparne

85 2182 62 30 aro
168 2180 149 30 narmast
338 2177 177 32 varandra.
556 2175 228 34 Nometbanan

87 2228 37 31 ar
149 2227 21 30 à
195 2225 119 32 Kartan
339 2224 63 32 den
427 2224 74 34 linje
527 2232 73 23 som
624 2224 60 35 gàr
709 2224 74 30 när-

86 2274 89 31 mast
194 2271 103 32 solen.
335 2270 73 32 Den
426 2270 77 32 skar
520 2270 182 35 jordbanan
721 2269 62 31 den

85 2321 38 30 31
144 2319 75 33 maj.
257 2316 121 33 Sasom
396 2325 44 22 av
459 2316 107 36 denna,
584 2314 198 38 bankarta

86 2373 116 29 synes,
250 2365 37 30 är
333 2362 137 36 Halleys
497 2362 112 32 Komet
637 2362 146 30 närmast

87 2413 96 32 solen
224 2410 63 32 den
330 2410 37 31 I8
386 2408 90 37 april,
497 2409 30 31 d.
546 2417 32 22 v.
599 2416 27 24 S.
646 2408 9 31 i
675 2415 26 24 m
719 2415 16 24 o
751 2415 31 23 r-

86 2466 97 30 gon.
230 2456 142 32 Nederst
399 2456 9 31 i
436 2456 138 30 vanstra
599 2454 118 31 hörnet
744 2461 37 24 se

86 2506 36 31 vi
144 2511 62 24 var
228 2503 115 34 jorden
365 2501 120 32 berann
507 2501 50 36 sig
579 2500 63 31 den
667 2500 36 31 I5
727 2499 54 31 dis

836 1431 133 34 saͤledes
992 1431 52 34 för
1068 1442 59 28 par
1152 1434 60 32 dar
1237 1432 112 36 sedan.
1393 1435 73 33 Den
1490 1436 40 31 30

836 1478 81 36 april
945 1487 156 28 passerar
1127 1481 116 34 jorden
1271 1482 173 32 Rometens
1472 1482 57 31 ba-

837 1532 51 29 na,
908 1524 63 33 och
992 1526 104 36 sagda
1116 1526 65 37 dag
1200 1529 38 29 aär
1258 1528 105 31 denne
1383 1527 146 33 visserli-

836 1578 64 28 gen
945 1571 163 37 betydligt
1153 1575 151 31 narmare
1329 1582 57 24 oss
1411 1576 41 29 ãn
1477 1583 52 28 nu,

836 1626 77 23 men
935 1619 87 31 aändà
1045 1620 37 31 ãr
1105 1620 178 32 avstandet
1306 1620 223 36 respektabelt

838 1672 74 29 nog.
956 1664 74 33 Den
1057 1666 36 31 19
1116 1667 63 34 maj
1205 1668 59 30 aro
1289 1666 153 32 kometen
1467 1666 61 31 och

836 1711 116 34 iorden
969 1713 147 31 narmast
1132 1713 165 31 varandra
1314 1712 62 31 och
1391 1713 11 30 i
1418 1721 40 22 en
1476 1713 52 30 Sa-

839 1758 63 31 dan
924 1758 161 37 stãllning,
1107 1760 49 30 att
1177 1758 154 32 kometen
1352 1760 37 29 är
1410 1758 117 32 mellan

838 1804 93 32 solen
952 1805 63 32 och
1036 1806 124 35 jorden,
1182 1805 62 32 och
1268 1805 62 31 den
1353 1805 175 31 Sistnamn-

839 1851 59 32 das
921 1860 112 28 svans,
1057 1860 72 24 som
1152 1853 37 30 är
1211 1852 89 30 vand
1323 1851 111 31 bortât
1456 1851 71 31 fràn

837 1897 103 38 solen,
959 1898 158 32 omsluter
1137 1897 91 38 „hela
1248 1897 157 31 varldenn
1423 1917 35 5 —
1475 1898 52 31 Sâ-

837 1953 73 23 som
952 1945 35 31 vi
1029 1944 104 32 bruka
1175 1943 85 32 kalla
1283 1944 61 31 var
1367 1943 64 32 lilla
1453 1944 75 31 boll.

836 1990 154 32 Därefter
1019 1991 159 35 avlãgsna
1206 1991 49 35 sig
1283 1989 154 32 Rometen
1466 1990 61 31 och

836 2037 115 34 jorden
977 2037 72 31 aͤter
1074 2045 70 22 mer
1170 2036 62 31 och
1258 2044 70 23 mer
1353 2035 72 32 iraͤn
1451 2044 76 22 var⸗

838 2083 112 31 andta.
988 2082 13 33 I
1019 2082 114 35 början
1152 2090 43 24 av
1212 2082 65 35 juni
1295 2081 59 32 har
1373 2081 154 32 kometen

837 2130 71 32 naͤtt
930 2129 115 35 jorden
1069 2129 86 32 bana
1175 2149 42 5 —
1238 2137 75 23 men
1338 2128 41 32 dâ
1402 2130 37 30 är
1461 2130 65 33 jor-

838 2176 72 36 den,
955 2184 73 23 som
1053 2184 111 28 Ssynes,
1189 2175 102 31 redan
1316 2175 90 36 làngt
1431 2175 95 31 borta

836 2221 72 33 fraͤn
935 2223 63 31 den
1023 2221 153 37 punlcten.
1221 2221 116 37 Nagon
1363 2229 163 24 Ssamman-

836 2269 146 36 Stötning
1004 2267 149 33 kommer
1178 2267 137 32 saͤlunda
1338 2267 28 34 ei
1391 2268 49 30 att
1463 2268 63 35 aga

835 2322 82 24 rum.
959 2313 79 32 Men
1060 2313 60 32 hur
1144 2314 55 31 det
1223 2313 80 32 skall
1328 2312 126 32 kannas
1477 2314 48 30 att

835 2369 83 23 vara
937 2361 10 31 i
965 2360 173 32 Rometens
1159 2367 111 28 svans,
1292 2358 55 32 det
1366 2358 34 32 ià
1419 2358 34 31 vi
1473 2366 52 23 er-

835 2406 72 32 fara
946 2406 63 32 den
1031 2407 36 30 19
1087 2406 62 34 maij
1170 2425 41 5 —
1229 2404 40 33 H.
1289 2404 45 32 M.
1354 2403 170 36 kReisarens

834 2453 62 31 och
920 2452 222 32 Storfurstens
1165 2451 86 37 hõga
1275 2450 205 37 fõdelsedag!

84 2548 1443 41 niuimmmmmmmmmmmmmmmmmmmm

129 2633 253 44 Engelske
404 2631 228 36 statistitern
655 2632 43 30 sit
713 2630 66 33 Ro-

84 2681 78 39 bert
187 2679 119 32 Giften
332 2675 100 34 avled
466 2676 11 31 i
512 2675 141 40 tisdags,
679 2674 40 31 18
745 2673 37 34 ur

84 2724 162 44 gammal.
289 2723 12 31 l
353 2721 208 39 nekrologen
622 2718 161 33 ibrtlarar

84 2770 121 39 Daily
222 2769 119 32 Nevess
359 2767 125 31 honom
504 2774 73 22 som
596 2764 65 31 den
678 2763 104 32 sleick-

82 2816 128 41 ligaste
225 2811 203 34 statisticern
452 2811 11 31 i
487 2810 59 32 vat
559 2809 57 38 tid,
628 2809 63 32 och
705 2817 73 23 som

86 2861 70 36 den
194 2858 185 32 fornamsta
408 2855 221 32 auttorit:ten
656 2853 43 41 pâ
726 2853 56 31 sitt

82 2903 154 41 omràde.
279 2903 77 31 Han
393 2901 86 32 hade
516 2902 48 29 ett
601 2898 180 32 underbart

84 2951 128 36 minne,
244 2953 74 27 som
353 2946 67 31 han
463 2944 76 32 fullt
571 2943 110 32 kunde
723 2943 58 31 lita

83 2995 58 42 p,
170 2992 135 32 varfõre
333 2991 66 32 han
428 2990 119 32 endast
576 2988 204 39 undantags-

85 3040 54 36 vis
160 3036 151 33 brutade
332 3037 85 39 gõra
437 3034 245 39 antackningar.
703 3032 78 34 Han

84 3084 91 33 hade
208 3082 111 39 börjat
345 3081 52 31 sin
423 3080 86 31 bana
533 3088 73 22 som
632 3077 147 32 skrivarę

87 3129 44 43 pã
162 3137 43 23 en
236 3125 228 40 advolcatbyrà
494 3124 63 32 och
588 3123 104 33 szdan
722 3124 59 39 ag-

83 3176 63 32 nat
161 3174 56 40 sig
233 3172 33 32 àt
293 3170 219 41 journalistib.
531 3170 47 31 En
596 3169 47 31 tid
658 3169 122 33 bitrad-

85 3222 43 30 de
152 3219 66 32 han
242 3218 87 40 ſohn
351 3217 132 40 Morley
513 3215 13 32 i
554 3213 227 42 vfortnightly

84 3266 155 40 Reviewy
263 3263 64 33 och
353 3271 117 24 senare
497 3261 76 32 blev
598 3261 66 32 han
689 3260 91 32 med-

84 3311 161 37 redalctõr
277 3309 56 32 fõr
355 3307 226 33 Economist
605 3306 64 33 och
693 3315 87 23 sam-

86 3358 101 43 tidigt
211 3354 229 34 medarbetare
474 3354 11 32 i
516 3352 115 41 Daily.
652 3351 128 34 Newss.

86 3404 80 35 Hañ
185 3402 79 33 blev
283 3400 146 33 anstalld
447 3399 57 32 vid
522 3397 259 41 handelsdepar-

88 3448 180 33 tementets
303 3445 186 33 statistisca
513 3444 182 40 avdelning
719 3443 63 32 och

88 3495 78 32 blev
195 3493 80 31 1892
303 3491 79 33 dess
409 3489 333 42 generaltontrollõr.
770 3489 12 31 l

86 3539 108 42 naͤgra
214 3538 36 31 aͤr
269 3545 59 27 var
345 3536 66 33 han
431 3536 64 32 den
514 3534 182 33 statistisca
714 3534 67 34 ior-

84 3586 172 39 eningens
300 3582 218 32 ordfõrande.
559 3580 132 32 Grnom
725 3580 58 33 sitt

86 3628 225 36 gkriftstalleni
344 3627 146 33 utõvade
522 3626 66 32 han
620 3627 48 31 ett
698 3626 84 32 stort

83 3674 190 42 inflytande
323 3672 44 43 pà
379 3667 179 53 national
563 3667 217 53 ebonomisla

85 3721 65 34 och
185 3719 128 33 sociala
345 3718 125 40 fragor.
514 3718 11 31 l
552 3716 150 43 politistt
725 3726 57 22 av-

70 3766 143 33 geende
230 3774 61 23 var
307 3762 68 34 han
392 3762 178 42 utprãglad
586 3762 115 32 liberal
717 3762 64 32 och

68 3819 77 33 var
165 3820 44 26 en
230 3817 95 26 varm
344 3810 64 32 och
426 3807 188 43 òvertygad
635 3807 144 33 fõrcãm-

85 3865 46 36 pe
172 3857 57 32 fòr
268 3854 177 34 frihandel.

121 3913 109 33 En
247 3913 104 37 hãitis
369 3911 160 33 eldsvàda
546 3911 61 32 har
623 3907 154 37 hemsõtt

80 3959 72 40 byn
201 3959 242 33 Böhmenkirch
483 3960 10 30 i
532 3958 243 38 Würtemberg.

83 4009 51 33 Pà
162 4007 106 37 grund
295 4015 44 23 av
366 4005 92 33 stark
486 4005 87 33 blàst
601 4005 98 37 spred
727 4006 50 36 Sig

82 4055 97 33 elden
202 4055 77 32 med
302 4055 70 31 stor
395 4052 164 37 hastighet
583 4052 62 32 och
667 4052 107 35 haria-

85 4104 41 31 de
148 4103 47 30 ett
214 4100 102 32 60-tal
335 4100 71 32 hus.

81 4201 116 51 littuls
229 4198 259 60 ſiitiinrãtining
512 4203 89 56 ſtiuih.
627 4204 34 48 Il.
683 4204 90 55 liml

81 4274 93 28 21884
192 4271 89 29 Tratt
288 4268 151 32 avhemtaa.
451 4269 59 29 Tel.
516 4270 70 27 I22?
595 4281 36 8 —
638 4268 135 31 Littois?.

161 4314 162 44 —
462 4314 34 44 ⏑
708 4314 74 44 —

127 4405 228 61 Politisk
391 4404 101 58 och
528 4405 215 72 rãttslig

253 4486 355 71 vidskepelse.

79 4575 54 43 5V
153 4572 172 48 protoeor
344 4576 169 36 Gustaf
529 4579 35 33 F.
583 4578 77 34 Stef
672 4579 105 34 en.

123 4656 196 32 õrematen
349 4654 51 33 för
433 4653 102 34 social
567 4653 210 37 vidskepelse

80 4707 61 28 eM
163 4702 263 36 BVunSalcligen
449 4701 149 32 enstilda
620 4710 158 28 personer

77 4751 163 35 Snia
270 4749 123 32 vociala
417 4757 143 29 grupper
585 4748 80 32 eller
689 4747 88 34 Rlas-

79 4805 65 30 ser,
172 4806 74 23 mon
274 4799 88 29 àven
398 4795 124 33 sociala
558 4795 219 32 institutioner

79 4844 74 37 och,
182 4843 134 33 Sursilt
344 4843 43 36 pa
424 4842 91 37 lagre
554 4841 223 38 utvecklings-

79 4892 136 36 Stadier,
252 4890 235 32 naturiöremàl
526 4889 62 32 och
626 4888 152 33 tekniska

79 4938 80 36 ting.

117 4984 53 33 De
189 4984 253 32 underordnade
463 4983 313 33 samhallsmedlem-

78 5040 119 24 marna
218 5031 171 32 iorestilla
410 5032 50 35 sig
482 5032 49 30 att
554 5031 40 31 de
617 5030 161 32 overord-

80 5078 86 33 nade
197 5078 122 34 besitta
348 5078 91 36 lngt
469 5079 108 30 storre
607 5077 92 33 matt
729 5078 49 30 att

80 5132 112 32 gagna
223 5124 80 33 eller
335 5124 105 33 sada
471 5125 72 31 sina
574 5124 203 33 medmanni-

79 5173 92 37 Scor,
188 5174 42 30 an
248 5180 73 23 som
338 5170 172 37 varkligen
528 5173 36 30 är
580 5171 196 36 händelsen;

77 5220 67 37 och
173 5219 41 33 de
242 5218 232 32 òverordnade
513 5218 73 32 dela
623 5217 154 33 Stundom

78 5266 112 34 denna
213 5264 125 34 sociala
360 5266 147 31 õvertro.
529 5264 97 33 Vissa
649 5265 128 33 Rlasser

79 5315 81 32 eller
187 5313 99 32 staͤnd
312 5321 98 24 anses
437 5320 120 29 genom
582 5311 195 38 iysiologisk

76 5360 173 38 Aritlignet
297 5360 127 31 bevara
461 5359 88 32 inom
587 5359 51 37 sig
674 5359 103 37 hògre

77 5408 194 38 Rroppsliga
299 5406 62 33 och
389 5405 146 37 sialsliga
562 5405 216 38 egenskaper,

76 5455 159 34 adlares
276 5454 88 36 blod,
405 5453 185 36 vadligaren
631 5453 147 36 sinnelag

77 5503 64 34 och
178 5502 110 34 rikare
326 5500 198 38 begaͤvning,
561 5501 43 30 än
630 5508 41 23 en
697 5507 80 29 nog-

76 5558 106 32 grann
202 5550 186 37 iakttagare
408 5547 104 33 Sſculle
524 5546 90 33 finna
624 5545 155 38 bestyrkt

77 5608 121 29 genom
245 5599 42 32 de
332 5595 145 34 iabtisca
521 5593 257 34 forhallandena.

76 5647 81 37 Oita
184 5649 72 30 tros
284 5654 42 24 en
352 5645 72 31 viss
451 5650 131 30 person,
609 5643 23 30 t.
658 5649 53 25 ex.
737 5650 41 23 en

77 5694 150 38 monark,
265 5693 80 32 eller
371 5691 95 32 vissa
492 5689 236 37 funlctionarer,
756 5690 22 30 t.

78 5749 53 25 ex.
151 5741 221 32 medicinman
393 5738 81 33 eller
495 5738 141 35 praster,
658 5736 53 31 stà
732 5736 46 31 uti

78 5797 42 22 en
146 5789 134 36 speciell
307 5787 138 37 rapport
471 5783 77 33 med
575 5784 48 30 ett
649 5782 129 37 hògsta,

77 5833 242 39 dvernaturligt
350 5836 108 31 vasen
490 5830 63 34 och
586 5830 192 36 darigenom

79 5883 64 35 àga
179 5885 66 37 rãtt
282 5882 46 33 till
366 5879 126 35 sociala
518 5876 189 40 privilegier
734 5885 44 23 av

79 5930 155 32 Stundom
259 5930 63 33 den
345 5931 88 31 mest
457 5925 195 39 vittgaende
676 5925 62 32 art.

119 5975 66 33 Det
202 5979 37 30 ar
257 5986 42 24 en
316 5977 113 37 vanlig
445 5973 179 35 foreteelse
643 5972 62 32 hos
724 5971 54 33 Sà-

79 6022 57 31 väl
157 6023 40 31 de
216 6023 97 37 hõgst
333 6033 73 24 som
427 6024 40 33 de
488 6023 88 36 lagst
596 6020 181 33 civilisera-

80 6068 43 31 de
151 6068 109 33 folken
288 6073 47 29 att
362 6080 77 23 man
466 6069 181 33 tillsleriver
675 6067 103 36 vissa,

80 6115 155 35 vanligen
261 6117 154 37 tamligen
442 6116 110 38 gamla
578 6114 125 34 sociala
730 6113 47 32 in-

83 6161 185 33 Stitutioner
291 6182 41 7 —
355 6165 188 36 sedvanior,
568 6162 103 38 lagar,
695 6159 82 39 poli-

83 6206 87 32 tiska
196 6208 77 31 eller
298 6210 150 37 rãttsliga
472 6211 195 31 traditioner
693 6217 31 23 o.
749 6215 27 25 s.

81 6261 36 25 V.
141 6271 28 7 —
172 6256 82 29 ett
280 6256 115 32 socialt
421 6258 115 36 vurde,
564 6257 30 32 d.
621 6264 32 24 vV.
681 6264 27 24 S.
735 6263 42 24 en

81 6298 210 39 gagnelighet
330 6301 50 32 iör
421 6303 171 33 samhället
623 6311 74 25 som
728 6302 48 32 ett

82 6345 78 38 helt,
197 6353 72 24 som
304 6348 79 32 vida
417 6352 196 40 õverstiger,
639 6350 68 33 vad
734 6357 42 24 en

81 6393 155 43 klarsynt
263 6392 181 40 iatttagare
473 6397 103 34 shulle
603 6398 173 33 Ronstate-

82 6450 48 25 ra.
152 6438 12 34 l
185 6438 66 37 hog
272 6442 81 33 grad
372 6440 186 37 ibràldrade
578 6446 62 32 och
663 6444 112 33 dariòr

82 6488 134 36 avgiort
240 6485 148 37 SRadliga
411 6490 121 32 sociala
555 6493 220 31 institutioner

82 6536 111 34 LCunna
221 6532 138 33 Saͤlunda
385 6533 187 41 bibehallas,
599 6540 76 31 med
703 6541 71 31 ute-

83 6581 152 37 slutande
275 6587 44 25 av
347 6579 230 40 valbehõvliga
604 6595 68 27 nya
701 6595 73 23 som

82 6631 105 36 borde
208 6630 113 35 iutaga
341 6626 41 33 de
403 6628 125 35 gamlas
547 6630 84 37 plats
650 6652 42 8 —
711 6633 63 33 och

831 2626 436 58 Panamkanalen
1296 2625 90 56 far
1410 2625 110 56 far-

898 2708 112 70 liga
1045 2708 410 57 Ronkurrenter.

871 2805 86 32 Den
995 2804 14 34 i
1045 2804 249 32 lnternationell
1322 2803 202 33 vackosterift

833 2850 52 32 fõr
908 2849 194 41 vetenskap,
1129 2849 98 32 konst
1250 2849 63 31 och
1339 2849 110 32 tebnite
1472 2848 52 33 or-

834 2894 221 41 tentliggiord
1076 2894 117 32 artilel
1218 2894 171 31 meddelas
1414 2895 46 30 att
1482 2903 42 22 en

833 2939 307 32 konkurrenskanal
1164 2939 47 31 till
1235 2939 289 32 Panamakanalen

830 2985 92 32 inom
965 2984 75 32 bort
1079 2984 149 31 kommer
1267 2985 50 30 att
1355 2983 168 40 pàbörjas.

833 3029 117 32 Denna
975 3029 100 31 kanal
1097 3028 85 32 skall
1205 3027 45 42 gà
1274 3038 124 31 genom
1424 3029 101 32 sõdra

832 3075 98 32 delen
950 3083 44 23 av
1014 3074 179 32 Columbia
1215 3076 87 30 samt
1322 3083 123 32 genom
1468 3076 57 30 nã-

830 3122 54 30 set
922 3120 58 32 vid
1021 3119 259 33 Darienbuleten.
1335 3120 53 31 Ett
1427 3128 97 24 euno-

830 3165 111 42 peiskt
967 3165 219 39 Ronsortium,
1214 3165 54 39 for
1295 3165 102 33 vilket
1421 3165 103 37 Roth-

830 3211 189 32 schildarna
1048 3211 69 32 lãra
1146 3211 53 32 stà
1241 3211 10 32 i
1289 3213 146 39 spetsen,
1465 3212 59 32 har

830 3257 104 33 redan
956 3258 161 32 inlamnat
1140 3267 42 24 en
1207 3257 317 33 koncessionsanso-

832 3304 64 32 kan
920 3303 49 33 till
990 3303 66 32 den
1080 3303 211 32 kolumbisca
1312 3305 212 40 regeringen,

830 3349 104 33 vilbet
958 3349 159 33 fõranlett
1140 3349 144 35 Fõrenta
1308 3351 145 31 staterna
1477 3352 48 32 att

830 3405 126 31 genom
974 3396 52 31 sin
1042 3395 237 42 diplomatisa
1296 3397 229 39 represantant

831 3441 14 33 i
872 3441 133 41 Bogata
1032 3440 68 33 làta
1128 3442 85 39 gõra
1243 3441 42 31 de
1315 3441 209 33 kolumbiska

833 3486 278 41 myndigheterna
1132 3487 41 31 de
1193 3487 225 40 allvarhigaste
1439 3486 87 33 tore-

832 3532 199 41 stallningar
1054 3541 57 23 om
1138 3532 57 34 det
1219 3532 185 40 olampliga
1438 3533 12 33 i
1481 3542 44 27 en

834 3577 89 43 dyliſt
953 3577 209 33 oncession.

870 3623 177 34 Huruvida
1106 3624 102 32 dessa
1254 3623 272 42 fõrestàllningar

831 3668 97 33 slola
957 3668 94 33 finna
1079 3666 109 45 gchor
1216 3670 38 31 àr
1283 3668 84 33 dock
1396 3670 129 40 myctert

833 3714 218 41 tvivelaltigt,
1075 3716 36 40 ty
1133 3714 54 33 fõr
1211 3714 196 32 Columbias
1430 3724 94 31 rege-

830 3760 78 41 ring
937 3760 64 32 kan
1031 3759 58 33 det
1117 3759 122 33 endast
1267 3769 80 26 vara
1377 3760 148 32 valtom-

832 3808 68 30 met
924 3807 50 31 att
999 3815 79 24 man
1104 3805 43 43 pà
1174 3806 77 32 dess
1277 3806 139 32 omràde
1442 3808 82 39 õpp-

832 3861 59 23 nar
920 3860 42 24 en
993 3851 306 41 varldstrafikàdra,
1331 3852 53 32 fr
1413 3850 110 35 villeęn

832 3897 226 33 kostnaderna
1085 3896 168 34 bestridas
1285 3906 42 25 av
1361 3898 163 33 utlannin-

831 3952 70 32 gar.
947 3942 197 33 Columbias
1171 3942 209 34 forhàllande
1408 3944 48 32 till
1482 3944 41 33 de

832 3988 317 33 nordamerikansca
1199 3989 325 33 Panamaintressen-

833 4037 93 30 terna
950 4036 37 30 är
1006 4035 40 39 ju
1068 4035 33 39 eij
1125 4034 38 32 sà
1187 4036 214 40 synnerligen
1425 4036 100 40 hiart-

833 4082 70 39 ligt,
925 4080 43 33 dà
989 4080 311 41 Panamaomradet,
1322 4090 123 32 genom
1466 4082 59 31 vil-

833 4127 55 31 ket
928 4127 141 32 kanalen
1109 4136 46 23 nu
1195 4128 133 39 grãves,
1359 4127 87 32 ànda
1477 4128 46 31 till

834 4173 79 31 19003
944 4172 156 32 tillnõrde
1129 4172 178 33 Columbia
1336 4172 63 33 och
1429 4182 96 32 repu-

832 4218 112 32 blicen
983 4217 168 33 Panamas
1184 4219 341 40 oavhãngighetstor-

834 4264 129 40 klaring
989 4263 270 41 huvudsalcligen
1289 4264 235 33 iororsalcadas

833 4420 55 32 det
923 4419 59 33 har
1009 4419 80 33 hänt
1116 4422 49 30 att
1192 4422 47 31 ett
1267 4420 156 34 samhalle
1451 4423 72 36 gàtt

831 4467 104 32 under
953 4468 10 31 i
980 4466 79 35 tõlid
1078 4475 43 23 av
1139 4467 160 32 flertalets
1319 4468 78 32 eller
1417 4469 40 31 de
1476 4469 46 32 le-

833 4514 124 32 dandes
976 4513 171 37 oiormàga
1165 4516 48 29 att
1231 4515 142 36 uppgiva
1392 4524 41 22 en
1449 4516 73 31 vid-

831 4560 127 37 Skeplig
975 4560 153 32 võrdnad
1145 4560 51 32 fr
1215 4561 109 36 nàgon
1342 4562 180 36 urgammal

831 4607 102 33 social
954 4607 192 32 institution.

869 4653 39 33 Vi
928 4653 79 36 vilia
1027 4662 42 24 nu
1090 4655 78 36 taga
1188 4655 151 31 narmare
1359 4654 10 33 i
1389 4652 133 35 betrale-

831 4702 98 31 tande
959 4701 64 31 den
1049 4700 211 37 vidskepelse
1288 4701 99 32 bland
1414 4703 108 35 primi-

830 4748 70 33 tiva
924 4747 77 37 fole
1026 4740 73 40 som
1123 4746 60 33 har
1208 4747 45 32 till
1279 4747 57 33 sitt
1360 4749 163 36 egentliga

829 4794 138 32 föremaͤl
993 4794 64 32 den
1080 4803 63 23 ena
1166 4794 213 32 människans
1402 4794 120 33 frhâl-

830 4841 96 32 lande
950 4839 47 34 till
1022 4841 64 32 den
1111 4841 103 32 andra
1236 4860 42 6 —
1300 4840 73 34 icke
1398 4843 124 30 manni-

831 4888 100 32 Skans
957 4887 203 33 förhaͤllande
1186 4887 47 32 till
1259 4887 264 33 naturkrafterna

831 4935 78 32 eller
933 4933 213 34 mannisbans
1169 4933 203 33 förhallande
1396 4934 46 32 till
1468 4934 55 33 det

831 4980 284 38 uõvernaturligas
1164 4981 62 32 och
1265 4980 258 33 võvermãnskli-

830 5028 72 37 gan.
924 5027 80 34 Men
1027 5028 99 33 dessa
1149 5036 119 25 senare
1291 5027 71 37 slag
1384 5036 44 23 av
1450 5028 73 32 vid-

831 5075 151 38 skepelse
1011 5077 60 31 Aro
1099 5074 91 33 alltid
1218 5073 196 34 inblandade
1442 5074 11 32 i
1481 5073 41 34 all

831 5131 107 24 annan
960 5120 211 40 vidskepelse
1194 5121 63 33 och
1280 5121 110 33 kunna
1413 5120 110 33 darròr

831 5169 72 32 ickte
922 5169 67 32 helt
1009 5169 147 37 jörbigàs
1176 5177 45 23 av
1241 5177 67 25 oss.

903 5215 105 34 första
1027 5218 142 30 rummet
1189 5215 94 32 skola
1302 5216 34 31 vi
1356 5216 86 36 agna
1461 5215 62 31 vâr

832 5262 289 38 uppmarksamhet
1138 5263 34 33 àt
1189 5271 41 24 en
1247 5264 53 31 art
1316 5271 45 24 av
1377 5265 74 30 rent
1469 5270 54 25 So-

831 5310 61 32 cial
920 5310 221 38 vidstepelse,
1168 5318 55 24 om
1250 5309 130 33 vilkens
1408 5309 115 33 funda-

831 5357 143 32 mentala
1022 5356 170 37 praktiska
1229 5357 175 36 betydelse
1442 5357 81 32 intet

832 5404 104 32 tvivel
955 5403 65 32 kan
1040 5404 81 32 ràda
1137 5424 42 5 —
1198 5404 163 37 nämligen
1381 5404 64 32 den
1465 5412 58 29 po-

832 5450 264 36 litisk-rattsliga.

871 5496 64 34 Det
955 5498 37 31 ar
1011 5496 239 34 foretradesvis
1269 5497 94 38 iràga
1383 5507 54 23 om
1456 5497 67 34 ir-

831 5544 166 33 haͤllandet
1025 5543 120 33 mellan
1172 5544 188 38 hövdingen
1390 5545 62 32 och
1482 5545 41 32 de

832 5593 116 36 övriga
988 5590 258 34 medlemmarna
1286 5600 44 23 av
1360 5594 164 31 stammen

832 5641 86 31 samt
941 5641 82 31 över
1045 5638 113 32 huvud
1182 5647 54 23 om
1259 5638 56 32 det
1337 5639 187 37 personliga

832 5686 217 32 förhaͤllandet
1071 5684 119 32 mellan
1212 5684 139 33 overhet
1373 5686 61 32 och
1456 5685 67 33 folt

831 5733 64 32 och
938 5732 120 32 mellan
1103 5731 41 32 de
1169 5730 87 32 olika
1280 5732 140 32 standen
1444 5732 80 32 eller

831 5779 172 33 klasserna
1024 5779 88 31 inom
1133 5777 241 37 befolbningen.
1415 5778 79 33 Men
1514 5779 10 31 1

832 5826 106 36 siãlva
960 5825 120 33 verbet
1103 5825 82 32 hõra
1207 5825 93 31 vissa
1324 5825 81 37 drag
1428 5826 10 31 i
1462 5825 63 33 alla

831 5873 153 38 politiska
1001 5873 231 35 ioriattningar
1251 5871 156 33 och
1307 5867 24 48 i
1335 5871 72 33 alla
1425 5874 99 31 ratts-

831 5921 177 37 ordningar
1035 5920 57 37 hit,
1121 5918 94 34 Sàvãl
1244 5919 87 31 inom
1359 5920 41 31 de
1426 5919 99 38 högst

832 5978 73 24 som
929 5969 88 32 inom
1043 5968 41 31 de
1109 5966 87 37 lagst
1220 5966 138 32 Staende
1384 5967 140 32 samhal-

831 6016 83 32 lena.
980 6014 73 32 Den
1099 6012 257 33 centraliserade
1402 6013 123 32 sociala

832 6061 267 38 tvaͤngsmakten,
1123 6064 80 28 vars
1228 6058 124 37 uppgift
1376 6060 38 30 àr
1438 6068 87 24 sam-

831 6109 118 32 hallets
978 6108 110 36 seydd
1116 6108 70 30 mot
1214 6106 104 32 andra
1346 6105 179 33 samhallen

832 6156 62 33 oen
916 6153 300 39 uppratthallandet
1239 6160 44 24 av
1304 6152 93 32 vissa
1419 6153 106 37 regler

830 6204 51 32 för
911 6202 198 36 beröringen
1139 6198 386 34 samhällsmedlemmar-

831 6258 42 26 na
898 6248 149 37 emellan,
1071 6250 61 34 gör
1157 6246 114 32 stadse
1296 6246 56 31 det
1377 6245 148 37 diupaste

830 6295 133 38 intryck
988 6295 43 36 pà
1056 6293 261 37 medborgarnes
1342 6291 120 33 fantasi
1485 6313 42 6 —

830 6346 39 33 s4
889 6343 57 34 val
968 6341 112 34 dãrior
1101 6343 49 30 att
1172 6341 78 32 dess
1271 6340 170 32 varnande
1464 6340 61 32 och

829 6390 171 37 ordnande
1022 6387 215 34 verksamhet
1258 6387 38 32 àr
1317 6394 44 24 av
1381 6388 145 35 vttersta

829 6438 172 42 prattisca
1027 6435 185 37 betydelse.
1239 6442 73 24 Som
1340 6433 111 33 dariõr
1478 6436 48 31 att

829 6491 41 31 de
894 6482 243 40 tvàngsmedel,
1159 6490 108 23 varav
1291 6481 63 31 den
1377 6480 149 35 betianar

829 6538 51 37 sig
899 6535 70 33 mot
990 6532 72 33 sina
1080 6531 91 36 yttre
1192 6527 63 34 och
1275 6528 69 33 inre
1364 6528 161 33 motstàn-

828 6586 90 36 dare,
944 6584 10 32 i
979 6578 91 40 regel
1095 6580 60 30 Aro
1180 6575 42 34 de
1248 6577 87 31 mest
1359 6575 165 33 iruktans-

826 6632 118 36 varda.
977 6636 74 27 som
1075 6626 44 39 pâà
1143 6624 56 34 det
1223 6624 100 38 givna
1347 6622 177 34 Rultursta-

1876 40 160 77 E
2072 55 208 60 —
2294 46 315 70 —

1581 223 45 27 av
1648 213 47 32 de
1727 213 15 32 i
1775 209 319 41 kanalbygegnderna
2119 209 155 35 intresss-

1582 260 80 32 rade
1667 254 136 49 person
1816 254 85 49 erna.

1621 304 98 34 Huru
1740 298 247 35 õverraskande
2010 298 264 36 underrattelssn

1581 359 57 23 om
1670 347 57 32 det
1757 355 64 31 nya
1853 343 265 40 kanalprojettet
2149 346 41 31 àn
2220 348 54 31 mâ

1583 403 89 30 vara,
1698 391 38 33 sa
1759 391 63 31 har
1847 388 84 33 dock
1957 388 64 32 den
2047 387 226 42 itràgavaran-

1583 441 41 31 de
1654 436 152 34 strackan
1834 435 103 33 redan
1966 433 95 41 làngt
2090 433 72 33 fore
2193 446 80 32 upp-

1583 485 153 32 bomsten
1758 491 42 22 av
1820 480 152 40 Lesseps
1996 479 278 44 Panamaprofetet

1584 530 100 40 tagits
1719 528 9 31 i
1760 526 217 32 betraletande
2002 524 112 31 sasom
2139 535 134 30 synner-

1581 577 91 39 ligen
1700 572 140 41 lämplig
1869 571 53 33 fòr
1953 580 39 22 en
2022 569 108 38 anal,
2160 577 113 29 senast

1583 621 77 33 aͤfen
1690 619 97 32 1870
1810 619 49 31 71.
1906 615 149 35 Canalen
2083 615 84 33 skall
2195 620 77 40 taga

1582 667 51 32 sin
1656 665 118 40 början
1798 663 58 33 vid
1879 660 243 42 Urabagolfen
2146 663 56 32 vid
2223 668 50 37 i-

1583 713 100 31 tersta
1713 710 135 41 spetsen
1877 717 43 23 av
1948 708 56 31 det
2030 707 242 35 œrntralameri-

1583 757 126 33 kansta
1733 756 105 38 naset,
1863 755 86 31 samt
1974 751 103 41 dãrpâ
2101 750 82 41 fõlja
2208 756 63 32 den

1582 802 176 41 segelbara
1778 798 243 34 Atratofloden.
2062 795 117 35 Denna
2201 800 71 33 flod

1582 849 110 31 rinner
1715 856 69 31 upp
1806 845 43 42 pâ
1872 843 171 33 vãstsidan
2068 851 41 22 av
2132 843 41 32 de
2197 847 75 39 syd-

1583 892 230 33 ameritansſca
1838 889 217 37 Rordillerna,
2081 889 36 29 ar
2142 889 59 32 665
2227 892 45 32 i-

1582 941 140 31 lometer
1747 937 91 40 làng,
1865 945 43 23 av
1933 934 88 32 vilta
2048 934 61 30 400
2136 934 136 35 Lilome-

1583 987 49 30 ter
1655 984 111 31 kunna
1790 982 173 32 traficeras
1989 988 42 23 av
2054 978 135 41 àngare,
2213 984 58 30 155

1582 1040 42 21 av
1641 1028 199 42 segelbatar,
1859 1027 84 31 samt
1962 1023 166 33 utmarker
2144 1026 54 40 sig
2214 1037 58 22 un-

1583 1076 58 31 der
1672 1076 122 30 Stõrsta
1824 1073 99 31 delen
1953 1079 41 22 av
2024 1069 56 31 sitt
2111 1069 79 42 lopp
2219 1073 54 32 för

1583 1130 41 23 en
1652 1119 129 41 mycket
1807 1126 86 31 svag
1920 1116 102 31 ström
2049 1113 62 32 och
2141 1115 52 32 för
2219 1119 52 30 sin

1582 1168 91 30 stora
1690 1161 275 35 vattenrikedom.
2003 1159 83 31 Fràn
2104 1161 110 32 vãstra
2230 1164 43 30 si-

1583 1212 65 31 dan
1681 1210 141 32 erhaller
1852 1208 64 31 den
1953 1214 38 23 en
2023 1204 112 41 sydlig
2166 1206 107 34 biflod

1581 1257 11 31 i
1612 1255 196 41 Adagueda,
1828 1262 72 22 som
1923 1251 19 31 à
1961 1251 51 30 sin
2031 1250 73 31 sida
2124 1250 148 35 kommer

1583 1301 128 40 mycket
1732 1301 78 31 nara
1830 1307 43 23 en
1904 1296 13 33 i
1943 1295 92 32 Stilla
2055 1304 147 25 oceanen
2223 1300 49 30 ut-

1582 1346 150 41 flytande
1773 1342 159 39 kustflod,
1971 1341 62 33 Rio
2072 1340 66 32 San
2177 1342 94 39 luan.

1583 1390 186 41 Adagueda
1796 1388 64 32 och
1888 1388 66 30 San
1984 1386 86 40 Juan
2101 1386 58 31 aro
2189 1387 83 33 blott

1582 1437 107 32 slilda
1708 1435 71 31 fran
1797 1433 163 32 varandra
1978 1440 123 31 genom
2119 1440 42 23 en
2179 1434 93 38 smal,

1582 1484 64 29 ratt
1672 1480 56 40 làg
1753 1478 60 32 rad
1840 1487 42 21 av
1907 1477 115 36 kullar,
2049 1485 75 22 vars
2150 1474 122 36 Stõrsta

1584 1526 81 39 höjd
1685 1527 37 29 ar
1742 1523 63 31 320
1826 1532 42 21 m.
1890 1523 82 29 õver
1992 1521 102 31 havet
2114 1521 63 30 och
2198 1532 73 22 som

1584 1572 59 32 har
1660 1572 46 30 att
1725 1568 141 41 uppvisa
1885 1568 46 30 ett
1949 1566 83 32 blott
2052 1566 59 30 IO
2129 1575 42 22 m.
2191 1567 82 42 hõgt

1584 1625 86 32 pass.
1715 1615 69 30 Har
1808 1612 105 33 skulle
1939 1611 94 32 allisà
2058 1611 111 31 kunna
2191 1614 82 39 õpp-

1584 1671 58 23 nas
1661 1670 42 22 en
1722 1659 181 39 vãttenvãg
1923 1656 72 32 fràn
2015 1657 64 30 den
2101 1665 61 24 zna
2178 1667 94 23 ocra-

1584 1716 63 23 nen
1668 1705 48 32 till
1736 1705 64 31 den
1822 1704 113 36 andra,
1956 1711 75 22 vars
2051 1702 169 40 grãvande
2241 1705 31 38 ej

1583 1751 104 33 slculle
1706 1752 90 30 mõta
1813 1749 37 32 sã
1868 1751 90 30 stora
1976 1747 208 40 svarigheter
2199 1758 72 23 som

1584 1796 298 38 Panamakanalen,
1921 1795 13 31 i
1972 1793 180 40 synnerhet
2199 1804 71 22 som

1583 1843 98 32 dessa
1699 1840 209 33 kolumbista
1926 1839 108 32 floder
2051 1838 81 40 flyta
2149 1848 122 31 genom

1583 1888 126 41 mycket
1732 1885 144 34 sundare
1900 1885 131 32 tralcter.

1622 1934 66 31 När
1720 1933 109 31 denna
1861 1930 209 33 bcolumbista
2103 1929 97 33 kanal
2230 1941 42 23 en

1582 1979 92 40 gaͤng
1697 1978 62 31 blir
1784 1977 120 39 faärdig,
1930 1976 149 31 bommer
2103 1975 65 32 den
2193 1979 79 28 utan

1583 2024 100 32 wivel
1716 2024 47 30 att
1795 2022 104 39 draga
1934 2021 47 31 till
2014 2022 53 38 sig
2097 2019 77 33 hala
2207 2022 64 31 den

1582 2067 293 43 sydamericanska
1904 2065 151 39 trafiten,
2084 2066 105 31 under
2217 2067 55 31 det

1582 2117 46 30 att
1655 2114 84 32 blott
1765 2113 107 32 Nord-
1899 2112 62 33 och
1989 2107 185 50 Centralam
2173 2107 97 50 erika

1582 2162 132 31 komma
1734 2161 47 30 att
1800 2159 157 40 begagna
1978 2158 54 39 sig
2051 2167 43 21 av
2113 2157 159 33 Panama-

1581 2207 150 31 kanalen.
1772 2205 62 31 Fõr
1854 2205 109 31 denna
1983 2204 208 31 sistnamnda
2210 2206 62 30 tra-

1582 2252 46 32 ik
1667 2251 61 32 har
1766 2260 42 22 em
1807 2249 145 33 allertid
1983 2248 288 33 Panamakanalen

1581 2296 101 33 redan
1710 2296 90 31 förut
1826 2295 128 41 mycket
1982 2294 120 41 farliga
2129 2294 143 32 onkur-

1580 2345 118 36 renter,
1716 2351 73 22 som
1816 2342 13 30 i
1853 2341 70 40 hõg
1937 2340 86 41 grad
2039 2340 231 41 undantranga

1580 2388 64 32 den
1674 2396 39 28 ur
1742 2386 242 33 allmänhetens
2014 2387 113 39 gunst,
2156 2387 115 31 namli-

1579 2443 66 31 gen
1675 2434 41 31 de
1746 2432 117 32 talrita
1892 2432 232 39 jarnvãgarna.

1595 2630 632 212 lltribespolitit.

1725 2888 216 71 Dagens
1978 2891 136 54 text:

1575 2987 162 35 Kritisca
1770 2988 165 34 moment
1968 2987 12 34 i
2013 2986 252 45 forfattnings

1846 3041 154 35 Striden.

1616 3111 73 33 Den
1711 3112 266 32 vatoresolution
1999 3112 70 32 mot
2089 3111 181 33 õverhust

1576 3168 55 22 om
1659 3158 110 32 vilben
1796 3158 158 32 dabatten
1979 3167 124 32 genom
2127 3159 144 31 omrõst-

1577 3205 124 40 ningen
1721 3204 65 32 den
1804 3205 20 30 7
1843 3205 127 30 dennes
1990 3204 207 31 forklarades
2215 3203 55 32 be-

1575 3250 158 41 gränsad,
1773 3252 125 39 antogs
1939 3250 57 32 vid
2047 3249 222 33 underhusæts

1576 3296 247 32 sammantrãde
1863 3297 14 31 i
1915 3296 156 41 torsdags
2103 3296 77 32 med
2209 3296 57 35 351

1576 3344 108 31 rõster
1702 3344 71 30 mot
1813 3343 70 31 246.

1614 3396 67 35 Vid
1710 3396 262 33 sammantradet
2011 3396 180 33 intraffade
2220 3397 49 40 yt-

1577 3444 82 30 terst
1688 3442 131 44 häftiga
1850 3441 197 41 upptrãden.
2079 3443 80 31 Man
2190 3443 79 34 van-

1578 3487 87 41 tade,
1704 3489 50 30 att
1793 3487 294 42 premiarminister
2128 3488 140 40 Asquith

1576 3533 107 32 skulle
1715 3535 81 39 taga
1818 3533 47 32 till
1887 3533 97 32 ordet
2005 3533 54 31 for
2081 3535 45 29 att
2148 3534 120 40 avgiva

1577 3588 41 23 en
1645 3578 108 42 vilctig
1791 3578 186 42 förklaring
2003 3578 143 34 rõrande
2175 3588 94 32 rege-

1576 3625 136 41 ringens
1750 3624 157 33 framtida
1932 3624 128 41 politic.
2127 3624 141 43 Asquith

1576 3670 86 32 hade
1695 3670 167 41 knappast
1903 3670 14 32 i
1957 3670 91 32 detta
2081 3670 88 40 syfte
2201 3671 68 31 rest

1576 3716 54 40 sig
1650 3725 69 32 upp
1738 3716 64 32 och
1823 3717 102 39 yttrat
1943 3716 107 32 orden
2070 3716 82 31 zOm
2175 3717 94 33 õver-

1576 3761 99 32 huset
1696 3762 33 39 ei
1752 3761 133 32 bifaller
1918 3762 246 32 resolutionen-
2187 3761 82 33 forr-

1577 3809 40 31 än
1645 3807 138 32 Balfour
1809 3807 108 33 under
1942 3807 94 33 bifall
2064 3807 72 33 iràn
2162 3817 107 31 oppo-

1576 3854 144 31 sitionen
1756 3854 65 31 och
1860 3856 166 39 protester
2064 3854 72 33 frän
2173 3862 95 33 rege-

1576 3900 215 40 ringspartiet
1819 3898 119 34 avbröt
1966 3900 125 32 honom
2122 3901 77 32 med
2227 3910 41 23 en

1576 3945 48 32 till
1665 3945 191 32 talmannen
1898 3946 108 32 ribtad
2038 3947 230 40 anmarkning,

1575 3992 47 31 att
1636 3991 314 40 premiarministern
1965 3992 165 33 handlade
2157 3993 9 31 ĩ
2189 3993 82 33 strid

1576 4037 76 32 med
1670 4037 116 32 husets
1804 4037 259 42 arbetsordning
2080 4048 124 31 genom
2223 4042 46 29 att

1576 4082 42 41 pa
1645 4083 175 33 debattens
1848 4083 190 33 dàvarande
2066 4085 203 40 stàndpunlet

1577 4129 122 40 avgiva
1724 4138 42 22 en
1803 4128 193 42 förklaring.
2062 4130 206 34 Talmannen

1576 4174 142 32 svarade
1735 4174 113 41 hãrpâ,
1866 4176 47 31 att
1928 4185 43 22 en
1988 4174 184 43 fõrklaring
2189 4176 80 33 kun-

1578 4220 40 31 de
1643 4221 140 39 avgivas
1809 4230 41 22 av
1874 4221 316 40 pramiarministern
2213 4232 57 23 en-

1577 4266 76 32 dast
1681 4276 56 21 om
1769 4266 99 32 huset
1898 4266 86 41 gäve
2015 4268 57 31 sitt
2102 4268 166 40 samtycke

1561 4420 81 32 diet
1661 4420 101 33 kunat
1781 4420 171 37 upprfinnas
1972 4421 61 32 och
2052 4421 109 33 kunna
2179 4423 87 32 brin-

1575 4475 60 29 gas
1657 4468 46 31 till
1726 4469 219 36 anvandning.

1614 4514 50 32 De
1709 4514 207 38 vidskepliga
1961 4516 306 38 forestallningarna

1576 4569 54 24 om
1664 4561 222 32 statschefens
1910 4562 92 32 makt
2026 4563 64 32 och
2115 4563 152 37 lagarnas

1576 4607 78 33 eller
1677 4608 40 32 de
1739 4608 298 38 politisk-rattsliga
2059 4611 208 33 traditioner-

1576 4663 59 24 nas
1659 4655 62 32 och
1744 4656 159 31 sedernas
1926 4656 132 32 visdom
2081 4657 62 32 och
2166 4657 100 39 helig-

1575 4701 56 32 het
1664 4701 88 34 hava
1787 4703 50 31 sin
1871 4702 88 36 goda
1992 4704 105 35 grund
2133 4705 45 31 uti
2204 4705 63 33 den

1576 4747 175 39 blandning
1779 4757 44 23 av
1852 4748 207 33 tacksamhet
2088 4750 62 32 och
2178 4750 88 33 fruk-

1576 4797 65 35 tan,
1669 4795 151 32 vordnad
1849 4795 61 32 och
1940 4795 130 37 SRracbe,
2099 4805 72 25 som
2201 4800 65 31 Stat

1576 4841 62 33 och
1661 4841 53 38 lag
1737 4844 59 30 aro
1819 4842 127 37 agnade
1970 4845 49 30 att
2042 4844 111 36 ingiva
2175 4846 91 32 med-

1576 4888 172 37 borgaren.

1576 4960 139 33 Politist
1745 4959 211 40 vidstepelse
1985 4962 43 39 pa
2059 4963 207 34 Sõderhavs-

1865 5010 113 32 varna.

1615 5070 50 33 Pa
1679 5071 74 37 Nva
1769 5071 142 34 Zeeland
1928 5074 125 36 ansàgo
2069 5073 197 39 iniõdingar-

1576 5127 51 29 na,
1645 5118 232 38 maori-ioltet,
1896 5121 70 31 ſina
1983 5120 184 38 hõvdingar
2184 5131 83 24 vara

1576 5165 113 37 gudar,
1726 5165 140 32 levande
1903 5167 10 30 i
1949 5166 162 38 mänsklig
2137 5170 130 34 gestalt.

1576 5211 312 38 Maori-hõvdingen
1918 5213 109 45 taladę
2057 5214 43 36 pà
2131 5216 48 30 ett
2210 5225 56 23 an-

1577 5261 56 30 nat
1653 5260 67 31 satt
1740 5260 41 30 an
1802 5260 71 31 sina
1892 5260 204 32 undersàtar.
2118 5259 72 34 Han
2209 5263 58 31 na-

1577 5307 40 32 de
1642 5305 165 37 moiligast
1831 5305 70 33 litet
1925 5306 166 38 personlig
2114 5307 153 40 beröring

1576 5353 76 33 med
1672 5353 84 37 dem,
1774 5353 10 31 i
1803 5352 55 32 det
1876 5352 64 33 han
1958 5354 22 30 t.
2000 5361 51 25 ex.
2070 5353 89 33 alltid
2177 5355 90 39 intog

1577 5401 71 32 sina
1683 5399 151 33 maͤltider
1861 5408 123 23 ensam.
2030 5399 91 34 Hans
2147 5409 120 29 person

1576 5456 62 23 var
1673 5447 96 35 helig.
1806 5446 62 31 och
1895 5446 65 31 han
1987 5447 77 31 stod
2090 5447 10 31 i
2127 5449 140 33 sarskild

1576 5494 167 37 personlig
1773 5492 200 33 iorbindelss
2004 5493 76 32 med
2111 5495 156 35 gudarna.

1576 5542 91 32 Hans
1687 5540 104 37 Eropp
1811 5549 61 22 var
1892 5540 38 32 sà
1949 5539 95 38 helig,
2064 5542 48 30 att
2133 5542 55 32 det
2207 5552 61 23 var

1577 5589 133 37 olagligt
1736 5589 48 30 att
1808 5587 135 32 vidrõöra
1967 5586 132 38 honom,
2124 5589 22 31 t.
2171 5598 30 23 o.
2225 5600 43 22 m.

1577 5637 43 32 dà
1639 5636 56 32 det
1714 5634 107 38 gallde
1840 5635 49 31 att
1908 5633 102 33 radda
2028 5633 83 33 hans
2130 5634 55 33 liv.
2203 5636 66 33 Det

1577 5684 158 35 berättas,
1765 5683 49 30 att
1843 5689 41 23 en
1913 5680 265 39 maori-hõvding
2207 5692 61 24 var

1578 5733 80 30 nara
1677 5731 48 30 att
1743 5728 131 32 bvavas
1893 5727 62 32 och
1973 5727 53 32 led
2045 5728 102 32 svùra
2165 5733 103 29 smar-

1578 5780 62 35 tor,
1674 5775 111 34 dartõr
1818 5776 49 30 att
1891 5775 47 31 ett
1961 5773 129 33 iistben
2114 5774 122 36 iastnat
2260 5778 9 31 i

1576 5824 115 33 halsen
1714 5823 43 37 pa
1779 5821 131 37 honom,
1934 5829 76 24 men
2034 5822 48 31 att
2106 5822 95 36 ingen
2225 5833 44 23 av

1576 5873 83 31 hans
1685 5870 205 37 undersàtar,
1916 5877 72 24 som
2014 5868 97 32 Stodo
2136 5868 133 40 Rlagan-

1578 5921 40 31 de
1638 5920 74 32 runt
1732 5917 159 36 omkring,
1909 5915 131 36 vàgade
2058 5915 135 33 vidrõra
2211 5918 58 33 ho-

1579 5976 86 28 nom,
1688 5968 39 34 ty
1751 5966 9 30 i
1784 5964 78 35 fölid
1887 5963 104 32 darav
2016 5961 103 33 Skulle
2144 5963 40 33 de
2208 5965 62 32 itt

1578 6017 88 30 satta
1691 6013 80 32 livet
1795 6010 46 32 till
1866 6009 115 36 sialva.
2025 6008 48 32 En
2097 6009 172 35 missionar

1578 6061 146 32 raddade
1763 6057 207 36 hõvdingens
2000 6054 45 33 liv
2075 6063 118 29 genom
2222 6060 48 30 att

1579 6109 102 36 draga
1717 6108 35 31 ut
1787 6103 165 34 ſskbenet
1977 6102 77 32 med
2080 6101 120 39 tilhialp
2227 6114 43 22 av

1579 6156 102 37 naͤgra
1714 6150 187 39 kirurgisa
1934 6150 242 32 instrumenter.
2221 6151 51 32 Dàã

1577 6202 189 36 hövdingen
1789 6208 41 23 en
1852 6196 78 34 halv
1952 6197 112 31 timme
2087 6195 83 33 eiter
2193 6206 78 29 ope-

1578 6251 150 31 rationen
1750 6247 100 36 krvat
1872 6244 46 32 till
1941 6244 50 35 sig
2013 6242 186 38 tillrackligt
2220 6245 51 32 tor

1579 6298 48 31 att
1648 6296 110 32 kunna
1779 6293 76 37 tala,
1876 6299 62 24 var
1958 6290 83 32 hans
2063 6288 104 34 forsta
2189 6291 82 33 bruk

1579 6352 44 24 av
1647 6342 219 35 talfõrmàgan
1890 6339 49 31 att
1963 6336 157 33 aviordra
2143 6338 128 33 missio-

1579 6393 102 30 naͤren
1706 6390 83 32 hans
1816 6385 233 35 instrumenter
2076 6383 111 34 saͤsom
2214 6387 58 32 bot

1578 6438 51 33 för
1655 6438 56 32 det
1736 6435 167 37 helgern,
1928 6441 73 24 som
2027 6431 105 32 denne
2158 6431 114 39 begàtt

1578 6494 120 28 genom
1717 6485 49 30 att
1783 6482 135 31 vidrora
1936 6478 207 37 hõvdingens
2160 6478 112 35 huvud

1579 6532 62 33 och
1664 6533 90 37 giuta
1775 6529 83 33 hans
1881 6527 87 32 blod.

1619 6580 75 31 lcke
1725 6579 84 31 blott
1839 6575 329 33 Maori-hõvdingens
2199 6585 73 27 per-

1580 6636 69 29 son,
1675 6629 77 30 utan
1779 6625 55 32 allt
1859 6623 63 33 han
1949 6623 154 31 vicrirde
2132 6632 58 23 var
2216 6624 54 31 he—

2325 206 120 35 haärtill.
2485 204 141 33 Balfour
2653 204 127 31 vidhöll
2810 205 51 31 sin
2892 207 127 38 protest

2326 252 77 33 med
2424 251 65 31 den
2510 249 255 38 motiveringen,
2789 251 44 28 att
2853 257 77 23 man
2950 251 67 31 mà-

2325 300 51 29 ste
2391 294 124 33 bereda
2533 294 48 30 tid
2599 292 53 32 tõr
2668 293 156 30 debatten
2843 294 173 38 angàende

2327 339 237 39 fõrclaringen.
2590 337 207 31 Talmannen
2822 336 195 36 hemstallde

2325 384 103 42 darpà
2473 383 49 32 till
2553 382 317 42 premiarministern
2904 385 48 31 att
2983 386 32 39 ei

2328 431 120 41 avgiva
2479 428 65 32 den
2587 428 162 33 tilltanbta
2781 427 236 42 forhlaringen.

2325 475 168 44 (fudliga
2524 476 166 38 protester
2719 473 63 32 och
2815 473 97 41 fyrop
2943 474 72 33 fràn

2326 520 321 41 regeringspartiet)y.
2690 519 141 41 Asquith
2853 519 166 32 meddela-

2323 568 41 31 de
2383 564 103 41 darpâ
2504 567 48 29 att
2569 565 65 32 han
2651 565 142 32 amnade
2811 565 121 39 avgiva
2950 565 65 32 för-

2323 611 174 40 klaringen
2539 611 57 32 vid
2628 611 277 32 sammantradets
2939 611 75 31 slut.

2325 656 113 44 (ifall
2475 655 73 33 iràn
2575 657 314 41 regeringspartiets
2917 656 97 40 sida).

2365 701 66 34 Vid
2467 702 102 31 slutet
2595 712 43 22 av
2665 702 261 32 sammantrãdet
2953 701 65 32 tor-

2323 746 135 34 blarade
2480 746 38 32 sà
2541 748 152 41 Asquith,
2716 749 106 31 under
2843 747 104 32 starkt
2968 747 46 32 bi-

2324 793 59 32 fall
2411 791 74 32 fràn
2504 794 306 40 regeringspartiet,
2831 795 55 40 att,
2906 793 110 30 darest

2325 837 182 34 õverhuset
2535 838 31 39 ej
2594 842 140 38 antager
2762 838 254 33 vetoresolutio-

2322 892 114 29 nerna,
2463 884 200 42 regeringen
2692 885 206 32 omedelbart
2926 884 88 32 skul-

2325 931 31 31 le
2377 927 81 32 ràda
2480 928 181 41 konungen
2683 933 47 29 att
2750 931 136 40 vidtaga
2908 930 41 32 de
2970 930 47 32 àt-

2322 973 122 42 gaärder
2468 982 73 23 som
2567 976 58 30 aro
2650 977 216 40 nõdvandiga
2890 976 53 31 for
2967 977 46 30 att

2325 1019 164 39 förslaget
2527 1019 83 32 sball
2637 1021 47 31 bli
2720 1021 65 41 lag.
2809 1021 83 39 Om
2920 1030 96 32 rege-

2323 1065 119 39 ringen
2476 1063 33 39 j
2544 1073 80 23 vore
2659 1067 9 30 i
2702 1066 99 32 ständ
2826 1069 45 29 att
2895 1076 119 31 garan-

2323 1113 69 29 tera
2415 1108 100 39 detta,
2538 1110 106 32 sbulle
2666 1111 65 32 den
2753 1112 103 40 draga
2878 1113 53 40 sig
2953 1112 60 32 till-

2323 1155 87 32 bala
2430 1154 79 31 eller
2529 1156 141 39 upplõsa
2690 1150 118 51 parlam
2820 1150 90 51 entet

2363 1199 337 34 Premiarministerns
2715 1203 45 31 tal
2775 1203 113 32 vackte
2904 1205 110 30 natur-

2323 1244 114 41 ligtvis
2464 1247 182 31 sensation.
2689 1247 119 32 Därest
2836 1249 180 31 õverhuset

2324 1290 166 32 förtastar
2527 1293 355 40 vetoresolutionerna,
2913 1295 102 30 vilet

2323 1336 57 31 det
2410 1335 70 32 helt
2521 1337 111 31 satert
2662 1337 150 33 kommer
2842 1341 47 30 att
2919 1341 94 40 göra,

2323 1383 115 30 aämnar
2463 1380 142 41 Asquith
2631 1382 125 41 begara
2781 1386 167 38 garantier
2972 1394 43 22 av

2325 1427 181 38 konungen
2533 1426 74 40 och,
2637 1428 111 32 darest
2775 1430 90 31 detta
2893 1432 120 38 vagras

2324 1472 137 37 honom,
2492 1470 85 32 skall
2598 1472 65 31 han
2685 1473 103 41 draga
2808 1475 52 39 sig
2881 1475 133 31 tillbaba

2324 1516 79 31 eller
2426 1516 142 39 upplõsa
2593 1518 226 38 parlamentet.
2844 1519 98 32 Detta
2964 1529 51 22 se-

2324 1570 89 29 nare,
2422 1557 136 51 parlam
2567 1564 330 40 entsupplõsningen,
2931 1566 83 31 slcall

2323 1606 83 31 dock
2422 1606 119 32 endast
2565 1606 253 41 ifràgabomma,
2833 1610 110 32 darest
2957 1611 57 32 Ro-

2325 1660 136 31 nungen
2491 1652 94 31 lovar
2605 1655 47 29 att
2680 1654 108 31 limna
2808 1655 40 31 de
2867 1655 147 41 begarda

2323 1697 213 40 garantierna
2581 1698 8 30 i
2632 1698 159 32 handelse
2827 1710 39 21 av
2898 1702 114 31 liberal

2325 1751 99 31 seger
2455 1741 56 32 vid
2543 1743 107 31 valen.

2365 1787 91 32 Efter
2474 1788 159 40 Asquiths
2663 1788 182 42 forklaring
2863 1790 63 33 fick
2943 1792 72 31 Bal-

2324 1833 75 31 four
2423 1833 106 32 ordet.
2571 1835 29 29 vl
2627 1834 109 32 vilten
2762 1836 158 32 situation
2945 1837 68 39 har,

2325 1878 81 32 sade
2434 1878 77 40 han,
2550 1879 70 32 icke
2650 1879 141 41 Asquith
2818 1881 110 40 bragt
2942 1882 73 32 kro-

2324 1925 81 31 nan!
2447 1925 65 40 Jag
2538 1924 201 40 förutsager,
2756 1928 45 29 att
2818 1926 55 32 det
2896 1927 68 32 icke
2980 1930 35 29 ar

2323 1969 167 40 omöfligt,
2516 1971 49 29 att
2591 1971 315 39 premiarministern
2933 1972 82 32 skall

2323 2023 36 22 se
2385 2014 54 40 sig
2475 2014 100 31 ställd
2609 2014 86 32 intõr
2720 2016 294 40 nõdvandigheten

2324 2061 47 30 att
2396 2059 42 32 be
2466 2061 187 31 suveranen
2678 2070 56 22 om
2764 2062 45 30 att
2835 2062 60 31 500
2921 2064 94 39 gent-

2323 2106 109 31 lemen
2465 2107 176 32 utnãmnas
2676 2107 48 31 till
2756 2107 121 39 lorder,
2912 2107 102 32 shuru

2324 2151 41 31 de
2386 2151 61 31 alls
2478 2151 70 32 icte
2571 2154 57 30 àro
2656 2153 158 40 lampliga
2835 2153 53 31 fõr
2907 2153 108 32 denna

2323 2197 186 39 vardighet.
2568 2198 159 40 Asquiths
2746 2199 152 40 yttrande
2917 2200 98 37 visar,

2322 2244 48 30 att
2398 2242 84 32 hans
2511 2243 233 41 pliletbegr?pp
2773 2245 36 30 àr
2834 2244 89 32 olilca
2951 2245 64 31 alla

2323 2288 84 31 hans
2446 2287 235 40 fõretradar?s,
2709 2289 62 32 och
2798 2290 47 31 att
2872 2289 65 32 han
2964 2299 52 31 sy-

2323 2342 59 23 nes
2423 2332 111 41 färdig
2565 2335 47 30 att
2639 2334 91 32 ottra
2760 2335 63 31 alla
2853 2335 41 32 de
2923 2336 91 31 stora

2324 2378 204 40 traditioner,
2556 2388 72 23 som
2657 2379 66 32 han
2760 2380 139 32 framfor
2924 2381 91 39 varię

2323 2433 110 22 annan
2462 2426 37 29 ar
2527 2424 135 41 skyldig
2691 2426 47 30 att
2766 2425 250 41 upprãtthàlla

2462 2512 83 35 Vad
2568 2514 156 41 prãssen
2747 2515 126 43 sager.

2361 2582 163 41 Samtliga
2559 2583 168 41 tidningar
2752 2584 174 33 iramhalla
2952 2586 64 31 den

2323 2629 91 30 siora
2455 2628 196 40 betydelsen
2685 2638 42 22 av
2757 2629 161 41 Asquiths
2951 2631 65 31 for-

2323 2673 140 40 klaring.
2507 2673 49 31 De
2579 2674 234 32 konservativa
2836 2675 180 41 tidningar-

2322 2728 43 22 na
2387 2718 160 32 beteckna
2570 2720 333 39 premiarministerns
2927 2721 90 40 kapi-

2323 2764 142 31 tulation
2500 2763 53 32 for
2599 2764 167 32 irlandska
2800 2767 119 39 partiet
2951 2766 64 32 och

2322 2809 85 31 hans
2427 2809 123 40 vadjan
2573 2810 48 31 till
2641 2810 181 40 konungen
2843 2820 72 22 som
2948 2812 68 31 ictee

2322 2854 150 40 vãrdiga.

2362 2899 161 41 Monning
2546 2899 84 33 Post
2667 2901 109 39 sãger.
2801 2902 48 30 att
2875 2900 140 45 Asquith

2322 2944 61 31 har
2407 2944 49 32 till
2480 2944 65 32 maͤl
2570 2946 48 30 att
2641 2945 197 32 hadanefter
2859 2947 158 39 omõilig-

2322 2991 84 38 gõra
2431 2987 202 43 konungens
2660 2991 168 39 regering,
2854 2990 38 32 sà
2918 2991 98 33 iramt

2322 3035 183 39 kbonungen
2532 3036 33 38 ej
2594 3035 64 31 kan
2698 3036 133 40 tvingas
2867 3036 80 41 ingà
2974 3037 42 41 pâ

2317 3080 88 32 hans
2439 3079 200 42 fordringar.
2682 3081 219 40 Liberalerna,
2925 3082 92 32 heter

2322 3125 56 32 det
2403 3123 116 35 vidare
2558 3126 9 32 i
2603 3136 127 23 samma
2757 3128 141 40 tidning.
2925 3128 91 32 bom-

2322 3181 53 22 ma
2393 3173 49 30 att
2457 3172 48 32 bli
2521 3172 224 33 õverrastade
2761 3174 83 31 õver
2860 3175 46 30 att
2924 3173 91 33 finna

2322 3219 47 30 ett
2397 3217 217 33 unionistiset
2643 3219 85 40 parti
2757 3219 62 32 och
2848 3229 43 22 en
2922 3220 94 32 unio-

2321 3263 119 32 nistisſe
2463 3265 125 39 nation,
2613 3273 72 23 Som
2711 3265 57 31 vill
2791 3265 126 41 sbydda
2942 3266 73 33 kro-

2320 3305 76 54 nan.
2743 3319 57 34 —
2935 3310 44 46 .

2361 3355 113 33 Times
2495 3355 137 41 sleriver,
2652 3357 48 31 att
2721 3355 181 43 konungen
2923 3356 91 34 kom-

2320 3410 70 23 mer
2410 3403 49 30 att
2480 3402 114 32 stallas
2625 3401 91 33 intör
2734 3412 43 22 en
2800 3402 127 41 pinsam
2949 3403 63 32 och

2319 3447 144 40 ovãrdig
2494 3448 170 35 situation.
2686 3448 109 31 vartill
2815 3449 198 40 motsvarig-

2319 3492 57 32 het
2395 3492 36 40 ej
2464 3492 109 32 finnes
2597 3492 104 33 sedan
2725 3492 36 32 ar
2782 3494 89 31 1688.

2360 3537 51 33 De
2448 3538 137 32 liberala
2615 3538 212 41 tidningarna
2856 3539 155 33 stoltsera

2320 3585 82 31 õver
2425 3582 162 44 Asquiths
2614 3584 193 33 uttalanden
2831 3585 63 32 och
2919 3587 93 39 sãga,

2321 3630 47 31 att
2398 3639 58 23 om
2490 3629 42 32 de
2563 3629 159 43 politisca
2764 3630 137 33 ledarna
2933 3631 79 40 vilja

2318 3674 135 33 ansluta
2502 3675 56 41 sig
2596 3675 49 32 till
2686 3675 64 32 den
2781 3676 126 42 politib,
2937 3685 76 24 som

2318 3720 13 32 i
2365 3720 62 41 gäͤr
2451 3720 97 32 afton
2571 3720 253 41 prolclamerats,
2849 3722 82 32 sball
2955 3732 56 22 na-

2323 3765 113 33 tionen
2462 3766 111 40 stõdja
2598 3766 89 35 dem.

2339 3858 87 34 Lord
2452 3858 194 39 Roseberys
2671 3859 125 38 forslag
2820 3859 46 33 till
2892 3860 98 32 over-

2483 3915 116 32 husets
2622 3915 225 37 reftormering.

2362 3983 88 33 Lord
2486 3984 171 42 Rosebery
2691 3984 61 32 har
2786 3984 14 32 i
2833 3984 181 33 õverhuset

2321 4030 156 41 tramlagt
2496 4030 148 40 fõljande
2662 4030 349 41 resolutionsforslag:

2361 4077 32 40 1)
2420 4077 11 31 l
2456 4076 58 32 det
2535 4076 157 33 blivande
2714 4076 180 32 õverhuset
2917 4076 94 32 skola

2323 4122 358 41 parlamentslorderna
2708 4121 95 33 bestà
2831 4131 42 25 av
2900 4121 33 41 a)
2963 4121 51 32 sà-

2323 4168 87 32 dana
2440 4177 72 22 som
2542 4167 43 33 de
2615 4167 134 41 ärftliga
2779 4168 138 39 parerna
2946 4167 67 32 valt

2321 4213 89 32 inom
2435 4213 53 40 sig
2510 4213 106 39 sjalva
2636 4212 62 32 och
2721 4212 125 32 sàdana
2868 4222 71 23 som
2962 4214 49 33 ut-

2323 4260 81 31 setts
2433 4267 42 23 av
2500 4257 138 40 Kronan,

2320 4416 57 36 ligt
2427 4415 62 32 och
2539 4415 190 36 darigenom
2758 4414 174 37 livsiarligt
2962 4417 48 29 att

2320 4463 132 31 komma
2495 4462 12 31 i
2552 4462 154 35 beröring
2731 4461 75 32 med
2832 4460 50 33 för
2908 4462 104 31 andra

2320 4508 198 32 manniskor.
2566 4507 65 33 Det
2667 4508 148 31 berãättas
2843 4508 48 31 att
2919 4508 90 31 med-

2320 4556 136 32 lemmar
2492 4562 45 24 av
2573 4563 42 22 en
2650 4555 192 30 maoristam
2869 4555 71 31 dött
2967 4562 43 23 av

2320 4600 252 37 förskrackelse,
2592 4601 42 31 dà
2653 4600 40 32 de
2712 4599 62 33 fàtt
2793 4600 81 32 reda
2892 4600 51 37 paà,
2962 4601 49 31 att

2321 4650 41 32 de
2377 4648 166 33 ovetande
2559 4648 61 31 ãtit
2635 4649 151 30 resterna
2802 4655 44 23 av
2862 4647 50 31 sin
2928 4646 83 33 hõv-

2321 4697 93 35 dings
2435 4694 114 32 maͤltid
2571 4693 78 32 eller
2670 4692 69 32 haft
2761 4694 10 30 i
2794 4693 71 32 sina
2885 4693 125 33 hander

2320 4743 100 36 naͤgot
2440 4741 121 32 honom
2583 4739 192 33 tillhörande
2796 4739 147 32 fremàl.
2964 4739 47 32 Sa

2321 4792 22 29 t.
2360 4797 51 24 ex.
2430 4787 81 33 Sall
2530 4796 42 25 en
2589 4786 132 37 Rvinna,
2739 4795 72 23 Som
2830 4786 59 31 ãtit
2908 4787 102 35 nàgra

2320 4834 149 38 persikor
2494 4842 38 24 ur
2558 4842 41 23 en
2624 4833 84 37 korg
2733 4832 62 32 och
2821 4832 102 32 sedan
2949 4832 62 32 fatt

2320 4884 88 35 veta,
2428 4882 49 30 att
2497 4880 41 33 de
2558 4879 134 33 Rommo
2712 4879 72 32 fràn
2805 4881 48 29 ett
2872 4878 138 33 hõvdin-

2319 4938 63 28 gen
2416 4926 194 34 tillhörande
2644 4926 84 37 trad,
2772 4927 118 35 genast
2923 4925 88 32 hava

2321 4977 108 36 släppt
2452 4974 126 37 korgen
2603 4973 62 33 och
2690 4973 10 32 ĩ
2724 4972 145 33 ioriaran
2893 4973 118 35 iamrat

2320 5024 50 36 sig
2397 5024 91 34 över,
2515 5022 49 30 att
2589 5019 207 37 hövdingens
2823 5017 188 39 gudamakt,

2320 5078 71 25 som
2414 5068 66 33 kon
2504 5066 128 37 Kränket,
2657 5065 103 34 Sulle
2786 5066 86 32 dõda
2894 5064 116 33 henne.

2321 5118 100 31 Detta
2447 5115 107 32 hande
2582 5114 42 36 pà
2652 5112 269 37 ertermiddagen,
2949 5112 62 31 och

2320 5162 140 36 föliande
2479 5160 185 37 förmiddag
2684 5160 65 35 dog
2766 5159 76 31 hon.
2861 5158 47 33 En
2928 5158 82 32 hõv-

2321 5212 93 35 dings
2436 5208 128 37 elddon,
2586 5216 72 23 som
2679 5207 103 36 nàgra
2802 5205 130 38 Rrigare
2954 5214 56 23 an-

2320 5259 80 30 vänt
2427 5256 51 31 för
2505 5256 48 30 att
2580 5254 101 32 tända
2708 5254 71 31 sina
2806 5254 92 36 pipor
2926 5253 85 36 med,

2321 5307 77 31 utan
2417 5304 49 31 att
2484 5303 79 30 veta
2583 5309 77 24 vem
2680 5301 56 32 det
2756 5300 159 36 tillhörde,
2934 5299 77 32 blev

2321 5353 41 37 pà
2377 5349 151 34 libnande
2544 5349 76 36 satt,
2636 5356 118 29 genom
2771 5356 57 23 ren
2843 5345 168 34 iorskrak-

2321 5397 100 38 kelse,
2444 5394 99 34 orsak
2566 5394 46 33 till
2636 5395 99 32 dessa
2757 5395 94 31 mans
2876 5393 74 33 död.

2359 5441 235 38 Hansynsfulla
2636 5441 185 37 hövdingar
2865 5439 146 33 brukade

2323 5491 109 34 darior
2454 5490 42 37 pa
2518 5488 201 37 oatcomliga
2743 5488 116 32 Stallen
2881 5490 131 34 gömma

2321 5539 107 37 saker,
2444 5545 72 24 som
2533 5537 40 32 de
2590 5537 27 35 ei
2635 5535 113 37 langre
2763 5534 84 33 hade
2865 5534 146 32 anvand-

2322 5589 75 34 ning
2414 5585 51 32 för
2481 5604 41 5 —
2538 5584 43 36 pà
2599 5584 55 31 det
2672 5585 49 29 att
2739 5582 96 36 ingen
2853 5590 44 23 av
2916 5581 96 32 deras

2322 5632 194 35 undersàtar
2553 5630 104 32 sculle
2695 5629 133 32 Romma
2856 5629 9 31 i
2893 5627 119 37 olycka

2321 5688 119 31 genom
2462 5679 48 31 att
2530 5677 136 33 vidrõra
2687 5676 84 32 dem.
2812 5676 54 31 Av
2887 5682 125 25 samma

2322 5727 71 34 gäl
2416 5724 147 33 brubade
2588 5732 40 23 en
2651 5722 146 36 hõvding
2820 5722 104 36 aldrig
2948 5721 65 31 liva

2322 5783 63 30 upp
2408 5781 41 24 en
2471 5771 53 32 eld
2546 5778 119 30 genom
2689 5771 48 31 att
2759 5769 93 32 blàsa
2875 5768 42 36 pà
2941 5766 72 37 den,

2322 5825 38 35 ty
2374 5821 83 32 hans
2471 5818 108 37 heliga
2595 5816 183 33 andedrakt
2795 5814 103 34 skulle
2916 5816 97 30 over-

2322 5869 111 37 fſyttat
2456 5866 49 33 sin
2527 5864 245 36 overnaturliga
2793 5861 86 33 Rrartt
2901 5860 45 33 till
2968 5859 45 33 el-

2324 5918 72 34 den,
2413 5914 62 32 och
2493 5913 106 32 denna
2616 5911 104 33 skulle
2738 5909 195 35 õverflyttat
2951 5907 62 31 den

2323 5964 45 33 till
2389 5962 55 32 det
2463 5960 82 37 kõtt,
2564 5968 73 23 Som
2656 5966 76 23 man
2753 5955 133 34 rostade
2907 5954 42 36 pà
2969 5953 45 32 el-

2324 6013 72 33 den,
2414 6007 62 33 och
2495 6007 40 31 de
2553 6005 206 34 undersàtar,
2778 6010 72 24 Som
2867 6000 147 32 fortarde

2324 6058 90 32 detta
2436 6054 83 35 Rõtt.
2540 6051 104 33 SRulle
2667 6050 140 32 ofelbart
2830 6046 118 32 dõdats
2971 6054 43 22 av

2325 6106 62 31 den
2409 6098 245 36 õvernaturliga
2675 6094 140 34 Rratten.

2374 6146 164 34 Salunda
2582 6153 62 23 var
2689 6139 327 37 maori-hõvdingens

2324 6193 222 43 gudomlighet
2572 6200 41 24 en
2638 6187 190 35 fortarande
2855 6186 63 38 eld,
2944 6195 72 25 Som

2324 6240 243 38 lillintetgiorde
2586 6237 56 32 allt
2661 6236 62 31 den
2740 6234 78 31 bom
2835 6234 10 31 i
2863 6233 154 37 berõring

2325 6290 84 35 med.
2455 6287 65 33 Det
2546 6287 37 30 ar
2610 6281 110 34 darför
2746 6279 73 33 icke
2845 6280 173 38 underligt.

2325 6341 48 31 att
2393 6344 41 24 en
2455 6334 103 33 sadan
2576 6329 146 35 hõvding
2741 6327 109 32 kunde
2871 6328 147 37 pàrakna

2324 6382 124 42 ſydnad
2494 6379 63 34 och
2593 6374 250 36 underkastelss
2880 6384 44 24 av
2961 6376 59 32 sitt

2325 6430 96 37 follc.

2365 6473 259 39 Förhallandena
2644 6479 86 24 voro
2750 6469 152 33 liknande
2924 6471 9 30 i
2953 6469 66 32 Po-

2326 6526 158 40 lynesien.
2536 6520 229 35 Imõdingarna
2806 6518 42 35 pà
2888 6516 132 37 Tonga-

2327 6581 101 28 Sarna
2451 6570 127 36 trodde,
2601 6568 48 31 att
2672 6566 63 32 den
2759 6573 73 24 som
2853 6564 95 32 forde
2971 6563 49 33 ib-

2329 6626 61 31 dan
2414 6620 43 34 till
2481 6625 140 25 munnen
2643 6613 76 34 med
2742 6614 71 32 sina
2834 6620 86 30 egna
2939 6611 82 34 hän-

3062 3884 147 37 lossning

3726 49 328 70 Zondagon
4091 53 118 58 don
4249 52 71 56 Iĩ
4358 51 153 82 pri

3973 208 176 41 Flnsta
4177 211 145 41 Farg-
4352 213 43 39 &.

3069 214 296 117 Prima
3428 202 480 167 Batfarger
3973 222 523 85 l.

3070 384 124 51 fãrg-,
3220 384 131 54 Tapet.
3379 392 67 40 och
3476 385 450 49 Artistmaterialienandel
3956 384 10 42 i
3995 386 92 52 parti
4117 388 67 41 och
4213 390 121 43 minut.

3099 491 44 39 —
3169 487 127 61 zadana
3319 504 71 23 som
3414 498 43 32 na
3481 502 69 29 sãte
3578 501 14 31 i
3613 500 142 31 õverhu-

3066 538 62 75 3
3140 545 44 33 pa
3203 538 111 39 grund
3334 549 41 22 av
3397 543 50 30 sin
3468 545 287 40 àmbetsstallning

3106 627 32 39 c)
3160 626 126 33 sàdana
3306 637 71 23 som
3398 632 82 32 valts
3500 635 91 32 utom
3610 636 143 32 namnda

3068 671 199 41 kategorier.

3108 717 32 40 29
3171 717 108 32 Tiden
3316 720 105 31 under
3456 723 107 33 vilken
3600 726 153 33 lorderna

3068 762 95 32 skola
3186 762 43 32 ha
3251 764 71 31 sate
3342 764 11 30 i
3375 765 177 35 õverhuset
3573 770 81 33 scall
3675 782 78 23 vara

3068 808 66 32 lika
3154 808 53 31 fõr
3224 808 76 38 alla,
3319 809 78 31 med
3415 811 168 42 undantag
3601 816 82 32 dock
3702 817 52 32 for

3068 853 86 39 dem,
3177 863 72 22 som
3273 854 78 31 sitta
3373 854 58 31 dar
3452 855 41 39 pà
3513 860 108 37 grund
3641 871 41 27 av
3702 863 50 33 sin

3067 899 300 40 ambetsstallning.
3413 899 50 32 De
3498 902 92 32 stola
3624 897 129 43 penſſi

3066 945 54 31 sin
3149 945 96 40 plats,
3272 944 39 33 sà
3337 945 100 39 lange
3466 945 40 32 de
3532 947 139 35 betlada
3699 954 55 31 sitt

3068 989 139 33 ambete.

3107 1035 173 39 Förslaget
3295 1034 150 32 kommer
3458 1036 47 34 att
3518 1035 180 36 behandlas
3713 1051 41 22 av

3067 1082 45 30 ett
3134 1080 135 32 utskott.

3097 1216 111 55 Den
3245 1214 328 58 australiska
3609 1216 111 57 for-

3164 1305 496 71 bundsregeringen

3301 1399 217 52 Stõrtas.

3172 1496 279 37 Arhetarpartiets
3481 1503 165 30 program.

3106 1565 84 31 Fràn
3228 1565 197 31 Melbourne
3464 1565 216 40 telegraferas
3712 1567 45 29 att

3065 1620 123 30 genom
3214 1611 265 40 arbetarpartiets
3504 1620 97 30 sger
3625 1611 54 30 vid
3702 1621 54 21 va-

3066 1657 52 31 len
3136 1657 47 31 till
3201 1656 391 40 förbundsparlamentet,
3612 1657 56 30 dar
3684 1666 71 30 par-

3066 1702 58 31 tiet
3166 1711 44 22 nu
3254 1702 61 31 faͤtt
3349 1703 38 29 18
3420 1703 122 30 rösters
3578 1703 175 38 majoritet,

3066 1747 146 32 Dealins
3242 1749 157 41 xegering
3430 1749 131 30 stõrtas.
3605 1748 150 31 Arbetar-

3065 1796 226 37 programmet
3321 1795 48 29 ar:
3400 1793 285 40 uppratthàiand:
3716 1804 37 21 av

3067 1840 46 30 eit
3144 1839 68 31 fritt
3245 1839 198 36 Australien.
3477 1839 105 40 sydd
3616 1839 51 31 tör
3700 1850 54 21 na-

3067 1884 128 31 tionellt
3234 1881 113 35 arbete
3389 1894 122 31 genom
3555 1886 200 40 lagstadgad

3066 1928 187 41 slciljedom,
3284 1931 255 40 statsmonopol,
3571 1932 31 37 ei
3635 1932 119 39 privat-

3066 1976 170 38 monopol,
3268 1976 121 31 allman
3422 1976 163 40 varnpliket
3622 1976 57 31 och
3714 1986 39 21 en

3067 2020 176 30 austarlist
3260 2021 149 38 estader,
3429 2021 249 32 àstadkommen
3697 2031 57 31 ge-

3067 2072 76 22 nom
3174 2064 133 38 shatter.
3336 2068 190 39 prograssiv
3556 2067 197 40 grundsſcatt

3066 2108 62 31 och
3151 2112 190 37 progressiv
3365 2113 174 38 borsskatt,
3564 2112 190 41 minsſening

3067 2163 41 22 av
3128 2155 221 32 statsskulden
3371 2160 85 29 samt
3476 2159 189 40 forsakring
3684 2162 69 28 mot

3067 2199 230 33 arbetslõshet.

3103 2610 309 35 Kometstcracb.
3440 2610 107 37 Enligt
3565 2612 89 32 Neue
3673 2613 79 32 rreie

3065 2655 121 34 Presse
3221 2656 60 32 har
3317 2658 9 31 i
3363 2657 185 32 Dalmatien
3574 2658 61 32 och
3662 2659 9 31 i
3699 2660 55 31 det

3065 2702 214 32 österrikiska
3319 2703 187 32 kustlandet
3544 2705 56 30 vid
3639 2705 114 31 Adria-

3066 2748 85 32 tiska
3178 2749 101 32 havet
3307 2750 260 31 meddelandena
3596 2760 53 23 om
3677 2751 76 32 Hal-

3065 2795 117 35 leyska
3206 2795 174 33 Rometens
3406 2797 223 35 upptradande
3655 2797 99 31 iram-

3065 2841 100 32 Kallat
3190 2841 149 37 panibi
3384 2842 56 31 det
3463 2851 76 22 man
3562 2844 119 30 väntar
3706 2846 49 29 att

3065 2887 157 32 varldens
3247 2888 191 35 undergaͤng
3463 2890 37 29 ar
3525 2890 89 29 nara.
3640 2889 12 31 l
3677 2888 78 35 iölid

3064 2933 106 32 härav
3207 2933 43 31 ha
3287 2934 234 35 provinsernas
3550 2935 205 31 ambetsman

3066 2979 62 31 och
3153 2981 129 34 prãster
3306 2979 62 32 fatt
3392 2980 98 31 order
3514 2982 49 29 att
3586 2979 72 33 fràn
3682 2989 73 27 pre-

3067 3025 202 33 dikstolarna
3288 3026 62 31 och
3369 3027 9 29 i
3398 3026 155 31 SRolorna
3573 3026 107 31 lamna
3699 3027 57 31 be-

3066 3071 188 37 folningen
3293 3071 119 37 riktiga
3439 3071 234 37 upplysningar
3702 3080 55 24 om

3067 3119 63 32 den
3161 3118 211 33 fõrestaende
3404 3118 242 33 astronomiska
3676 3118 80 33 han-

3067 3166 113 32 delsen
3195 3165 63 33 och
3273 3165 144 32 forklara
3434 3167 48 31 att
3498 3166 63 31 den
3576 3165 72 33 icke
3664 3165 92 33 Rom-

3065 3222 71 24 mer
3158 3214 48 30 att
3228 3212 150 32 mediõra
3399 3213 107 36 nagon
3528 3212 70 31 fara
3621 3212 50 32 ior
3692 3214 64 34 jor-

3066 3260 73 32 den.

3104 3306 147 33 Paniten
3291 3306 98 32 bland
3428 3306 230 37 beiolkningen
3697 3305 58 33 har

3064 3354 103 32 redan
3185 3354 123 36 antagit
3327 3354 125 31 sdana
3470 3353 219 32 dimensioner
3708 3355 48 30 att

3062 3409 76 23 man
3167 3401 125 35 begynt
3320 3399 98 33 kasta
3446 3399 75 33 bort
3550 3399 203 33 vardesaker

3063 3447 61 32 och
3150 3446 143 32 förstõra
3319 3447 49 31 sin
3394 3446 172 36 egendom.

3099 3530 43 5 —
3160 3511 161 31 Vãrldens
3340 3511 125 31 Storsta
3485 3510 204 37 segeliartyg
3709 3519 43 23 av

3061 3560 52 30 trã
3130 3559 37 31 ar
3185 3558 63 32 den
3265 3557 50 33 for
3334 3557 102 36 nagra
3453 3557 37 31 aͤr
3507 3557 103 32 sedan
3627 3558 11 30 ĩ
3654 3557 97 32 Ame-

3061 3604 71 33 rika
3176 3605 139 34 Siõsatta
3358 3602 20 33 6
3379 3603 165 37 mastade
3589 3602 165 33 SRonaren

3062 3651 189 36 Wyoming.
3287 3650 159 36 Fartyget
3461 3649 61 32 har
3538 3659 41 22 en
3595 3649 99 37 längd
3710 3658 43 23 av

3061 3698 59 32 327
3137 3697 59 37 fot,
3214 3706 41 23 en
3273 3697 104 31 bredd
3395 3705 43 22 av
3456 3697 40 31 õ0
3514 3695 48 33 fot
3580 3696 62 32 och
3661 3698 37 29 ar
3714 3697 39 30 34

3062 3744 47 32 fot
3135 3745 90 36 diupt
3248 3744 10 32 i
3281 3743 215 33 lastrummet.
3539 3742 66 33 Det
3628 3744 37 30 ar
3688 3742 65 33 för-

3062 3793 66 31 sett
3148 3791 76 32 med
3245 3792 49 31 tre
3316 3791 248 36 genomgaͤende
3587 3790 83 32 dãck
3692 3789 61 32 och

3062 3838 59 31 har
3160 3837 65 33 fem
3267 3836 114 33 luckor
3420 3837 51 31 för
3511 3837 141 36 lastning
3692 3835 61 32 och

3266 3886 86 30 samt
3409 3885 37 30 aär
3503 3883 117 32 försett
3678 3882 75 32 med

3061 3931 188 36 fullstandig
3311 3929 321 33 telerfoniörbindelse
3674 3928 79 32 mel-

3062 3978 53 32 lan
3157 3978 62 32 alla
3262 3977 40 32 de
3344 3975 86 34 olika
3473 3976 140 32 delarne.
3675 3974 78 33 Net-

3063 4026 194 35 totonnaget
3281 4026 37 30 ar
3341 4024 89 36 3,750
3454 4024 66 34 ton,
3545 4022 61 32 och
3631 4021 121 32 lastka-

3063 4072 164 37 paciteten
3244 4070 164 32 beraknas
3427 4069 45 32 till
3490 4069 28 36 6,
3520 4069 59 36 000
3596 4071 57 29 ton
3672 4069 29 31 d.
3720 4077 32 23 v.

3062 4118 159 36 Fartyget
3240 4119 37 30 aͤr
3295 4115 261 37 huvudsakligen
3575 4117 111 30 avsett
3705 4117 48 29 att

3063 4165 171 32 anvundas
3272 4165 10 30 i
3301 4163 182 36 koltraden,
3501 4162 63 32 och
3583 4161 170 33 kosnaden

3062 4212 51 32 för
3152 4212 77 31 dess
3268 4209 176 37 byggande
3484 4208 134 36 belöper
3637 4209 50 35 Sig
3707 4208 45 31 till

3051 4253 59 46 38.
3112 4253 59 46 000
3190 4257 97 36 pund.

3033 4337 94 28 —
3126 4337 99 28 —
3065 4350 689 9 ———————

3064 4412 68 36 der,
3152 4411 103 33 sedan
3277 4411 99 31 dessa
3396 4409 113 32 berort
3530 4418 41 22 en
3590 4409 163 36 hõvdings

3063 4459 114 36 Rropp,
3203 4458 106 31 maste
3337 4457 105 32 svalla
3468 4465 64 28 upp
3559 4456 61 32 och
3648 4456 41 32 dõ
3714 4476 41 5 —

3064 4506 38 31 sa
3121 4505 78 31 vida
3219 4504 72 32 icke
3315 4504 63 31 den
3398 4503 163 36 olycklige
3583 4502 84 32 fõrst
3688 4502 66 32 de-

3064 4551 202 33 sinfekterat·
3295 4551 71 31 sina
3393 4559 43 22 av
3463 4550 206 35 hõvdingens
3697 4558 57 22 un-

3064 4599 140 32 derbara
3231 4597 87 33 Rrait
3345 4596 174 37 iorgiftade
3546 4595 124 33 hander
3698 4603 56 30 ge-

3064 4654 76 23 nom
3164 4646 48 30 att
3236 4645 43 36 pa
3303 4646 48 30 ett
3375 4643 132 32 sarskilt
3531 4644 67 30 satt
3620 4642 134 31 vidrõra

3063 4692 206 36 hõvdingens
3298 4690 110 33 fotter.
3457 4689 49 32 Pà
3535 4688 106 32 Tahiti
3670 4696 83 23 voro

3064 4739 192 36 konungens
3273 4737 62 33 och
3353 4737 226 34 drottningens
3596 4743 157 28 personer

3063 4786 39 32 sa
3118 4785 107 37 heliga
3242 4784 61 32 och
3320 4783 193 32 meddelade
3532 4782 106 31 denna
3656 4788 97 28 egen-

3064 4832 81 36 Skap
3166 4832 38 32 sà
3222 4830 106 33 starkt
3347 4830 34 31 àt
3401 4829 55 31 allt
3475 4828 67 31 vad
3562 4828 40 30 de
3621 4827 132 31 Rommo

3064 4878 180 36 iberöring
3261 4876 76 33 med
3352 4895 42 6 —
3409 4875 124 35 klader,
3551 4873 202 37 byggnader,

3064 4925 138 32 Ranoter
3223 4933 30 23 o.
3273 4932 27 23 S.
3319 4931 34 23 V.
3370 4942 42 5 —
3431 4923 48 30 att
3501 4921 98 31 dessa
3620 4920 67 35 ting
3707 4919 46 31 al-

3065 4972 70 37 drig
3158 4971 103 33 sedan
3282 4969 109 32 kunde
3413 4967 171 33 anvandas
3606 4975 44 22 av
3671 4974 82 23 van-

3064 5019 64 36 liga
3150 5017 139 36 dõdliga.
3331 5014 60 32 Till
3413 5014 61 32 och
3497 5013 76 32 med
3596 5013 40 31 de
3658 5012 95 32 bara-

3065 5074 45 28 re,
3131 5073 72 24 Som
3225 5063 85 33 burit
3333 5062 74 32 dem
3427 5060 57 32 vid
3507 5060 96 32 deras
3625 5059 128 32 landre-

3065 5121 64 28 sor,
3147 5111 62 32 och
3228 5111 62 31 den
3307 5107 104 37 mark,
3429 5116 72 23 som
3520 5106 41 32 de
3580 5108 67 30 satt
3664 5105 89 32 ioten

3064 5160 51 36 pâ,
3139 5158 98 31 blevo
3260 5156 51 31 for
3334 5155 107 36 heliga
3464 5153 50 32 ior
3539 5154 99 30 annat
3661 5152 93 33 bruk.

3064 5205 49 32 De
3133 5204 88 37 fingo
3242 5202 110 33 darfor
3372 5201 72 33 icke
3464 5201 134 31 vidrõra
3618 5199 136 32 marken

3065 5254 98 30 annat
3183 5253 42 29 an
3246 5251 42 35 pa
3310 5250 70 31 sina
3401 5256 84 28 egna
3505 5247 166 36 arvegods
3692 5247 63 32 och

3065 5300 87 35 fingo
3170 5297 72 32 icke
3260 5295 128 32 intrãda
3405 5296 10 31 i
3432 5295 103 31 andra
3551 5292 205 39 byggnader,

3064 5348 42 30 aän
3132 5345 74 32 dem
3232 5352 72 24 som
3329 5341 133 34 särskilt
3496 5350 84 23 voro
3616 5342 139 31 aämnade

3065 5393 50 33 för
3134 5393 97 31 deras
3250 5388 219 37 anvãndning.

3065 5465 137 34 Politist
3220 5462 211 37 vidsbepelse
3449 5461 98 33 bland
3566 5470 57 23 oss
3642 5461 116 37 sialva.

3105 5529 110 33 Skulle
3233 5528 34 32 vi
3286 5536 42 23 nu
3347 5526 46 32 till
3411 5526 74 37 Slut,
3503 5526 172 32 trotsande
3696 5527 63 32 den

3065 5576 152 39 politiska
3235 5573 233 37 vidskepelsen
3488 5573 99 32 bland
3607 5583 57 23 oss
3684 5575 75 34 Sial-

3065 5634 54 27 va,
3140 5622 135 37 fõrsoka
3297 5620 125 37 antyda
3444 5620 140 36 analoga
3606 5620 153 33 iöreteel-

3066 5681 54 23 ser
3145 5671 10 31 i
3181 5671 56 31 det
3262 5669 159 32 modaärna
3448 5668 247 35 samhällslivet.
3723 5669 38 31 Sà

3066 5720 102 35 ligger
3194 5717 56 31 det
3274 5717 80 30 nara
3378 5714 47 33 till
3448 5714 106 33 hands
3580 5717 48 30 att
3654 5717 107 30 erinra

3066 5774 54 24 om
3158 5764 56 32 det
3252 5762 399 37 Gottes-Gnadentum“,
3689 5771 72 24 Som

3066 5813 92 32 vissa
3178 5810 112 33 nutida
3310 5809 177 33 monarker
3507 5810 62 33 och
3590 5810 171 32 atminsto-

3067 5868 40 24 ne
3130 5868 41 23 en
3195 5857 51 34 del
3269 5866 44 24 av
3336 5857 98 33 deras
3457 5858 196 33 undersàtar
3676 5859 85 30 annu

3067 5906 70 33 fullt
3159 5905 63 33 och
3244 5905 66 33 fast
3332 5907 52 32 tro
3407 5907 52 36 pà.

3107 5953 79 33 Med
3202 5953 140 32 iormeln
3359 5953 64 32 uav
3440 5953 94 33 Guds
3550 5952 105 33 nàde
3673 5952 8 30 i
3700 5950 61 32 den

3067 6001 153 37 Rungliga
3266 6000 190 32 titulaturen
3501 6000 168 32 jörbindes
3703 5997 58 30 hat

3068 6047 279 37 förestallningen,
3366 6050 48 29 att
3434 6048 55 31 det
3506 6047 119 35 högsta
3642 6045 119 28 vasen-

3070 6096 56 31 det
3147 6095 70 32 staͤr
3238 6095 10 31 i
3269 6096 48 30 ett
3339 6094 133 33 sarskilt
3494 6090 200 35 förhallande
3717 6086 44 32 till

3069 6142 194 36 konungens
3312 6151 122 27 person
3472 6140 62 31 och
3574 6137 188 33 darigenom

3070 6189 144 33 iörlanar
3238 6188 122 33 honom
3386 6197 40 23 en
3452 6186 148 33 förmàga
3625 6182 47 30 att
3696 6179 66 31 för-

3070 6237 92 31 valta
3178 6237 57 31 sitt
3252 6236 132 32 ambete
3403 6235 84 32 samt
3504 6239 41 23 en
3561 6225 202 35 okrankbar-

3070 6284 57 32 net
3148 6284 10 32 i
3179 6284 71 32 Sina
3272 6282 152 33 officiella
3445 6276 166 40 gõranden
3634 6271 61 33 och
3717 6270 46 31 là-

3072 6331 132 37 tanden,
3224 6339 72 24 Som
3314 6330 64 31 nan
3398 6324 143 34 ombiliæt
3561 6319 101 32 ſnulle
3683 6317 80 31 Run-

3073 6388 42 23 na
3149 6380 73 36 aga,
3257 6387 54 23 om
3346 6374 162 38 gudomen
3542 6360 136 62 iörkölle
3715 6364 50 35 sig

3073 6427 171 37 gentemot
3260 6425 121 31 honom
3398 6416 116 34 endast
3531 6413 42 37 pà
3591 6408 53 62 det
3664 6405 101 63 sůttet

3074 6483 73 24 som
3164 6471 170 39 gentemot
3350 6465 92 33 varie
3460 6468 106 24 annan
3584 6452 181 47 mãanniska.

3074 6521 117 33 Benna
3219 6510 242 41 Sernaturliga
3490 6504 276 53 undantagsstall-

3075 6569 77 36 ning
3172 6569 70 30 tros
3263 6568 82 26 vara
3365 6556 108 33 aärftlig
3494 6555 87 30 inom
3604 6553 62 31 den
3687 6551 80 36 legi-

3076 6617 79 32 nme
3177 6608 197 38 monarkens
3397 6602 114 36 famili;
3536 6600 63 33 och
3624 6599 63 33 den
3710 6608 59 24 an-

3971 315 70 40 Abo
4063 322 94 45 filial.
4207 327 57 33 vid
4287 328 101 35 nedrs
4410 328 81 34 bron

4397 411 16 26 .
4433 407 45 44 —

3851 513 43 7 —
3917 495 171 35 Revision
4110 496 12 35 i
4145 498 224 38 trustmaͤlen.
4406 503 88 33 Inom

3809 543 143 31 Fonenta
3977 541 164 32 staternas
4170 542 202 35 finansvarid
4400 547 97 33 ràder

3807 588 54 32 fõr
3887 585 208 34 narvarande
4123 587 63 32 den
4214 590 122 32 stõrsta
4362 591 134 42 hãpnad

3804 633 64 34 och
3907 630 249 43 uppstandelss.
4205 633 151 34 Orsaken
4386 638 108 33 dartili

3807 682 35 30 är
3867 680 51 31 att
3945 677 125 40 högsta
4099 677 189 37 domstolen
4315 680 96 33 fattat
4438 682 57 34 be-

3802 726 69 32 slut
3900 734 57 22 om
3990 732 44 22 en
4064 722 147 33 nevision
4250 726 11 31 i
4300 726 109 32 mälen
4442 728 50 31 sa-

3802 772 54 30 val
3876 771 72 31 mot
3966 767 166 34 Standard
4151 767 57 35 Oil
4227 769 174 44 Company
4419 781 72 23 som

3803 817 71 31 mot
3899 813 211 42 oljetrusten.

3841 862 83 32 Man
3947 862 71 31 tror
4039 860 131 38 nãstan,
4195 860 46 30 att
4263 869 42 23 en
4328 861 76 41 ring
4427 861 68 33 star

3801 906 122 33 balcom
3946 905 58 33 det
4024 904 87 33 hela.
4155 904 11 31 l
4188 905 91 39 varje
4301 905 57 32 fall
4381 908 37 30 àr
4438 907 58 31 det

3801 954 47 29 ett
3872 952 139 38 falttum,
4034 951 48 31 att
4106 947 206 36 valdisamma
4335 952 160 38 prissteg-

3801 997 114 40 ringar
3934 997 42 41 pà
3996 996 90 40 olior
4101 994 68 42 och
4191 994 101 32 dobat
4313 994 104 44 folide
4438 995 56 34 vid

3801 1041 87 32 Wall
3899 1042 109 32 Strert
4020 1039 211 34 omedelbart
4243 1038 86 33 efter
4342 1040 56 31 det
4412 1040 83 41 hõg-

3801 1087 53 30 sta
3877 1087 207 32 domstolens
4110 1085 112 39 utslag
4245 1084 78 32 blev
4344 1084 88 33 kant.

3841 1130 201 35 Revisionen
4073 1128 156 36 wommer
4261 1132 48 29 att
4341 1130 153 34 medrõra

3805 1173 147 43 arslaͤngt
3969 1176 155 42 uppscov
4142 1175 32 40 ej
4192 1174 123 33 endast
4331 1176 77 32 med
4426 1176 68 32 mà-

3806 1219 69 31 lens
3897 1222 194 39 avgõrande
4114 1223 80 32 utan
4220 1222 84 30 aven
4327 1221 76 32 med
4427 1221 65 33 for-

3805 1262 325 46 bundsregeringens
4173 1267 102 39 lange
4320 1266 172 34 bebãdade

3804 1309 374 43 antitrustlagstitning.
4206 1311 211 41 Regearingen
4435 1312 56 36 ha-

3807 1351 40 31 de
3875 1355 167 40 nãmligen
4071 1357 136 32 beslutit
4237 1358 46 30 aſt
4311 1357 141 41 ejſtaga
4480 1359 11 31 i

3807 1397 35 29 tu
3868 1398 76 31 med
3970 1401 107 31 denna
4105 1402 96 41 iraga
4228 1402 112 32 forran
4369 1402 123 41 högsta

3807 1440 205 35 domstolens
4041 1446 109 41 utslag
4178 1447 94 32 blivit
4301 1446 87 33 cant.
4435 1448 55 31 Nu

3789 1480 109 59 heter
3923 1486 65 38 det,
4013 1490 46 29 att
4083 1491 63 31 deñ
4170 1492 104 31 màste
4298 1492 193 41 ytterligare

3808 1531 111 37 vanta,
3948 1533 139 31 emedan
4120 1536 97 31 dessa
4249 1537 152 33 trustmal
4431 1539 59 30 aro

3844 1570 174 83 netügen
4031 1577 155 42 lampliga
4201 1580 111 33 sàsom
4328 1584 162 31 mönster-

3821 1628 19 21 4
3851 1639 25 12 110

3843 1719 308 38 fFiarilsiarmen.
4187 1723 48 33 En
4253 1726 133 36 engelsb
4404 1729 87 33 jour-

3806 1767 95 32 nalist
3924 1776 60 29 ger
4006 1767 140 36 föliande
4171 1770 155 38 skildring
4349 1773 71 33 iràn
4444 1777 48 29 ett

3804 1814 104 32 besök
3928 1814 64 32 han
4013 1815 112 36 avlagt
4145 1817 42 35 pà
4207 1826 40 22 en
4268 1819 101 31 sedan
4391 1821 100 35 nàgra

3804 1862 36 31 aͤr
3865 1861 134 32 tillhbaka
4024 1862 117 36 anlagd
4166 1862 198 35 fiarilsfarm:

3844 1925 84 32 Det
3958 1925 228 38 egendomliga
4214 1926 193 38 ioretaget',
4436 1928 58 32 he-

3804 1974 50 30 ter
3888 1972 64 37 det,
3987 1972 155 33 anlades
4174 1981 45 22 av
4251 1982 41 22 en
4325 1974 167 33 lidelseiul

3804 2018 254 37 fiarilssamlare,
4079 2018 36 32 L.
4138 2018 51 32 W.
4213 2018 159 33 Newman
4394 2021 10 31 i
4426 2022 68 30 Sta-

3804 2066 62 31 den
3890 2065 128 37 Bexley
4041 2066 10 31 i
4074 2064 94 34 Nent.
4211 2065 65 32 Det
4308 2066 59 32 har
4390 2068 102 31 under

3804 2114 97 30 aͤrens
3923 2112 75 37 lopp
4021 2112 170 33 utvecklat
4212 2113 50 36 sig
4284 2113 45 31 till
4352 2122 40 23 en
4414 2121 78 30 upp-

3802 2158 274 38 iõdningsanstalt
4091 2158 51 33 for
4158 2159 110 32 larver
4284 2159 62 32 och
4362 2160 129 36 fiarilar.

3802 2206 89 31 vilba
3913 2207 58 31 aro
3994 2205 45 32 till
4062 2205 70 32 salu
4155 2205 50 32 ior
4227 2205 86 33 olila
4335 2207 76 35 pris.

3841 2266 140 34 Farmen
4016 2268 113 32 bestaͤr
4164 2268 70 33 dels
4269 2277 43 23 av
4347 2278 40 23 en
4421 2271 71 31 stor

3802 2313 91 37 park,
3916 2314 70 32 dels
4008 2323 45 23 av
4075 2323 41 24 en
4138 2314 115 37 Skog.

3843 2368 220 33 Journalisten
4103 2369 140 32 tratiade
4283 2370 158 32 Nevman
4460 2364 23 46 iĩ

3804 2415 135 36 Skogen,
3965 2416 59 31 där
4049 2416 42 36 pâ
4117 2415 86 32 olika
4228 2416 122 36 platser
4375 2417 117 32 iunnos

3803 2462 183 35 uppstallda
4009 2470 41 24 en
4074 2462 51 32 del
4148 2462 148 32 Sallsamt
4319 2463 171 32 Ronstrue-

3804 2508 77 31 rade
3908 2508 180 32 zinkkistor
4113 2510 76 31 med
4215 2508 112 32 lufthaͤl
4354 2509 62 32 och
4443 2510 49 32 at-

3805 2553 124 37 Skilliga
3959 2555 143 31 Sinnrika
4131 2557 183 34 apparater,
4343 2556 63 31 alla
4435 2557 57 30 be-

3805 2601 128 30 Stämda
3967 2601 45 31 till
4047 2601 191 32 vistelseort
4272 2601 51 32 ior
4347 2601 145 33 farmens

3805 2646 108 31 larver
3937 2647 61 31 och
4023 2646 130 36 fiarilar.
4196 2646 68 33 Dar
4287 2647 95 32 fanns
4406 2650 86 29 aven

3806 2693 105 30 större
3939 2692 145 37 zinkhus,
4111 2696 82 28 över
4218 2694 20 30 4
4265 2695 105 29 meter
4396 2694 97 35 höga.

3807 2737 126 33 ldessa
3950 2738 98 33 hus“
4066 2738 155 33 frodades
4239 2740 48 33 siu
4304 2746 86 29 unga
4406 2739 88 35 biör-

3807 2783 68 31 kar.
3912 2784 71 31 Och
4001 2792 49 23 mr
4067 2784 160 32 Nevman
4244 2785 184 37 berãttade,
4446 2788 49 28 att

3807 2830 10 30 i
3852 2830 97 31 dessa
3983 2831 71 31 smà
4078 2830 60 32 hus
4164 2831 138 31 dvaldes
4327 2833 83 29 over
4438 2832 57 30 100

3808 2875 85 32 olika
3917 2876 88 35 slags
4029 2876 154 32 insetter.
4228 2876 12 32 l
4266 2876 158 32 närheten
4449 2885 45 22 av

3808 2920 142 33 farmens
3977 2921 199 37 boningshus
4204 2923 86 35 ligga
4317 2925 91 29 Stora
4436 2923 58 31 be-

3808 2967 191 31 tesmarker.
4020 2967 68 32 Där
4110 2968 92 32 odlas
4223 2966 119 38 mànga
4364 2970 128 36 vaxter.

3809 3021 72 23 som
3928 3015 86 32 tiäna
4061 3014 44 31 till
4132 3014 76 31 fda
4235 3015 33 30 àt
4295 3014 198 32 insekterna.

3809 3058 178 34 Dessutom
4011 3059 85 33 ünns
4122 3060 55 31 det
4201 3060 49 33 for
4278 3060 90 33 detta
4392 3062 101 30 anda-

3809 3105 65 32 maͤl
3891 3108 49 30 tre
3960 3105 131 33 aͤrifnus.
4128 3106 76 32 lett
4222 3115 43 22 av
4283 3107 97 31 dessa
4396 3107 97 32 levde

3810 3152 72 33 icke
3901 3152 125 32 mindre
4046 3154 41 30 an
4109 3153 44 36 10,
4158 3148 55 46 00o0
4230 3153 109 32 larver
4358 3162 43 22 av
4419 3156 72 34 par-

3809 3199 239 35 lemoriſarilen.
4095 3198 46 33 Ur
4168 3199 136 36 somliga
4331 3201 162 31 smalàdor

3809 3246 160 36 myllrade
4001 3255 42 23 en
4072 3246 138 37 samling
4239 3246 109 31 larver
4378 3247 115 32 mellan

3810 3293 154 32 dortande
3987 3292 104 33 violer
4112 3293 62 32 och
4196 3293 9 31 i
4227 3302 40 22 en
4289 3302 114 28 annan,
4423 3294 71 31 vari

3808 3340 50 32 för
3889 3341 109 36 övrigt
4029 3339 157 38 anbragts
4216 3340 102 36 naͤgra
4350 3340 145 37 duvslag.

3807 3387 97 33 levde
3922 3388 151 31 narmare
4069 3381 48 47 3,
4119 3387 59 36 doo
4194 3385 110 33 larver
4320 3395 44 23 av
4381 3386 115 35 fiarils-

3806 3436 94 29 arten
3923 3432 215 33 “Amiraleni.

3846 3487 63 32 Allt
3931 3495 72 24 som
4025 3486 56 32 allt
4101 3486 85 33 iinns
4209 3486 55 32 det
4286 3486 50 32 fr
4358 3486 136 32 tilliallet

3807 3534 42 36 paͤ
3884 3533 126 32 farmen
4046 3532 150 38 omkring
4231 3533 110 36 40,000
4376 3533 118 37 larver.

3806 3581 118 31 medan
3960 3579 122 33 antalet
4117 3579 58 32 vid
4212 3581 183 35 sasongens
4431 3580 65 32 Slut

3806 3626 72 33 icke
3913 3627 59 33 naͤr
4006 3634 63 29 upp
4103 3625 47 33 till
4175 3626 99 36 7,000.
4317 3625 69 33 Dar
4410 3625 87 33 nnns

3806 3675 86 30 Aven
3921 3674 91 31 stora
4036 3671 112 33 förràd
4176 3680 45 23 av
4248 3671 248 33 Ronserverade

3805 3719 131 37 fiarilar,
3954 3720 41 35 ia,
4015 3718 96 32 deras
4131 3718 89 32 antal
4240 3719 125 36 uppgàr
4385 3718 112 33 tidtals

3806 3766 46 32 till
3878 3760 64 48 100.
3946 3760 92 48 000.
4053 3764 106 33 Deras
4182 3765 68 36 pris
4273 3765 117 32 vaxlar
4413 3765 85 32 etter

3807 3813 225 35 exemplarens
4050 3811 197 36 sallsynthet
4265 3811 62 32 och
4346 3811 150 32 sknhet.

3806 3859 64 32 Det
3894 3859 147 34 varierar
4064 3858 120 33 mellan
4207 3859 20 30 9
4251 3860 58 30 öre
4334 3866 38 28 pr
4396 3857 100 36 styck

3807 3906 62 32 och
3891 3906 40 31 90
3953 3904 48 34 Er.
4025 3913 75 23 men
4123 3903 65 33 RKan
4222 3904 154 32 Stundom
4410 3904 83 37 Stiga

3806 3955 85 29 aͤnnu
3912 3952 110 36 högre.

3845 4007 53 32 Mr
3944 4006 178 33 Nevmans
4158 4006 84 32 farm
4279 4005 216 38 sysselsãtter

3806 4063 60 24 sex
3894 4053 222 37 fiarilsjagare,
4146 4062 72 24 som
4247 4054 103 31 under
4379 4055 116 30 Sason-

3805 4109 64 29 gen
3899 4102 236 35 genomstrõva
4164 4100 75 32 hela
4268 4099 146 37 England
4443 4099 52 33 för

3806 4150 48 30 att
3891 4147 219 37 Romplettera
4147 4146 145 33 iarmens
4320 4146 176 37 samlingar

3806 4194 62 32 och
3889 4194 113 32 hämta
4024 4195 74 35 nytt
4120 4192 148 33 material
4291 4193 44 31 till
4359 4192 136 37 uppiõd-

3807 4240 267 37 ningsanstalten.

3769 4322 108 28 —
3876 4322 71 28 —
3976 4322 85 28 —
3808 4334 687 8 ————————

3807 4413 65 27 ses,
3906 4404 111 32 sàsom
4062 4403 40 32 de
4144 4401 109 37 tyska,
4276 4400 134 34 franska
4433 4401 63 32 och

3807 4451 143 37 spanska
3987 4449 263 37 legitimisternas
4288 4449 209 31 nãrvarande

3807 4497 141 36 haͤllning
3973 4497 100 34 visar,
4099 4494 171 37 ingalunda
4297 4495 126 35 õvergà
4449 4495 47 31 till

3809 4545 60 31 den
3901 4542 146 36 monark,
4078 4550 71 24 som
4180 4541 83 32 intar
4295 4549 41 23 en
4367 4541 130 31 störtad

3807 4591 121 36 legitim
3973 4587 277 35 härscaretamilis
4295 4589 76 30 tron
4417 4587 80 32 eller

3807 4637 139 31 aämbete.
3981 4634 386 37 Legitimitetsprincipen
4384 4635 37 31 ar
4439 4643 59 28 up-

3807 4682 208 38 penbarligen
4053 4690 41 23 en
4132 4688 58 26 sen
4227 4680 190 37 avkomling
4453 4688 45 24 av

3806 4729 180 33 forntidens
4005 4730 52 29 tro
4075 4727 42 37 pa
4135 4727 208 36 hõvdingens
4361 4728 138 36 gudom-

3806 4777 63 36 liga
3892 4775 172 32 härkomst
4087 4774 64 32 och
4175 4773 246 38 õvernaturliga
4445 4783 54 23 Sso-

3806 4822 83 32 ciala
3906 4820 216 38 egenskaper.

3846 4868 64 33 Det
3931 4868 65 32 kan
4016 4867 122 38 fràgas,
4158 4865 164 34 huruvida
4343 4867 73 34 icke
4439 4868 63 32 den

3806 4915 130 37 äritliga
3959 4914 194 33 monarkien
4177 4916 83 31 över
4282 4914 125 37 huvud,
4430 4914 73 32 iràn

3807 4963 40 32 de
3864 4963 113 32 nutida
3992 4961 279 38 vãsteuropeiska
4287 4961 130 33 iolkens
4432 4961 71 32 Rul-

3807 5009 117 32 turella
3961 5009 63 33 och
4063 5008 125 33 sociala
4216 5008 288 37 utvecklingsnivã

3807 5056 187 38 betraltad,
4031 5056 139 33 innebär
4209 5065 42 23 en
4280 5056 65 37 god
4374 5055 128 38 portion

3808 5104 105 37 tydlig
3930 5103 103 34 social
4049 5103 224 37 vidskepelse.
4292 5103 70 32 Den
4381 5101 122 32 sociala

3809 5153 117 34 nyttan
3964 5159 44 24 av
4046 5153 50 30 att
4123 5151 125 33 erhalla
4276 5159 39 22 en
4344 5146 158 34 statschet

3809 5200 78 31 utan
3909 5198 157 38 valkamp
4088 5198 109 34 màste
4220 5199 105 36 vagas
4347 5197 70 30 mot
4439 5194 63 32 den

3810 5246 124 33 sociala
3952 5246 95 33 iaran
4066 5254 44 24 av
4129 5248 48 30 att
4195 5253 119 29 genom
4333 5241 169 38 iortplant-

3811 5295 75 36 ning
3910 5295 88 31 inom
4021 5303 41 22 en
4085 5294 71 31 viss
4178 5292 98 34 famili
4301 5290 61 33 och
4385 5296 118 30 genom

3811 5340 193 38 uppiostran
4029 5341 11 33 i
4065 5339 128 33 hovlutt
4220 5339 122 31 erhàlla
4368 5345 40 23 en
4433 5343 70 24 mo-

3811 5388 82 32 nark
3930 5388 77 32 med
4044 5387 83 32 blott
4164 5385 226 35 medelmàttig
4426 5381 78 33 eller

3811 5436 127 32 mindre
3986 5437 42 30 aän
4066 5431 126 34 normal
4231 5431 187 36 begaͤvning
4454 5429 51 32 för

3813 5483 132 37 sysslan
3964 5482 86 33 samt
4069 5479 76 33 med
4163 5478 165 37 grundligt
4348 5476 157 34 fõraldra-

3814 5532 40 31 de
3877 5530 61 33 och
3960 5526 162 35 forvanda
4144 5524 124 34 sociala
4290 5524 216 36 àskàdnings-

3814 5580 67 30 sãtt
3901 5576 61 33 och
3982 5577 78 30 utan
4081 5574 62 31 den
4164 5572 105 32 breda
4288 5571 63 32 och
4373 5570 133 36 diupgà-

3814 5625 83 32 ende
3935 5620 185 39 personliga
4158 5617 125 33 sociala
4311 5616 196 36 ertarenhet,

3815 5680 71 24 som
3924 5668 104 33 allena
4065 5665 108 33 kunde
4202 5664 97 33 stalla
4326 5662 180 35 monarken

3814 5721 82 29 över
3923 5716 39 31 de
3989 5712 122 34 sociala
4138 5712 169 36 partierna
4332 5711 63 32 och
4420 5709 87 33 klas-

3814 5772 107 27 serna.

3854 5805 44 37 Ar
3925 5808 55 32 det
4004 5806 158 32 misstron
4189 5805 46 33 till
4262 5805 172 37 förmàgan
4460 5803 48 31 att

3814 5859 77 31 utan
3917 5852 354 36 samhãallsruinerande
4298 5853 98 36 Ramp
4421 5850 87 34 vlia

3815 5900 159 37 statscher
4007 5900 80 34 eller
4120 5902 38 31 ar
4183 5901 56 34 det
4262 5900 178 33 Rvarlevor
4464 5904 44 23 av

3813 5948 206 37 vidsbepliga
4049 5947 267 37 fõreställningar
4347 5954 53 24 om
4430 5950 77 24 arv-

3814 5998 193 33 konungens
4031 5995 190 37 personliga
4245 5993 133 35 Rraiter,
4401 5997 72 23 Som
4497 5987 10 31 ĩ

3814 6044 92 30 vissa
3932 6041 114 32 lander
4071 6040 88 33 halla
4185 6042 46 31 liv
4256 6042 9 30 i
4293 6040 61 31 den
4379 6034 128 35 aritliga

3815 6087 193 34 monarkien
4053 6087 87 34 Eller
4168 6090 37 32 ar
4231 6087 55 32 det
4311 6084 82 31 blott
4418 6081 88 34 trõg-

3814 6135 80 31 het?
3946 6134 87 33 Eller
4073 6136 96 32 vissa
4209 6128 299 38 Samhallsklassers

3816 6181 124 33 sociala
3968 6178 323 41 separatintressen?

3855 6227 40 32 Vi
3932 6228 55 32 stà
4021 6228 61 33 har
4108 6229 11 34 i
4144 6228 92 33 varie
4271 6222 53 33 fall
4351 6219 82 32 intör
4461 6219 49 31 ett

3815 6275 176 37 högeligen
4030 6276 180 32 intressant
4249 6269 59 33 och
4346 6257 161 66 praktislet

3817 6322 250 36 betydelseiullt
4102 6320 147 40 problem
4284 6315 49 31 iõr
4370 6312 141 33 sociolo-

3818 6369 95 37 gisea
3944 6364 413 43 specialundersòtningar.
4406 6359 107 38 Laget

3818 6417 72 32 ſde
3909 6417 88 33 olika
4015 6417 157 33 landerna
4191 6415 37 29 àr
4246 6410 8 31 i
4275 6408 100 35 detta,
4393 6407 120 32 liksom

3820 6464 42 36 pa
3888 6464 64 33 alla
3978 6465 102 32 andra
4107 6459 120 36 sociala
4252 6454 62 33 och
4339 6453 175 34 Rulturella

3820 6513 172 37 omràden,
4019 6505 253 44 uppenbarligen
4299 6501 128 38 ganska
4454 6511 60 23 va-

3821 6559 163 34 rierande.

4019 6602 203 31 u-
