4494 6277
22 390 5 15 J.
8 149 25 90 —

48 356 7 7 .

16 1100 9 23 .
14 1013 11 54 —

8 1194 18 58 t4.

11 1681 15 9 .—
8 1386 18 41 —

17 1777 8 17 —
10 1710 16 64 —

10 1803 16 11 .

12 1892 15 15 4

13 1910 12 12 *

11 1997 7 15 F

10 2187 16 8 ę
4 2155 28 19 kαC
9 2034 17 118 eσσ
4 2050 28 21 —-
12 2012 14 18 2

14 2624 10 23 —

7 2648 19 55 α;ι

1 2815 30 93 τꝘrm
8 2741 18 57 ι

7 3443 16 27 2*
7 3246 18 186 ł

9 3876 11 84 .

10 4043 9 39 ——

34 4288 8 15 —

10 4368 11 9 —
0 4231 30 40 —
10 4106 14 30 —

95 189 9 44 ——

87 2442 14 58 ..

85 2504 15 18 —

86 2540 6 7 8

85 2587 4 14 x

83 3470 15 19 .

87 1632 19 76 es
83 1351 22 271 -
79 1457 34 49 nτέe
83 1381 22 77 Q)¶ß.teι
79 1324 34 52 aσ).
79 1276 34 43 hπσ
89 1231 17 42 ee
90 1046 15 145 πσι,
90 1007 14 35 α

126 1112 3 3 i
121 987 16 91 —

89 2420 9 16 .
85 2344 16 1 .
92 2223 11 49 .
79 1776 31 26 —

116 3011 12 98 —
116 2949 9 31 —

111 3183 13 27 u—
111 3126 19 36 —

112 1469 29 16 .—
121 1277 16 89 M

116 1895 16 49 .
105 1780 33 34 —

222 111 19 15 8

271 2419 264 39 Dierkshauſen

386 307 97 31 Eeite
507 307 52 31 34

297 366 127 32 wedder,
447 365 192 33 Kalkulator-
664 365 76 31 Ofto
767 364 120 36 Meyer,
913 363 246 39 Zimmerpolier.
1204 362 61 33 Die
1290 362 192 32 Genannten
1507 369 47 22 er⸗

296 405 117 38 hielten
435 403 71 33 deils
530 402 139 38 fiberne,
691 405 74 30 teils
785 406 154 34 bronzene
961 404 172 31 Medaillen
1156 407 60 28 und
1236 404 156 36 Diplome.
1434 401 120 38 Später

298 443 74 36 fand
391 446 51 29 ein
465 441 195 40 Ehrentrunk
681 445 46 29 bei
750 445 212 37 gemütlichem
982 444 255 38 Zuſammenſein
1259 444 78 36 ſtatt.

358 493 108 35 Auf
517 494 74 31 eine
630 492 195 39 251ährige
866 493 168 37 Tätigteit
1083 493 46 31 im
1171 492 136 37 Dienſte
1347 491 60 31 der
1449 490 109 32 Stadt

301 536 75 29 tann
410 543 48 22 am
494 535 26 29 1.
551 532 89 40 Marz
672 534 51 30 der
758 532 288 35 Brauſebadwärter
1079 534 33 33 J.
1145 533 158 36 Beters
1337 532 33 30 in
1401 530 156 35 Ottenſen,

299 573 246 37 Manfteinſtraße
579 574 54 29 Nr.
668 575 28 33 7,
731 571 211 39 zurücklicken.
1004 573 41 29 Er
1092 577 64 25 war
1202 571 51 31 ſeit
1294 571 51 30 der
1387 570 169 37 Eröffnnng

298 614 52 29 der
391 613 194 34 Badeanſtalt
637 621 38 20 an
728 614 52 28 der
831 611 195 37 Sternſtraße
1076 612 40 34 (7.
1163 610 168 30 November
1375 609 88 34 1899)
1507 609 48 29 bis

297 660 37 28 zu
369 651 51 31 der
454 661 48 20 am
538 652 24 28 1.
595 652 68 32 Juli
699 654 26 26 v.
758 652 34 32 J.
828 650 189 35 erforderlich
1052 650 197 37 gewordenen
1282 648 184 36 Schließung
1502 648 54 29 des

297 691 148 35 aunmehr
492 698 20 22 zu
544 689 254 31 Wannenbädern
828 690 200 35 umgebauten
1059 689 208 32 Branſebades
1297 685 259 38 ununterbrochen

301 725 117 45 daſelbſt
458 699 76 67 tita
606 729 41 30 Er
682 729 128 35 erfreute
845 729 51 34 ſich
931 728 46 29 bei
1017 729 97 32 ſeinen
1148 726 184 38 Gadegäſten
1368 726 189 36 allgemeiner

299 768 188 36 Beliebtheit,
541 772 33 25 es
629 768 76 29 wird
758 776 61 21 nur
873 768 64 29 eine
995 767 93 36 Frage
1140 766 51 30 der
1250 767 67 36 Zeit
1370 766 69 35 ſein,
1500 764 56 37 daß

299 807 108 35 Beters
450 807 76 34 ſeine
566 807 60 34 ihm
641 802 101 51 lieb
760 808 177 35 gewordene
968 805 225 38 Beſchaͤftigung
1225 805 32 30 in
1292 805 65 30 dem
1390 804 61 38 jetzt
1484 804 72 35 noch

298 846 215 35 leerſtehenden
565 845 142 31 Gebäude
770 847 53 28 der
883 846 70 35 nach
1016 845 64 29 dem
1139 844 209 31 Bismarckbuad
1407 843 150 36 verlegten

299 884 169 35 Wäſcherei,
489 886 58 28 das
569 892 36 29 zu
628 883 229 36 Brauſebädern
889 884 190 36 hergerichtet
1110 884 118 29 werden
1260 883 62 36 ſoll,
1349 883 31 29 in
1402 882 53 29 der
1476 882 80 29 alten

300 923 91 36 Weiſe
412 924 108 29 wieder
543 923 177 37 auͤfnehmen
741 923 61 30 und
825 922 168 44 hoffentlich
1015 923 72 36 noch
1102 922 74 31 viele
1191 922 97 36 Jahre
1309 921 147 37 fortſetzen
1471 920 85 30 kann.

527 998 120 66 Aus
689 1002 102 65 den
835 1000 506 76 nacbbargebieten.

1107 1100 176 38 Harburg,
1306 1099 46 31 28.
1375 1101 144 37 Februar.

361 1162 26 19 e.
409 1150 338 36 Bauarbeiterſchutz.
791 1149 67 31 Der
880 1148 353 39 Regierungspräſident
1257 1156 37 29 zu
1317 1147 168 37 Lüneburg
1507 1148 54 35 hat

302 1199 68 21 eine
378 1183 119 48 Polize
502 1189 204 36 iverordnung
730 1189 74 29 beir.
826 1188 47 30 die
894 1187 283 38 Arbeiterfürſorge
1198 1187 56 36 auf
1274 1187 125 30 Bauten
1420 1187 140 35 erlaſſen.

304 1229 45 30 Es
375 1229 116 36 müſſen
519 1229 104 35 fortan
651 1226 328 37 Unterkunftsräume,
1005 1226 122 33 Lborte,
1154 1224 238 39 Vorlehrungen
1418 1233 57 29 zur
1503 1225 57 40 Er—

303 1268 144 29 wärmung
490 1272 60 24 von
573 1265 176 32 Getränken
775 1265 70 76 e
868 1264 178 35 vorhanden
1069 1264 73 37 ſein,
1166 1264 101 37 ſobald
1289 1263 47 30 die
1360 1260 200 41 Geſamtsahl

303 1306 52 30 der
376 1305 141 31 Arbelter
539 1305 57 37 auf
616 1304 85 30 einer
723 1302 153 32 Bauſtelle
902 1302 36 30 10
959 1302 129 38 beträgt.

1163 1360 124 36 Stade,
1307 1361 47 31 28.
1376 1361 144 38 Februar.

360 1413 67 30 seh.
450 1411 87 33 Dem
557 1410 265 39 Zwectkrerband
854 1410 57 36 für
942 1410 54 32 die
1018 1409 179 38 elektriſche
1218 1409 343 39 Ueberlandzentrale

301 1452 46 31 im
369 1451 351 38 Regierunnoͤbezirke
742 1450 112 31 Stade
875 1451 61 35 ſind
958 1452 49 29 bis
1030 1451 59 37 jetzt
1113 1453 34 27 18
1168 1451 94 34 Kreiſe
1283 1450 187 35 beigetreten.
1503 1450 58 30 Die

302 1491 152 29 Siemens
479 1488 197 37 Clettriſchen
701 1486 156 36 Betriebe,
882 1488 47 30 die
962 1460 87 58 ell
1093 1487 33 30 in
1151 1487 410 38 Harburg⸗-Wilhelmsburg

303 1530 48 29 ein
373 1527 171 38 Kraftwerk
565 1527 137 36 errichtet
723 1527 109 36 haben,
852 1527 101 30 bauen
992 1527 98 36 zurzeit
1112 1527 31 29 in
1165 1525 204 37 Blumenthal
1390 1526 50 30 ein
1462 1530 98 26 neues

303 1568 96 33 Berk,
419 1567 51 36 jür
488 1567 58 29 das
565 1567 115 29 bereits
699 1566 126 37 jährlich
846 1566 37 28 60
903 1565 169 37 Millionen
1092 1566 276 36 Kilowattſtunden
1391 1574 41 20 an
1453 1565 107 36 Kraft⸗

303 1608 105 35 vedarf
429 1613 58 23 von
508 1606 53 30 der
583 1605 161 37 Jnduſtrie
769 1605 32 29 in
824 1605 135 36 Ausſicht
982 1604 108 37 ſtehen.
1131 1605 70 29 Von
1224 1604 100 37 dieſen
1348 1603 127 31 Werken
1499 1609 61 24 aus

303 1647 76 30 wird
398 1646 57 30 den
476 1645 196 35 Abnehmern
693 1644 43 30 im
756 1643 300 38 Regierungsbezirk
1076 1644 51 30 der
1147 1644 112 30 Strom
1280 1643 173 37 zugeführt.
1493 1643 68 31 Der

304 1685 130 31 rlusbau
463 1691 59 23 von
552 1683 74 38 zwei
655 1682 209 38 Hauptlinien
894 1688 60 24 von
985 1682 145 37 Harburg
1160 1687 60 25 aus
1252 1683 73 29 über
1357 1682 101 31 Stade
1489 1682 71 34 nach

305 1724 150 37 Freiburg
480 1723 63 30 und
569 1722 167 38 Cuxhaven
762 1722 64 30 und
853 1722 77 30 über
956 1721 223 31 Bremervörde
1207 1722 62 29 und
1295 1721 166 37 Bederkeig
1489 1721 71 33 nach

303 1763 185 36 Stterndorf
512 1761 37 37 iſt
573 1762 44 30 im
643 1760 151 37 Verlaufe
819 1760 53 31 der
897 1761 97 35 erſten
1020 1761 74 36 zwei
1120 1761 101 36 Jahre
1246 1760 192 38 vorgeſehen.
1494 1760 67 30 Der

300 1803 74 36 erite
400 1801 146 37 Entwurf
570 1808 71 30 zum
665 1800 72 31 Bau
760 1800 55 30 des
838 1800 251 37 Leitungsnetzes
1112 1800 75 36 muß
1229 1800 51 30 bis
1302 1807 72 30 zum
1419 1800 26 28 1.
1470 1799 90 36 April

305 1843 74 29 1gis
400 1841 166 37 vorliegen.
607 1840 96 30 Stadt
726 1840 62 29 und
810 1839 94 31 Kreis
925 1839 101 30 Slade
1048 1840 96 35 haben
1168 1839 49 37 ſich
1239 1841 67 28 dem
1328 1839 232 36 Zweckverband

303 1881 49 30 bis
370 1881 62 36 jetzt
450 1880 69 36 noch
539 1879 76 36 nicht
633 1878 229 38 angeſchloſſen,
881 1877 71 31 weil
971 1878 68 30 eine
1059 1878 158 37 Einigung
1237 1878 148 37 bezüglich
1405 1878 54 30 der
1478 1877 83 38 ſchon

305 1920 55 30 mit
385 1920 128 37 eigenen
536 1918 93 37 Licht-
655 1917 62 31 und
741 1916 214 38 Kraftwerken
978 1917 183 38 verſehenen
1188 1917 80 31 Srte
1315 1917 69 43 noch
1410 1916 77 38 nicht
1514 1925 46 21 er—

304 1960 69 36 zielt
397 1959 42 37 iſt.

364 2000 64 31 sehi
457 1997 70 32 Ein
558 1995 203 39 11jähriger
789 1995 230 37 Brandſtifter
1048 1996 101 30 wurde
1177 1995 65 37 hier
1273 2002 56 24 von
1360 1996 50 30 der
1440 1994 121 38 Poligei

304 2039 159 33 ermittelt.
504 2037 67 30 Der
592 2037 117 34 Knabe,
732 2037 51 29 der
805 2035 91 36 Sohn
922 2036 85 29 eines
1033 2035 168 32 Arbeiters,
1222 2036 81 35 hatte
1327 2037 56 29 das
1410 2039 59 26 aus
1495 2036 65 29 dem

307 2078 95 36 Spalt
426 2077 86 30 eines
533 2076 191 37 Schuppens,
748 2076 51 29 der
822 2075 56 37 auf
898 2075 54 30 der
975 2075 102 30 Weide
1101 2074 100 37 hinter
1225 2075 65 30 dem
1316 2074 245 37 Vergnügungs—

306 2116 220 37 etabliſſement
558 2137 139 10 „Tivoli“
714 2113 110 37 ſtand,
852 2112 272 38 heraushängende
1155 2114 67 36 Heu
1253 2113 198 37 angezündet“
1501 2111 62 31 Die

308 2156 161 36 Flammen
487 2154 139 45 drangen
646 2155 31 29 in
695 2153 56 31 das
769 2153 123 37 Jnnere
908 2153 54 30 des
982 2153 112 37 großen
1114 2152 177 37 Schuppens
1308 2153 62 35 ein,
1385 2152 65 29 und
1469 2151 94 36 dieſer

307 2196 131 29 brannte
461 2194 57 30 mit
537 2193 112 35 reichen
669 2192 156 31 Vorrälen
846 2201 40 21 an
907 2193 78 36 Heu,
1005 2191 97 37 Stroh
1123 2193 62 29 und
1204 2191 158 37 Torfſtreu
1385 2189 179 38 vollſtändig

307 2234 113 32 nieder,
448 2233 94 30 wobei
570 2232 72 36 auch
671 2231 100 38 einige
800 2231 312 38 landwirtſchaftliche
1140 2230 178 38 Maſchinen
1345 2230 217 30 verbrannten.

1016 2288 143 38 Wiuſen
1180 2289 111 38 (Luhe),
1313 2291 46 28 28.
1381 2289 145 37 Februar.

368 2341 36 31 G.
434 2340 70 31 Ein
531 2338 216 33 Waldbrand
797 2338 80 38 legte
926 2337 91 31 einen
1066 2338 37 28 60
1133 2337 50 30 bis
1213 2337 37 29 60
1282 2336 133 43 Norgen
1448 2334 117 38 groten

316 2375 171 46 Gährigen
492 2374 137 78 döſzetz
668 2377 62 31 und
751 2377 240 39 Birkenbeſtand
1014 2385 50 22 am
1087 2376 91 37 Wege
1191 2381 67 27 von
1282 2375 186 37 Schierhorn
1491 2373 72 38 nach

573 2426 21 21 n
618 2417 97 38 Aſche.

1096 2474 193 39 Lüneburg,
1311 2477 46 27 28.
1380 2475 145 37 Februar.

367 2537 40 31 G.
432 2536 97 37 Zuei
558 2534 195 38 Gropfeuer
782 2533 136 32 wüteten
947 2533 35 30 in
1010 2532 52 31 der
1091 2531 236 38 Nachbarſchaft.
1376 2531 49 37 Jn
1456 2530 110 36 Roh—

310 2576 102 37 ſtorf
434 2576 157 29 oͤrannten
614 2574 68 30 eine
705 2573 141 37 Scheune
868 2573 54 30 des
946 2572 195 37 Hofbeſitzers
1167 2571 123 32 Saucke,
1316 2571 68 29 eine
1409 2570 157 30 Arbeiter⸗

309 2614 156 38 wohnung
492 2614 83 35 nebſt
602 2613 153 37 Stallung
785 2612 63 30 und
878 2611 69 30 eine
976 2611 274 36 danebenſtehende
1281 2609 139 37 Scheune
1451 2609 115 29 nieder.

309 2656 47 36 Jn
380 2653 242 38 SGarmſtorf
645 2652 46 30 bei
715 2651 207 37 Dahlenburg
946 2650 74 38 ging
1043 2650 56 29 das
1124 2650 102 37 große,
1250 2653 61 25 aus
1336 2649 155 37 Fachwerk,
1516 2648 49 29 be—

308 2692 136 38 ſlehende
471 2692 63 30 und
561 2691 58 30 mit
647 2690 121 37 weicher
797 2689 181 38 Bedachung
1007 2688 159 38 verjehene
1196 2687 180 37 Wohnhaus
1406 2688 54 29 des
1488 2687 76 37 Hof—

308 2732 134 38 beſitzers
494 2738 133 22 Hermann
649 2729 110 37 Meyer
780 2729 33 30 in
836 2728 166 39 Flammen
1025 2728 63 37 auf.
1129 2727 77 38 Vieh
1230 2726 35 40 iſt
1286 2726 77 38 nicht
1384 2727 181 32 verbrannt,

309 2770 57 32 das
394 2769 154 33 Moblliar
575 2768 109 31 konnte
711 2767 146 39 ieilweiſe
885 2767 128 38 gerettet
1042 2766 131 31 werden.

1204 2825 87 35 Kiel,
1313 2826 46 31 28.
1383 2826 143 38 Februar.

362 2893 49 27 ss.
433 2888 66 33 Die
520 2885 402 40 Wohnungsinſpektion
952 2887 54 37 hat
1036 2886 51 36 fich
1118 2886 31 30 in
1170 2885 63 31 Kiel
1255 2886 48 30 als
1325 2885 178 36 unwirkſam
1524 2893 42 22 er⸗

308 2929 121 38 wieſen,
453 2928 69 30 weil
547 2928 64 30 dem
637 2926 151 31 Beamten
834 2924 84 32 keine
963 2923 181 40 Feſetzlichen
1168 2923 178 39 Befugniſſe
1390 2932 56 29 zur
1473 2923 90 31 Seite

307 2968 111 36 itehen,
444 2967 46 31 die
518 2967 53 36 ihn
597 2976 70 29 zum
695 2967 147 30 Betreten
869 2966 52 30 der
948 2964 202 38 Wohnungen
1178 2964 63 30 und
1269 2972 56 29 zur
1353 2963 211 39 Beſichtigung

306 3009 78 29 aller
410 3007 256 36 Räumlichteiten
691 3005 203 37 ermächtigen
917 3006 64 29 und
1008 3004 61 37 ihm
1095 3005 54 29 das
1174 3003 88 36 Recht
1285 3003 196 34 einräumen,
1505 3003 58 37 auf

308 3048 48 30 die
372 3047 201 38 Beſeitigung
587 3045 147 38 etwaiger
752 3045 180 37 Mißſtände
946 3049 46 25 ev.
1009 3045 92 29 unter
1117 3044 203 37 Anwendung
1337 3048 58 25 von
1413 3044 151 36 Zwangs⸗

307 3087 180 38 maßvegeln
512 3085 214 37 hinzuwirken.
770 3084 68 31 Der
844 3080 169 78 Nagihte
1052 3083 71 37 ſieht
1146 3083 51 37 ſich
1221 3083 92 36 daher
1338 3083 143 37 genötigt,
1507 3083 56 30 den

307 3127 113 36 Poflen
440 3126 89 31 eines
548 3124 353 39 Wohnungsinſpeltors
943 3124 29 30 bis
993 3124 57 37 auf
1072 3123 141 31 weiteres
1235 3122 206 38 einzuziehen.
1464 3122 99 31 Seine

308 3164 305 37 Wiedereinſtellung
640 3164 52 38 ſoll
719 3165 56 36 erfi
803 3164 150 36 erfolgen,
977 3167 88 26 wenn
1092 3163 51 30 der
1170 3162 167 38 preußiſche
1364 3162 198 37 Wohnungs⸗

308 3206 225 38 gejetzentwurf
556 3211 224 30 angenommen
803 3204 36 37 iſt
864 3204 62 29 und
948 3211 56 30 zur
1024 3203 241 37 Durchführung
1289 3203 134 37 gelangt.

372 3264 28 20 ss
440 3252 87 32 Vom
556 3251 245 36 Stadttheater.
849 3252 71 30 Das
946 3251 103 31 Kieler
1077 3251 213 36 Stadtthegter
1317 3250 52 37 hat
1397 3249 50 38 ſich
1476 3250 91 30 unter

313 3295 52 27 der
386 3293 128 37 Leitung
538 3292 50 28 des
610 3291 160 30 Direttors
793 3290 120 37 Alving,
935 3292 52 29 der
1010 3294 33 26 es
1065 3294 56 26 von
1145 3292 52 29 der
1216 3290 97 29 Stadt
1337 3288 145 37 gepachtet.
1506 3289 61 36 hat,

313 3330 76 36 nicht
418 3331 136 36 gehoben.
603 3329 167 37 Allgemein
803 3329 75 37 flagt
909 3337 73 21 man
1011 3328 72 30 über
1105 3327 89 31 einen
1223 3327 150 76 Vitz
1409 3327 30 30 in
1470 3327 95 37 künſt⸗

310 3368 136 37 leriſcher
470 3367 187 38 Beziehung,
692 3366 164 37 beſonders
891 3366 82 30 beim
999 3365 187 37 Schauſpiel.
1232 3365 110 31 Dieſer
1368 3365 198 38 Niedergang

314 3416 70 29 mas
412 3408 76 35 wohl
515 3416 69 28 zum
613 3409 90 35 guten
733 3406 87 31 Teile
850 3408 113 36 darauf
992 3406 245 37 zurückzuführen
1268 3406 73 36 ſein,
1372 3405 58 37 daß
1461 3413 104 29 gegen⸗

313 3447 109 36 wartig
444 3446 163 30 bedeutend
631 3444 169 37 nicdrigere.
822 3445 108 43 Gagen
953 3445 52 29 als
1024 3444 104 36 früher
1151 3445 113 37 gezahlt
1287 3445 118 31 werden
1430 3446 61 27 und,
1517 3447 48 27 da⸗

315 3487 48 31 cer
386 3484 169 37 erſttlaſſige
579 3484 104 35 Kräfte
709 3484 49 36 fuͤr
782 3483 45 32 die
851 3484 103 30 Kieler
978 3482 106 37 Bühne
1108 3482 75 36 nicht
1207 3482 82 36 mehr
1312 3490 36 30 zu
1372 3482 95 37 haben
1492 3482 73 36 ſind.

313 3524 56 30 Bei
403 3525 49 29 der
486 3522 240 37 Eratsberatung
757 3522 102 30 wurde
893 3520 122 34 erklärt,
1066 3521 201 37 gegenwärtig
1299 3521 124 30 würden
1460 3521 106 36 Gagen

314 3562 123 37 gezahlt,
458 3562 44 29 die
525 3569 72 21 man
616 3560 75 36 nicht
711 3561 120 29 einmal
852 3559 152 38 öffentlich
1023 3568 120 22 nennen
1167 3560 95 36 dürfe.
1304 3558 90 38 Dieſe
1419 3559 146 36 Zuſtände

315 3601 93 35 baben
435 3600 45 32 die
510 3599 167 37 ſtädtiſchen
705 3599 155 36 Kollegien
889 3598 70 36 auch
987 3598 168 36 veranlaßt,
1183 3599 45 29 die
1257 3602 54 25 von
1341 3598 51 30 der
1450 3597 115 36 Theater⸗

314 3639 142 31 direttion
478 3637 199 37 nachgeſuchite
699 3637 132 36 Beihilfe
854 3642 56 25 von
932 3639 74 28 6000
1028 3637 89 30 Mark
1139 3645 54 29 zur
1216 3636 349 37 Parſifal-Aufführung

311 3677 194 37 abgulehnen.
552 3677 70 30 Das
648 3676 124 38 geſchah.
800 3676 136 36 trotzdem
962 3680 55 26 von
1044 3677 52 28 der
1121 3675 155 30 Sirektion
1297 3675 34 30 in
1357 3674 132 36 Ausſicht
1517 3682 47 30 ge⸗

313 3715 71 37 ſtell:
414 3716 118 29 worden
558 3720 73 28 war,
660 3722 51 29 für
739 3713 75 36 dieie
843 3713 197 38 Aufführung
1070 3713 49 30 ein
1146 3714 177 35 beſonderes
1350 3713 151 37 Berſonal
1528 3721 36 29 zu

1472 300 339 39 General⸗Anzeiger
1837 301 57 35 jür
1920 300 323 39 Hamburg⸗Altona
2270 303 76 27 vom
2374 299 178 37 Sonntag,
2576 299 61 30 den
2660 297 37 31 2.
2720 296 106 36 März
2849 297 104 32 1914

1606 360 194 37 ergagieren.
1842 360 60 30 Die
1924 359 155 45 Kollegien
2102 365 104 24 waren
2228 361 53 29 der
2302 357 124 37 Anſicht,
2449 357 58 36 daß
2529 356 39 37 ſie
2590 357 66 31 eine
2679 355 188 30 Mitverant⸗

1607 403 140 33 wortuͤnz
1774 400 49 36 für
1852 400 47 30 die
1928 399 199 36 Auffuͤhrung
2156 399 90 29 unter
2276 398 58 29 den
2364 395 209 32 obwaltenden
2603 394 45 30 Um
2648 389 137 51 ſtänden
2814 393 52 30 ab⸗

1609 437 106 36 lebnen
1740 437 137 37 mübten.

1658 487 39 19 3s.
1718 475 67 32 Die
1803 476 211 36 Holtenauer
2033 473 121 38 Bahn,
2176 474 56 30 mit
2253 474 91 30 deren
2364 472 153 38 baldigem
2539 471 132 30 Ldlusbau
2688 478 77 22 man
2786 474 86 39 nun⸗

1608 515 83 37 mehr
1710 515 77 36 wohl
1807 514 127 35 rechnen
1951 515 80 36 dari,
2048 515 55 36 foll
2123 514 71 32 nach
2211 514 57 29 den
2290 512 228 37 Mitteilungen
2535 511 54 42 des
2610 510 186 36 Masiſtrats
2810 508 55 44 bis

1607 555 55 36 auf
1682 554 144 31 weileres
1850 562 59 21 nur
1933 554 68 30 dem
2023 551 225 37 Sutewevlehr
2268 552 156 35 dienitbar
2445 552 132 37 gemacht
2601 550 130 29 werden.
2762 546 103 46 Diefe

1607 592 220 38 Entſcheidung
1845 595 52 28 der
1916 591 327 38 Eiſenbahndirektion
2263 593 100 34 errest
2384 590 34 30 in
2433 590 59 30 den
2511 588 126 38 Kreijen
2657 588 53 43 der
2726 587 138 44 Bürger⸗

1607 633 89 35 fchaft
1720 632 175 36 berechtigte
1920 631 252 37 Mißſtinimung.
2215 629 181 37 Seinerzeit
2419 629 51 36 hat
2495 637 75 21 man
2595 625 198 37 ausdrücklich
2816 624 49 31 die

1606 671 199 37 Beteiligung
1825 671 52 29 der
1894 670 99 31 Stadi
2014 679 40 21 an
2074 669 114 37 dieſem
2204 669 157 35 Bahnbau
2380 667 91 36 durch
2489 666 139 38 Hergabe
2646 670 59 25 von
2725 664 140 31 Gelände

1607 711 62 29 und
1688 709 204 30 Geldnütteln
1910 717 63 22 nur
1990 710 94 29 unter
2101 710 53 28 der
2172 708 187 37 Bedingung
2374 706 149 38 gebilligt,
2542 706 60 39 daß
2616 705 48 43 die
2682 703 92 44 Bahn
2794 702 71 46 auch

1606 758 56 29 zur
1695 748 197 37 Beförderung
1943 753 60 24 von
2038 748 158 35 Perſonen,
2232 747 180 36 ausgenutt
2446 745 108 30 werde,
2606 742 259 44 Weöglicherweiſe

1607 788 76 30 wird
1713 793 33 25 es
1772 793 104 31 wegen
1878 754 77 74 der
1982 786 278 36 unverſiändlichen
2289 785 142 37 Haltung
2458 784 52 30 der
2538 781 327 39 Eiſenbahndirektion

1608 827 32 30 in
1658 828 56 29 den
1731 826 173 36 ſtädtifchen
1920 825 158 37 Kollegien
2097 826 69 36 noch
2183 833 35 29 zu
2239 826 141 35 erregten
2396 823 157 31 Debatten
2571 822 145 30 kommen.

1664 876 41 20 s6.
1728 865 73 32 Der
1823 865 189 35 Eichſtrich.
2053 866 58 31 Die
2141 874 96 21 neuen
2260 865 241 36 Beſtimmungen
2534 862 72 31 über,
2638 862 56 29 das
2721 861 145 42 Schaum—

1605 904 73 36 maß
1699 904 53 29 des
1770 903 113 30 Bieres
1902 909 105 23 waren
2029 902 196 38 Gegeuitand
2245 901 204 37 eingehender
2468 899 263 37 Verhandlungen
2753 899 114 36 ſeitens

1606 943 51 30 der
1688 943 84 34 Zone
1803 941 326 38 Schleswig-Holſtein
2161 942 52 28 des
2245 940 155 34 dentſchen
2432 937 341 38 Gaſtwirteverbandes
2805 938 62 29 und

1606 983 52 29 der
1687 980 364 38 Brauereibereinigung
2081 980 53 37 für
2164 978 358 37 Nordweitdeutſchland.
2573 978 47 36 Jn
2651 976 216 37 Wirtekreiſen

1607 1021 163 36 befürchtet
1794 1029 73 21 man
1893 1027 59 22 von
1975 1020 57 29 den
2058 1027 100 22 neuen
2182 1018 255 38 Beſtimmungen
2463 1017 68 30 eine
2555 1016 208 37 Schädigung,
2796 1015 72 31 weil

1607 1061 52 29 der
1683 1059 152 36 Eichſtrich
1859 1058 32 30 in
1915 1059 56 29 den
1995 1066 102 21 neuen
2120 1057 163 36 Gemäben!1
2349 1056 192 38 Zentimeter
2564 1055 91 37 höher
2678 1055 51 29 als
2762 1053 105 37 bisher

1607 1100 44 35 iſt.
1704 1098 80 30 Man
1815 1098 128 36 wünſcht
1976 1098 103 34 daber,
2110 1097 59 36 daß
2200 1096 47 30 die
2279 1095 196 31 Brauereien
2507 1095 58 30 den
2596 1094 120 31 Wirten,
2750 1094 32 29 in
2814 1094 53 30 der

1606 1137 254 39 Bierpreisfrage
1880 1140 97 26 etwas
1998 1135 288 38 entgegenkommen
2307 1135 63 30 und
2391 1134 89 30 einen
2502 1134 72 29 Teil
2591 1133 53 31 der
2663 1133 204 37 befürchteten

1607 1177 153 38 Nachteile
1786 1177 54 35 auf
1867 1176 48 36 ſich
1941 1175 141 36 nehmen.

2153 1291 176 76 Spon.

2117 1390 242 34 Waſieriport.

1670 1437 106 31 »Der
1801 1436 151 35 Vorſtand
1975 1436 54 30 des
2053 1435 197 34 Hamturger
2274 1432 251 36 Segel⸗Bereins
2548 1432 54 36 für
2628 1432 75 28 1013
2726 1431 64 37 ſetzt
2817 1430 50 38 iich

1607 1476 58 30 wie
1684 1476 77 36 folgt
1779 1476 193 37 zuſanimen:
1995 1474 251 37 Regierungsrat
2265 1473 60 30 Dr.
2345 1472 48 30 Vt.
2413 1472 122 36 Förfter
2554 1470 213 37 Vorſitzender.
2788 1471 79 30 Rud.

1608 1516 47 30 W.
1678 1515 94 36 Hoim
1797 1513 275 37 itellvertretender
2096 1511 206 37 Vorſitzender
2326 1511 63 30 und
2414 1510 226 36 Takelmeiſter⸗
2666 1509 57 37 Ph.
2749 1509 119 38 Kiſüng

1608 1553 237 37 Schriftführer,
1871 1553 46 29 W.
1942 1552 136 30 Grabow
2104 1551 159 36 itellvertr.
2287 1549 229 37 Schriftführer
2540 1549 63 30 und
2628 1549 150 31 Obmann
2814 1548 54 31 des

1608 1591 399 38 Aufnahme-dusſchuſſes,
2046 1590 39 30 S.
2117 1591 134 28 Kramer
2281 1588 304 37 Rechnungsführer,
2614 1588 59 30 Dr.
2704 1588 35 30 C.
2771 1587 96 38 Enoch

1609 1633 157 36 ſtelivertr.
1798 1630 227 36 Takelmeiſter,
2075 1630 47 29 W.
2153 1628 171 37 Langhans
2375 1628 158 36 ſtellvertr.
2566 1627 302 38 Kechnungsführer,

1609 1672 34 29 C.
1666 1670 123 37 Peitzſch
1812 1670 151 30 Obmann
1985 1670 54 29 des
2063 1667 298 38 Segelausſchuſſes,
2384 1667 35 30 A.
2443 1667 88 35 Holle
2554 1666 150 30 Obmann
2727 1666 55 30 des
2805 1665 62 31 Ge⸗

1608 1708 386 39 felligkeits-Ausſchuſſes.
2043 1718 52 10 —
2120 1707 68 30 Der
2217 1707 199 36 Hamburger
2445 1703 230 40 Segel-Verein
2715 1704 78 31 wird
2833 1705 35 30 in

1608 1749 111 37 dieſein
1747 1750 100 35 Jahre
1875 1747 224 36 veranſtalten:
2149 1747 18 28 2
2195 1747 103 34 offene
2327 1745 208 37 Wettfahrten
2575 1745 56 36 auf.
2668 1744 52 31 der
2758 1744 110 37 Alſter.

1608 1790 18 27 2
1649 1788 123 30 interneé
1796 1787 207 36 Wettfahrten
2027 1786 56 35 auf
2106 1785 52 30 der
2183 1785 85 32 Ekbe,
2292 1785 108 35 Alſter,
2434 1786 14 26 1
2474 1784 123 30 interne
2621 1783 166 37 Wettfahrt
2812 1783 55 38 auf

1607 1827 54 31 der
1687 1827 83 30 Elbe.

2103 1881 262 37 Wanderſport.

1715 1932 279 35 Wehrtraftverein
2022 1931 111 35 „Jung
2162 1930 193 35 Hamburg“.
2400 1929 202 38 Treffpunkte
2629 1929 53 37 für
2709 1929 159 37 Sonntag,

1609 1974 28 28 2.
1658 1971 104 38 März.
1802 1971 168 36 Abteilung
1993 1974 28 27 15
2044 1971 18 27 8
2082 1970 62 35 Uhr
2166 1968 227 31 Eimsbütteler
2415 1967 195 37 Marktplatz;
2643 1968 168 37 Abteilung
2834 1970 32 29 11

1611 2012 62 29 und
1698 2013 66 28 11f:
1785 2012 19 26 3
1823 2011 62 34 Uhr
1904 2009 163 36 Ohlsdorf,
2086 2008 182 36 Endftation
2288 2008 53 30 der
2360 2007 243 36 Straßenbahn;
2626 2006 167 39 Abteilung
2808 2008 60 29 JV:

1611 2050 53 31 25
1691 2049 63 36 Uhr
1778 2049 192 35 Dornbuſch;
2006 2048 170 36 Abteilung
2201 2049 44 28 V:
2271 2048 18 27 2
2313 2046 63 36 Uhr
2399 2046 201 37 Bahrenfeld,
2623 2046 152 37 Kaſerne;
2812 2046 59 29 Ab—

1614 2089 120 36 teilung
1761 2090 81 28 VJI:
1870 2088 53 30 824
1952 2087 64 36 Uhr
2041 2086 168 37 Ohlsdorf;
2246 2085 170 38 Abteilung
2440 2087 103 29 VJJJ:
2572 2085 51 31 256
2634 2085 42 29 —
2712 2084 63 37 Uhr
2802 2084 69 32 Lok⸗

1613 2129 81 35 ſtedt,
1719 2126 264 37 Wilhelmſtraße;
2018 2126 169 36 Abteilung
2212 2127 65 29 JX:
2305 2125 17 28 8
2346 2124 64 37 Uhr
2433 2124 224 38 Zentralbahn,
2680 2123 181 38 Borgfelde;

1612 2167 53 23 238
1693 2167 63 36 Uhr
1779 2165 148 32 Berliner
1951 2166 74 32 Tor,
2049 2163 155 38 Bahnhof.

2129 2221 223 38 Voſſelſport.

1674 2283 112 30 Das
1809 2282 109 34 Preis-
1942 2282 63 29 und
2029 2281 199 35 Feldboßein,
2251 2280 58 30 das
2332 2279 54 31 der
2411 2279 151 31 Altonger
2585 2278 207 37 Boßelverein
2817 2278 56 37 auf

1612 2322 68 30 dem
1707 2322 142 36 Luruper
1877 2320 74 37 Feld
1980 2320 227 37 veranſtaltete,
2234 2319 96 36 nahm
2358 2319 46 30 bei
2433 2320 90 36 guter
2550 2317 201 38 Veteiligung
2781 2317 91 30 einen

1613 2361 123 38 ſchönen
1760 2360 143 36 Verlauf.
1944 2359 57 30 Bei
2025 2360 53 29 der
2100 2358 186 38 Verteilung
2308 2358 54 30 der
2384 2357 108 38 Preiſe
2517 2356 108 37 erhielt,
2647 2357 81 37 Hexr
2751 2356 122 38 Schuls,

1615 2402 52 29 der
1699 2401 34 29 in
1766 2400 64 30 drei
1864 2399 92 36 Wurf
1987 2399 58 28 203
2078 2398 106 30 Meter
2217 2397 151 35 erreichte,
2401 2398 57 28 den
2492 2397 97 36 eriten
2624 2395 95 37 Preis
2753 2395 34 31 in
2821 2395 52 30 der

1615 2443 26 27 1.
1667 2439 95 46 Riege
1792 2439 127 36 (15
1849 2430 25 49 -
1873 2439 46 36 25
1946 2438 126 36 Jahre),
2099 2437 81 36 Herr
2207 2436 133 35 Nehlſen
2366 2435 58 31 mit
2452 2436 54 29 184
2536 2435 126 30 Metern
2690 2435 58 30 den
2775 2434 97 35 erſften

1613 2478 96 36 Preis
1736 2487 33 21 in
1797 2478 52 29 der
1875 2477 28 29 2.
1930 2477 96 37 Riege
2056 2476 128 36 (25—-85
2212 2475 126 37 Jahre),
2383 2475 82 37 Herr
2492 2474 47 31 Cl.
2568 2474 79 37 Voſs
2690 2474 59 31 den
2775 2475 97 35 erſten

1612 2518 96 36 Preis
1726 2517 58 30 mit
1804 2517 90 33 1545
1915 2516 103 30 Meter
2036 2515 34 31 in
2089 2515 53 32 der
2160 2516 28 29 3.
2207 2515 96 37 Riege
2323 2509 49 49 (365
2408 2514 42 30 5
2469 2514 126 38 Jahre),
2611 2514 81 37 Herr
2710 2513 35 38 F.
2764 2514 109 37 Kraatz

1614 2558 57 29 den
1694 2557 97 35 erſten
1813 2555 96 37 Preis
1930 2555 57 30 mit
2011 2555 90 31 1285
2127 2554 127 30 Metern
2279 2554 32 29 in
2335 2553 53 31 der
2409 2554 27 29 4.
2459 2552 96 39 Riege
2580 2552 87 36 lützer
2688 2553 38 29 405
2748 2552 126 38 Jahre?,

1613 2596 64 31 und
1706 2596 34 30 in
1769 2597 52 29 der
1849 2597 26 27 5.
1906 2595 96 36 Riege
2035 2593 179 37 Schunker)
2246 2592 109 37 erhielt
2385 2592 82 37 Herr
2495 2593 36 37 J.
2561 2592 137 36 Mehlert
2729 2591 57 31 mit
2818 2592 55 29 190

1614 2636 128 30 Metern
1763 2635 57 30 den
1842 2634 97 37 erſten
1962 2633 106 36 Preis.
2108 2632 62 32 Die
2192 2632 108 37 Preiſe
2322 2631 162 38 beſtanden
2505 2631 35 30 in
2562 2631 224 38 Silberfachen.

2160 2688 159 38 Fuñball.

1673 2741 157 31 Unitas
1854 2741 37 35 I.
1914 2740 38 35 S.
1976 2740 32 31 L.
2031 2740 26 30 d
2092 2740 28 29 I.
2142 2739 75 30 1:4
2245 2739 110 34 0:0.
2399 2738 66 31 Mit
2488 2738 113 31 Sonne
2623 2737 66 31 und
2713 2736 93 32 Wind
2829 2736 43 30 im

1613 2780 115 31 Rücken
1754 2781 35 36 iſt
1814 2780 51 30 der
1890 2780 38 37 G.
1952 2780 34 30 L.
2012 2779 36 30 T.
2074 2778 116 31 Unitas
2216 2784 54 25 vor
2294 2777 145 38 Halbzeit
2464 2777 70 31 weit
2561 2775 312 39 überlegen.
2750 2771 34 50 —
2788 2775 84 39 Nach

1614 2821 144 38 Halbzeit
1787 2821 79 30 wird
1895 2822 55 28 das
1980 2820 91 37 Spiel
2101 2820 130 36 offener.
2283 2818 61 31 Ein
2376 2817 215 37 Elfmeterball
2619 2816 158 37 verichafft
2807 2817 66 29 dem

1614 2863 36 35 S.
1674 2861 32 30 L.
1729 2860 37 30 T.
1792 2860 46 30 die
1863 2859 163 38 Führung,
2049 2859 63 30 und
2135 2859 71 30 bald
2230 2858 114 39 darauf
2368 2857 80 31 kann
2471 2857 52 30 der
2549 2856 243 37 Mittelſtürmer
2816 2856 56 30 das

1614 2901 106 37 zweite
1739 2900 65 31 Tor
1827 2900 142 37 ergielen.
2011 2899 145 37 Derſelbe
2179 2898 154 31 Stürmer
2355 2897 79 31 kann
2457 2896 50 31 bis
2529 2896 118 39 Schluß
2669 2896 46 31 die
2738 2895 134 38 Torzahl

1612 2942 58 37 auf
1694 2941 67 30 vier
1784 2940 140 37 erhöhen,
1947 2939 146 36 während
2119 2938 116 31 Unitas
2260 2937 70 39 kurz
2353 2942 54 26 vor
2431 2936 123 40 Abpfiff
2578 2937 88 38 durch
2689 2936 92 31 einen
2806 2936 66 38 Elf⸗

1615 2983 95 28 meter
1733 2981 56 30 das
1811 2980 152 36 Ehrentor
1985 2980 94 33 bucht.

1673 3019 138 37 Geſpielt
1838 3020 104 30 wurde
1967 3019 59 30 das
2052 3017 91 32 Stück
2168 3018 94 30 unter
2288 3017 168 37 Homanns
2484 3016 96 38 Regie
2606 3015 66 38 ſehr
2699 3015 87 38 friſch
2811 3015 64 31 und

1618 3059 294 36 temperamentvoll.
1947 3056 153 36 Fräulein
2118 3057 138 31 Vallière
2271 3056 115 31 bewies
2403 3057 51 29 als
2470 3055 177 37 Primeroje
2664 3054 66 30 eine
2743 3054 130 30 liebens⸗

1614 3097 138 37 würdige
1776 3097 63 30 und
1863 3096 103 46 ſichere
1989 3095 309 38 Spielgewandtheit.
2341 3095 76 37 Daß
2441 3095 39 37 ſie
2503 3094 76 31 über
2602 3094 48 31 die
2674 3093 201 37 tragiſcheren

1615 3136 130 38 Akzenle
1767 3136 29 37 ſo
1818 3136 74 37 eilig
1915 3135 119 38 hinwes
2056 3135 85 37 ging,
2163 3135 75 30 wird
2261 3142 74 23 man
2358 3134 48 37 ihr
2428 3134 33 30 in
2482 3133 112 37 dieſem
2615 3133 69 38 Fall
2705 3133 76 36 nicht
2803 3141 72 30 zum

1614 3176 151 36 Vorwurf
1781 3175 130 36 machen.
1946 3175 81 37 Jhre
2045 3175 58 30 Art
2119 3174 36 36 iſt
2171 3174 59 30 voll
2247 3174 135 36 Charme
2398 3174 63 30 und
2478 3173 64 37 gibt
2558 3173 68 30 eine
2642 3173 87 34 Note,
2742 3173 49 30 die
2807 3173 68 30 dem

1616 3216 162 37 Enſemble
1802 3223 71 27 zum
1896 3214 121 31 Vorteil
2040 3214 44 35 iſt.
2128 3213 123 37 Farecht
2275 3213 104 38 ſpielte
2402 3214 56 29 den
2482 3213 112 37 Pierre
2616 3213 35 30 de
2674 3212 120 36 Lancry
2818 3212 57 31 mit

1614 3254 158 71 —
1799 3254 182 30 Diskretion
2011 3254 63 30 und
2103 3254 138 35 verſtand
2270 3253 47 30 die
2347 3253 119 36 Geſtalt
2495 3252 168 30 blutwarm
2692 3260 39 29 zu
2760 3251 114 36 halten.

1633 3295 118 29 toberts
1774 3294 113 29 bewies
1912 3293 32 30 in
1967 3294 52 29 der
2043 3292 99 38 Figur
2165 3292 87 30 eines
2275 3293 86 29 alten
2384 3291 174 32 Kardinals
2583 3291 79 38 ſeine
2684 3291 191 39 glänzenden

1614 3333 198 37 Fähigkeiten
1863 3332 43 31 im
1939 3332 148 37 Schaffen
2139 3331 287 38 ſcharfprofilierter
2457 3331 149 38 Figuren.
2656 3331 61 30 Die
2749 3331 125 31 Damen

1615 3373 134 36 Gröger,
1773 3372 79 30 Lobe
1878 3371 62 31 und
1966 3372 142 30 Torrens
2136 3371 62 30 und
2223 3371 47 30 die
2295 3371 121 37 Herren
2445 3371 140 34 Werner,
2610 3371 122 34 Kobler,
2758 3371 117 35 Keune,

1610 3412 99 33 Grill,
1734 3411 199 37 Hallenitein,
1957 3410 168 36 Gotthardt
2152 3411 61 30 und
2239 3411 141 31 Gartner
2405 3410 98 36 haben
2529 3410 66 36 ihre
2620 3410 174 35 Verdienſte
2821 3419 53 22 um

1613 3452 47 30 die
1682 3450 204 38 Vorſtellung.
1926 3450 65 30 Der
2012 3450 109 38 Erfolg
2141 3455 66 26 war
2225 3466 38 5 —
2282 3451 77 36 ohne
2380 3450 255 37 Enthuſiasmus,
2656 3450 72 31 aber
2748 3450 126 31 immer⸗

1613 3490 54 38 hin
1694 3489 174 39 freundlich.
2720 3490 40 30 A.
2781 3490 36 31 ſ.

2166 3547 151 31 Turnen.

1674 3594 97 32 Die
1789 3596 150 29 Altonaer
1956 3593 217 36 Turnerſchaft
2191 3599 58 24 von
2268 3594 78 30 1880
2364 3594 213 35 veranſtaltete
2598 3594 30 30 in
2649 3593 82 37 ihrer
2746 3594 128 39 eigenen

1615 3634 184 37 Turnhalle,
1828 3633 201 37 Jahnſtraße,
2058 3633 74 37 zwei
2163 3633 220 32 Schauturnen
2417 3633 81 36 ihrer
2527 3633 346 38 Mädchenabteilungen

1616 3675 92 29 unter
1730 3673 134 37 Leitung
1887 3673 50 30 der
1959 3672 229 35 Turnlehrerin
2213 3671 152 38 Fräulein
2389 3672 153 37 Mathilde
2566 3672 97 37 Horn.
2705 3673 79 37 Nach
2805 3673 67 31 dem

1616 3712 177 37 Einmarſch
1818 3712 52 31 der
1898 3711 312 38 Mädchenabteilung
2236 3713 32 29 11
2299 3711 100 37 (Alter
2425 3712 95 28 5„12
2548 3711 124 37 Jahre),
2696 3712 102 30 einem
2826 3721 47 30 ge⸗

3953 273 81 60 Nr.
4039 273 70 60 82

2926 354 191 37 meinſamen
3136 354 73 31 Lied
3229 355 65 30 und
3312 354 158 37 poetiſcher
3489 353 193 38 Begrübung
3699 354 53 29 der
3772 352 93 34 Gäſte
3885 350 87 35 durch
3993 352 67 28 eine
4081 350 107 31 Turn⸗

2927 394 145 36 ſchülerin
3098 395 115 36 folgien
3241 394 178 36 allgemeine“
3447 393 229 37 Freiubungen,
3700 387 215 34 Gerätturnen
3941 391 32 29 in
4000 390 34 28 13
4060 389 128 37 Riegen,

2927 433 203 37 Mirſterriee
3163 442 50 21 um
3245 433 121 35 Kaſten,
3393 432 296 36 Keülenſchwingen,
3742 430 192 36 Reigenſpiel
3967 436 55 23 von
4055 429 36 28 90
4124 429 63 31 und

2925 471 196 38 Tangreigen
3149 478 56 24 von
3233 472 35 28 44
3295 471 153 35 Mädchen.
3493 471 77 34 Nach
3595 470 86 31 einer
3708 468 165 37 Anſprache
3901 469 52 29 des
3979 467 208 42 Vorſitzenden

2926 511 63 31 und
3015 511 65 30 dem
3106 510 182 37 Schlußlied
3313 512 127 36 erfolgte
3466 510 51 30 der
3544 509 162 36 Abmarſch
3731 510 50 30 der
3809 508 115 29 kleinen
3953 507 223 30 Turnerinnen,

2924 549 79 37 Nach
3021 549 105 37 kurzer
3143 550 103 35 Vauſe
3264 550 119 35 begann
3404 549 56 29 das
3477 549 128 29 Turnen
3625 549 52 28 der
3696 547 167 35 Abteilung
3879 545 121 34 Jlüber
4020 546 32 27 1u
4071 544 84 37 ——

2926 590 57 30 nrit
3009 589 102 30 einem
3141 590 226 37 gemeinjalnen
3394 588 71 30 Lied
3494 589 60 29 und
3582 587 194 37 Begrüßung
3806 588 50 27 der
3885 585 91 32 Gäſte
4004 583 88 37 durch
4118 584 69 30 eine

2926 628 249 37 Turnĩchülerin.
3223 628 262 36 Schrittübungen
3514 627 39 29 im
3582 627 144 36 Unizuge,
3754 624 272 38 Hantelübungen,
4051 624 135 30 Keulen-

2926 667 164 37 ſchwingen
3138 667 169 36 wechſelien
3336 668 31 28 in
3396 668 110 28 bunter
3534 665 94 36 Reihe
3676 665 55 30 mit
3762 665 97 29 einem
3889 663 215 30 Gerätturnen,
4151 663 35 29 in

2926 707 96 37 fieben
3054 706 128 38 Riegen,
3211 707 149 30 darunter
3392 706 65 30 eine
3489 705 202 36 Muſterriege
3722 713 48 20 am
3804 703 93 36 hohen
3931 701 105 36 Pferd,
4068 700 118 39 Reigen

2925 751 58 25 von
3006 746 36 29 64
3067 746 61 30 und
3152 746 123 30 Diroler
3298 745 203 36 Bauerntanz
3525 751 56 22 von
3605 744 38 28 86
3667 742 154 35 Mädchen.
3865 741 78 36 Auch
3966 741 75 35 dieſe
4065 740 120 30 Veran—

2925 786 137 37 ſtaltung
3078 785 74 36 ſchloß
3198 785 54 30 mit
3274 785 83 30 einer
3377 785 79 29 Rede
3477 787 52 27 Ns
3550 782 215 38 Vorſitzenden,
3786 783 51 30 der
3857 790 52 21 um
3933 781 120 29 weitere
4075 779 111 32 Unter⸗

2926 823 132 39 ſtützung
3080 825 52 29 der
3155 822 172 38 Turnſache
3352 823 59 30 bat.

3203 904 255 75 Vortrage
3500 906 108 64 und
3651 902 238 68 bereint.

2978 994 211 28 Meinerturie
3208 996 45 22 der
3272 993 232 25 Gewerbetammer
3526 995 25 22 in
3573 996 42 21 der
3637 992 55 28 Zeit
3713 996 55 20 vom
3789 993 24 22 2.
3835 992 44 23 bis
3899 992 24 23 8.
3945 992 86 26 Mars.
4071 990 113 28 Bvat⸗

2925 1028 108 29 tiſche
3054 1028 284 27 Meiſterkurſe.
3376 1029 133 27 Sonntag:
3533 1028 229 24 Wanddetoration
3783 1026 29 24 in
3832 1026 132 27 ſtofflicher
3986 1026 124 24 Struttur
4132 1025 52 24 und

2925 1064 231 25 Wanddetoration
3182 1064 26 23 in
3231 1064 244 27 Kauimongtechnit:
3500 1062 141 27 Dienstag:
3666 1061 192 25 Elettrotechnit
3883 1061 26 23 in
3936 1061 132 26 Sabriten,
4094 1060 89 25 Unter-

2926 1099 106 28 ſuchung
3055 1100 43 22 der
3120 1099 87 27 Stoffe
3230 1098 51 23 und
3304 1097 215 28 Giſenbetondau,
3541 1097 58 24 Abt.
3623 1098 31 24 B:
3678 1096 141 26 Mittwoch:
3843 1094 166 25 Kaltulation
4030 1095 44 27 fur
4095 1094 90 25 Maler

2925 1133 53 25 und
3003 1133 154 27 heimatliche
3183 1132 153 27 Bauweiſen
3364 1132 25 24 in
3415 1131 149 28 vergedorf:
3591 1131 182 27 Donnerstag:
3802 1130 189 27 Unterſuchung
4018 1132 43 21 der
4087 1130 97 27 Stoffſe.

2925 1166 264 28 Theoretifche
3212 1166 271 27 Meiſtertkurſe
3508 1165 204 28 (Buchfübrung,
3737 1164 219 27 Geſetzeslunde):
3981 1164 124 27 Montag:
4130 1164 55 28 Füũr

2926 1202 230 33 Eleltroteconiter,
3183 1201 98 27 Muler,
3307 1201 136 27 Klempner
3470 1201 72 27 ſowie
3567 1200 142 27 Zuweliere
3736 1202 50 22 und
3813 1200 145 25 Graveure:
3986 1199 130 27 Tienstag
4142 1199 42 27 füx

2926 1237 172 27 Buchdrucker,
3121 1236 148 28 Jimmerer,
3290 1235 235 29 Putzmacherinnen
3546 1239 51 20 und
3618 1235 227 26 Schneiderinnen:
3868 1234 130 27 Mittwoch
4021 1234 39 27 für
4081 1234 104 26 Schnei⸗

2927 1271 126 25 derinnen
3084 1273 52 22 und
3169 1271 269 27 Wäſchenäberinnen;:
3473 1270 165 28 Donnerstag
3672 1269 41 27 für
3747 1269 230 26 Elettotechniter,
4009 1269 90 24 Maler
4132 1269 53 24 und

2926 1305 148 28 lempner:
3096 1305 106 28 Freitag
3221 1305 42 27 für
3281 1305 151 27 Zimmerer,
3451 1304 236 29 Vutzmacherinnen
3708 1304 74 25 ſowie
3802 1301 143 29 Jmwettere
3964 1304 52 23 und
4036 1302 148 29 Graveure:

2926 1340 161 25 Sonnabend
3109 1339 41 28 für
3170 1339 219 28 Schneiderinnen
3413 1339 52 24 und
3488 1339 268 26 Wälchenaäherinnen.

2976 1373 179 29 Hebbelfeiern
3180 1374 48 24 des
3253 1374 160 27 Hamburger
3439 1372 404 29 Jugendſchriften⸗Ausſchuſſes.
3888 1374 50 22 Aut
3964 1372 123 29 Gonntag
4114 1373 70 27 nach⸗

2925 1409 94 28 mittag
3047 1410 15 22 5
3093 1409 51 27 Ubhr
3173 1408 165 27 veranſftaltet
3368 1410 42 22 der
3437 1409 162 27 Hamburger
3629 1407 346 28 Jugendſchriftenausſchus
4004 1407 179 27 Hebbelfetern

2926 1443 27 25 in
2979 1443 131 25 Barmbeck
3140 1443 83 26 (Aula
3250 1444 42 23 der
3318 1443 143 27 Realſchule
3487 1442 231 27 Ofterbeckftiraße),
3746 1442 146 26 Uhlenhorit
3923 1441 84 24 (Aula
4032 1443 44 22 der
4103 1442 80 24 Ober-

2926 1478 143 29 realſchuie,
3090 1477 55 24 Ecke
3163 1478 134 27 Heideweg
3317 1478 51 24 und
3389 1477 217 27 Lverhoffftrabe)
3630 1478 54 22 und
3704 1477 43 24 St.
3768 1476 78 27 Pauli
3872 1476 83 27 (uula
3976 1477 42 23 der
4039 1476 145 27 Realſchule

2927 1512 195 28 Seilerſtrate).
3165 1511 65 25 Eine
3254 1513 70 26 lute
3348 1511 162 28 Einführung
3534 1511 62 25 wird
3619 1511 49 24 den
3691 1511 101 27 Hörern
3814 1512 50 23 das
3887 1510 88 27 Weſen
3997 1511 51 24 und
4072 1511 40 24 die
4135 1510 48 25 Be⸗

2927 1547 113 28 deutung
3061 1546 112 28 Hebbels
3195 1545 209 28 nahezuvringen
3427 1546 136 26 verſuchen.
3604 1545 78 24 Dann
3707 1546 85 27 folgen
3818 1545 182 27 Rebitationen
4024 1546 50 23 aus
4097 1545 88 27 ſeinen

2926 1581 103 25 Werlen
3054 1581 52 23 und
3133 1581 104 27 Gefang
3260 1581 159 27 Hebbelſcher
3443 1580 97 24 Lieder.
3582 1580 111 24 Eintritt
3718 1581 31 22 10
3773 1580 72 27 Pſa.:
3871 1585 50 19 nur
3947 1580 41 28 für
4014 1579 169 29 Erwachſene.

2926 1615 39 28 Jn
2987 1615 131 24 Barmbeck
3141 1619 53 20 und
3215 1615 45 24 St.
3283 1615 79 26 Pauli
3383 1615 31 26 iſt
3436 1614 55 25 eine
3513 1614 166 27 Kinderſtube
3702 1615 158 26 vorbanden.

2976 1648 184 29 Hebbel⸗FJcier
3180 1649 45 24 der
3245 1648 193 28 Stavenhagen.
3442 1644 199 38 Geſeüſchaft.
3646 1650 48 23 Am
3714 1650 23 23 8.
3759 1648 85 30 März,
3866 1648 97 25 abends
3984 1650 15 22 s
4019 1649 62 27 Uhr,
4102 1649 83 29 findet

2926 1683 34 25 im
2985 1684 96 24 kleinen
3105 1683 68 24 Saal
3196 1684 44 23 der
3263 1684 148 26 Mufithalle
3436 1684 41 27 ſür
3500 1683 152 28 Mitglieder
3676 1684 51 23 und
3753 1683 167 28 Eingeführte
3946 1684 56 24 eine
4027 1684 75 27 Feier
4126 1689 59 22 zum

2927 1717 155 27 Gedächtnis
3110 1717 126 28 Friedrich
3265 1717 111 28 Hebbels
3404 1717 67 28 ſtatt.
3517 1718 78 26 Mary
3625 1718 110 26 Dietrich
3766 1720 55 22 vom
3852 1717 134 26 Deutſchen
4017 1718 108 27 Theater
4154 1717 29 25 in

2925 1752 92 24 Berlin
3038 1752 64 24 wird
3123 1752 147 27 resitieren,
3290 1752 97 24 Walter
3408 1752 132 28 Armdruſt
3561 1753 70 23 leitet
3653 1752 45 24 mit
3719 1752 235 27 Harmoniumipiel
3975 1752 39 30 die
4037 1753 74 28 Feter
4132 1753 50 24 ein.

2925 1786 66 28 Herr
3011 1786 47 27 Dr.
3080 1786 86 28 Frans
3187 1786 178 28 Zinteruagel,
3386 1786 95 28 Dezent
3501 1793 34 18 an
3555 1787 42 24 der
3619 1787 155 27 Univerſität
3795 1787 147 28 Tübingen,
3965 1787 63 24 wird
4051 1788 61 24 über
4135 1789 49 23 das

2926 1821 94 28 Thema
3043 1821 112 27 „Hebbel
3178 1823 53 22 und
3255 1824 48 20 das
3326 1821 106 27 deutſche
3454 1821 114 24 Drama“
3592 1821 120 27 ſprechen.

2975 1855 163 28 Hamburger
3157 1854 277 28 Bruteſtauienverein.
3472 1856 47 23 Amt
3539 1855 130 29 Sienstag
3689 1856 80 24 abend
3789 1857 15 23 s
3824 1856 52 27 Uhr
3896 1857 54 26 hält
3969 1856 66 28 Herr
4054 1857 129 27 Proſeſtor

2925 1890 30 23 D.
2979 1889 182 27 Weinel⸗-Sena
3186 1890 27 24 in
3239 1890 42 23 der
3307 1889 67 24 Ldlula
3399 1890 45 23 des
3468 1889 183 27 Sohanneums
3677 1890 74 24 einen
3777 1890 113 29 Vortrag
3913 1891 63 24 über
4001 1893 47 22 das
4074 1891 108 27 Thema:

2926 1924 66 27 „Die
3009 1924 72 27 Ethil
3097 1924 65 26 Jeſu
3179 1925 52 23 und
3249 1924 39 24 die
3305 1924 180 27 Gegenwart“.
3503 1924 51 25 Der
3570 1924 99 28 Zutritt
3685 1926 60 27 ſteht
3762 1925 148 26 iedermann
3928 1926 177 27 unentgeltlich
4123 1926 59 28 fret.

2977 1957 53 25 Ein
3058 1958 157 28 liturgiſcher
3244 1958 297 27 Baſſionsgottesdienſt,
3571 1960 38 23 bei
3641 1960 54 23 dem
3726 1962 26 22 in
3783 1960 252 28 oottesdienſtlichen
4067 1961 117 27 Rahmen

2919 1993 89 26 unſere
3036 1993 126 27 ſchönſten.
3184 1993 204 27 Paſſionslieder
3415 1999 56 21 zum
3498 1994 111 27 Vortrag
3636 1994 111 24 kommen
3774 1994 88 29 ſollen,
3891 1994 63 24 wird
3983 2001 40 17 aut
4052 1996 125 27 Sonntag

2921 2028 80 23 abend
3023 2032 43 19 um
3087 2027 88 27 Ubr
3197 2027 26 24 in
3244 2028 43 22 der
3306 2027 197 28 Harveſtehuder
3524 2028 43 24 St.
3589 2028 232 27 Jobannis-Kirche
3847 2028 54 26 (am
3924 2029 157 28 Mittelweg)
4108 2030 69 24 ſtatt⸗

2925 2061 97 28 finden.
3068 2061 69 28 JFrau
3166 2061 240 28 Foßhag-Schröder
3434 2063 51 23 und
3512 2061 39 28 ibr
3577 2062 141 29 gemiſchter
3745 2063 68 26 Chor
3840 2063 75 26 fowie
3942 2066 92 22 andere
4062 2065 119 24 vetanttte

2920 2095 119 27 Künitler
3064 2096 80 26 baben
3171 2096 52 26 ihre
3248 2096 170 28 Mitwirlung
3442 2096 126 28 zugeſagt.
3610 2097 98 27 Zutritt
3734 2098 187 27 unentgeltlich.

2974 2129 334 28 Jungdeutſchland⸗Bund.
3345 2131 136 27 Uebungen
3502 2136 40 19 am
3558 2131 132 28 Gonntag,
3710 2133 23 22 2.
3754 2131 88 28 Märs:
3863 2132 222 27 Blau-weiſgblau
4103 2134 77 27 Ham-

2922 2166 76 26 burg:
3021 2164 49 24 Die
3093 2165 106 28 Uebung
3221 2166 63 23 wird
3308 2165 69 26 durc
3400 2165 39 24 die
3463 2166 213 26 Gruppenführer
3698 2167 107 24 belannt
3827 2169 117 25 gemacht.
3985 2168 48 24 Die
4056 2169 122 28 Prüfung

2922 2199 44 24 der
2986 2198 36 24 im
3041 2198 207 28 Sanitütsdienft
3267 2200 195 27 ausgebildeten
3481 2200 105 27 Jungen
3607 2201 81 27 findet
3708 2201 58 26 114
3789 2202 26 23 in
3837 2202 44 24 der
3900 2202 140 27 Turnballe
4061 2205 44 25 auf
4124 2205 55 23 dem

2922 2232 153 29 Lürmberge
3108 2233 143 24 Wandsbel
3282 2233 68 28 ſtatt.
3400 2234 91 24 Eltern
3521 2236 51 23 und
3606 2235 290 29 Vorftandsntitglieder
3930 2237 52 27 ſind
4017 2238 161 27 eingeladen.

2922 2267 78 25 Blau,
3028 2267 109 25 Altong:
3165 2268 126 24 Antreten
3318 2269 58 26 8,40
3402 2269 53 27 Ubr
3480 2269 199 28 Hauptbaynhof
3706 2270 106 24 Altona.
3857 2270 107 29 Uebung
3992 2272 33 23 im
4053 2273 125 24 Gelünde.

2923 2301 119 28 Rückehr
3072 2307 38 19 ca.
3142 2303 13 23 1
3188 2302 61 27 Uhr.
3273 2297 230 43 Schwarz⸗awein,
3504 2304 107 24 mltona:
3646 2304 126 25 Antreten
3803 2305 58 27 8.80
3895 2306 52 25 Ubr
3978 2307 202 29 Hauptbabnhof

2924 2336 105 24 Altona.
3076 2336 108 29 Uebung
3211 2337 37 24 im
3278 2336 124 25 Gelände.
3449 2338 117 27 Rücktebr
3595 2344 36 19 ca.
3663 2339 13 23 1
3707 2339 60 26 Ubr.
3791 2332 137 41 Freiwil
3933 2332 71 41 iges
4020 2341 159 28 Sàgertorpp

2927 2370 108 28 Grün),
3066 2371 109 24 Altona:
3208 2371 106 28 Ueböung
3345 2372 58 28 fällt
3431 2374 61 22 aus.
3540 2372 134 27 Deutſches
3706 2373 182 28 Zugendkorvs
3924 2366 153 43 (blau-weiß
4087 2366 91 43 vlau),

2922 2405 153 24 Wandsbet:
3098 2406 127 24 Antreten
3248 2407 16 22 9
3287 2406 53 26 Uhr
3361 2408 46 23 vor
3429 2407 42 24 der
3495 2407 149 28 Turnhalle.
3685 2408 106 29 Uebung
3815 2408 42 24 bis
3882 2410 30 23 12
3938 2410 59 25 uhr.

2974 2439 84 28 1813
3081 2440 26 22 in
3130 2439 73 25 Vort
3224 2441 52 23 und
3300 2440 97 27 Weiſe“
3419 2441 98 25 betitelt
3540 2442 39 28 ſich
3604 2442 39 24 die
3669 2443 92 26 nächſte
3785 2444 328 30 Sonntagsunterbaltung
4137 2451 44 21 am

2924 2475 24 24 2.
2974 2474 79 28 März
3079 2474 36 25 int
3141 2474 147 28 Vollsbeim
3315 2475 217 29 Rotenburgsort,
3560 2477 79 27 Biſh.
3668 2477 165 29 Mublenweg
3860 2479 41 23 41.
3946 2478 101 29 Beainn
4075 2482 15 22 5
4119 2481 61 27 Unr.

2924 2507 110 26 Eintritt
3058 2509 32 24 165
3113 2508 60 28 Pfg.
3214 2509 200 28 Kartenvertauf
3438 2510 88 29 täglich
3551 2512 33 23 im
3609 2511 105 25 Burean
3739 2515 48 21 von
3813 2513 81 23 11u8
3920 2513 61 27 unr,
4007 2515 96 24 abends
4128 2517 50 23 von

2924 2543 66 23 —
3014 2543 53 27 Uhr
3089 2543 67 24 beim
3179 2543 153 30 Hauswart,
3356 2544 121 29 Sonntag
3501 2546 31 23 ab
3555 2545 43 27 au
3625 2546 51 26 Ubr
3699 2552 35 19 an
3758 2548 43 22 der
3825 2546 80 27 Haſſe.
3929 2560 34 5 —
3986 2548 192 26 minwirtende:

2923 2572 66 38 Herr
3014 2577 30 37 E.
3069 2577 119 25 Witulsti.
3217 2577 126 29 (ortrag
3367 2579 52 23 und
3443 2579 171 28 Resttation),
3640 2581 66 26 Herr
3731 2581 33 26 G.
3789 2582 129 27 Löhndorf
3946 2582 143 30 (Geſang),
4114 2585 65 26 Herr

2924 2611 44 28 Fr.
2985 2611 69 27 Jöde
3075 2611 132 28 (Klavier)
3229 2613 53 23 und
3296 2613 46 24 der
3360 2614 126 27 gemiſchte
3504 2614 66 28 Chor
3587 2616 45 23 des
3651 2615 161 28 Voltsheims
3830 2616 131 25 Barmdeck
3978 2619 75 24 unter
4071 2615 107 39 Leitung

2924 2645 45 24 des
2989 2645 85 28 Herrn
3097 2645 30 24 C.
3150 2646 134 25 Martens.

2974 2678 207 30 Kirchenkunzert
3197 2683 51 21 von
3267 2680 116 27 Gernard
3402 2681 82 29 Groth
3502 2683 28 24 in
3549 2684 42 24 der
3610 2685 86 24 Kirche
3716 2690 30 22 zu
3767 2685 200 28 Groß⸗Glottbel
3985 2692 41 19 am
4031 2683 147 39 Sonntag,

2923 2713 98 25 abends
3042 2714 43 27 7
3107 2714 61 27 uht,
3187 2716 78 23 unter
3285 2715 170 30 Mitwinung
3477 2719 49 23 von
3548 2718 53 28 rl.
3624 2718 144 26 arianne
3789 2720 60 27 ſoc
3875 2719 147 31 (Gopram
4043 2722 55 28 ſrl.
4122 2722 56 29 Ef-

2924 2747 88 25 Raabe
3039 2747 145 29 (Vtoline),
3207 2748 84 29 Herrn
3316 2750 53 32 Ed.
3386 2750 166 29 Beſlentam
3579 2752 111 28 (Cello).
3733 2754 109 25 Erntritt
3865 2754 58 29 ſpei.

3253 2783 131 37 (Schluß
3402 2786 52 29 des
3475 2788 233 29 redaktionellen
3729 2789 112 32 Teils.)

3318 2941 154 83 Zama
3480 2976 294 39 ſc

3302 3041 50 24 hat
3366 3039 45 25 dio
3425 3037 129 33 urkbto
3569 3037 161 27 Auauwan
3745 3037 30 25 in

3271 2902 70 39 —

3222 2930 27 12 .4
3283 2929 48 18 4

3198 3375 112 33 —
3758 3371 66 23 J

3209 3405 50 30 T
3299 3410 59 30 Siot
3375 3415 100 24 grauen
3493 3408 103 23 Uaaren
3617 3406 41 23 dis
3678 3406 106 24 trabere

3359 3444 84 25 Farbo
3462 3443 104 24 vieder.
3594 3441 34 25 N.
3642 3438 86 27 260-

310 3779 57 6 —
392 3776 68 6 —
488 3778 111 4 —
565 3764 38 28 —
1157 3772 13 7 —
1274 3778 8 2 —
1333 3776 34 3 —
1403 3775 61 4 —

2220 3774 72 5 —
2306 3769 78 9 —
2471 3759 64 20 —

1733 4099 294 43 tleicdorutofto
2302 4102 332 31 Damenvanaono

1733 4143 176 30 Soidens
1918 4142 102 30 tofte
2301 4142 302 30 Tisonunaono

1733 4178 291 42 nHemdentucneo
2302 4181 259 30 Unteorrbetes

1733 4216 267 44 Bettuenaene
2302 4220 217 30 Sonurxon

1734 4260 145 30 inletts
2302 4259 265 30 nandtucner

1734 4298 161 31 Fecern
2301 4298 207 31 Gardinen
2530 4300 82 30 ete.

1701 4346 299 62 Cnoym
2045 4347 272 75 hbillĩge
2360 4346 295 60 Pneĩse

3818 4242 295 78 Hamhurg.

3791 4325 278 64 lorntlorsbriete
4073 4325 100 64 lll,.

658 4556 205 69 Buntes
904 4557 311 70 feuilleton.

501 4711 92 39 Der
620 4709 92 40 Tod
741 4711 76 38 des
845 4708 131 47 erſten
1004 4709 360 49 Preußenkönigs.

371 4770 61 29 Vor
455 4768 207 38 zweihundert
686 4767 135 38 Jahren,
845 4776 52 22 am
920 4768 47 29 23.
993 4767 141 37 Februar
1160 4767 84 33 1718,
1269 4767 130 36 mittags
1424 4767 138 37 zwiſchen

313 4808 31 29 12
366 4809 60 28 und
447 4808 14 28 7
483 4807 72 37 Uht,
575 4807 142 37 verſchied
738 4807 42 30 im
802 4807 69 37 Nal.
892 4807 112 37 Schloß
1043 4815 38 30 zu
1103 4807 110 30 Berlin
1235 4806 151 38 Friedrich
1407 4808 36 32 1,
1463 4805 101 38 König

311 4855 57 22 von
391 4847 156 36 Preußen.
592 4847 43 29 Er
657 4847 102 34 führte
781 4846 47 30 die
852 4846 179 38 Regierung
1055 4846 54 37 ſeit
1131 4847 66 29 dem
1220 4847 46 28 28.
1289 4845 89 37 April
1405 4846 73 28 1688
1502 4845 62 29 und

311 4887 139 34 erreichte
470 4886 49 30 ein
538 4886 202 31 Lebensalter
759 4891 59 25 von
837 4886 38 28 55
893 4886 134 36 Jahren.
1064 4885 61 30 Die
1144 4884 163 37 Geſchichte
1326 4885 52 36 hat
1397 4884 100 45 längſt.
1516 4884 48 36 ihr

313 4924 97 32 Urteil
438 4926 75 29 über
541 4925 52 36 ihn
623 4924 114 38 gefällt.
786 4925 49 30 An
867 4924 286 37 ſtaatsmänniſcher
1181 4924 155 37 Klugheit,
1366 4891 165 69 zoe

313 4965 115 29 Wollen
456 4964 60 30 und
544 4964 189 36 kraftbollem
760 4963 145 37 Handeln
935 4964 71 36 ſteht
1033 4972 32 21 er
1092 4963 101 36 hinter
1220 4963 114 36 ſeinem
1363 4963 107 33 Vater,
1498 4963 65 29 dem

312 5004 126 36 roßen
467 5003 196 36 Kurfürſten,
691 5003 71 30 weit
792 5003 112 38 zurück.
955 5002 151 37 Friedrich
1137 5002 52 30 der
1219 5002 115 37 Große,
1380 5002 50 30 ſein
1461 5001 103 34 Enkel,

312 5045 50 28 nat
384 5043 78 35 wohl
482 5051 51 21 am
555 5042 135 37 herbſten
713 5042 76 30 über
811 5042 54 36 ihn
887 5042 156 37 geurteilt.
1084 5041 183 37 Gleichwohl
1288 5042 52 35 hat
1391 5040 124 37 Friedrich
1540 5043 24 29 J.

313 5089 54 22 ras
395 5082 166 36 Verdienſt,
587 5082 55 29 das
668 5081 256 37 Kurfürſtentum
950 5080 229 38 Brandenburg
1206 5081 62 29 und
1294 5081 56 29 das
1377 5080 187 38 Berzogtum

312 5121 146 36 »reußen
477 5130 37 28 zu
535 5122 100 28 einem
656 5120 169 38 Königtum
846 5120 119 30 vereint
985 5128 38 29 zu
1042 5120 108 35 haben.
1191 5119 64 30 Mit
1276 5120 66 30 dem
1365 5120 128 29 Erwerb
1514 5120 51 29 der

313 5160 208 38 Königskrone
546 5160 103 29 wurde
674 5160 49 29 ein
747 5167 97 22 neuer
869 5159 152 36 Abichnitt
1047 5159 31 29 in
1103 5160 51 29 der
1179 5158 162 38 Geſchichte
1367 5159 52 29 der
1444 5159 120 36 Hohen—

313 5200 113 34 zollern
450 5198 60 30 und
532 5199 53 29 des
608 5199 133 29 Staates
764 5200 161 35 begonnen
947 5197 63 31 und
1032 5198 52 30 der
1107 5198 73 37 Weg
1203 5206 55 29 zur
1280 5198 159 38 künftigen
1462 5198 102 37 Groß—

314 5238 221 37 machtſtellung
560 5237 166 37 Breutzens
751 5238 187 36 beſchritten.

371 5277 60 31 Die
459 5277 142 30 Vorliebe
629 5277 53 29 des
710 5276 120 38 Könias
859 5277 53 35 für
961 5276 73 36 große.
1061 5276 272 41 Repräjentation,
1362 5281 58 25 von
1450 5276 53 30 der
1532 5276 31 30 in

315 5325 87 23 inen
429 5317 106 36 Tagen
562 5317 91 28 unter
676 5317 65 28 dem
767 5315 146 31 Vorbilde
940 5316 145 37 Ludwigs
1113 5318 91 28 XJV.
1231 5316 61 29 und
1318 5316 53 30 des
1397 5315 168 37 Verſailler

314 5356 96 36 Hofes
434 5355 29 37 ſo
487 5355 132 38 ziemlich
643 5355 58 29 alle
726 5354 152 36 deutichen
905 5355 141 36 Fürſten,
1072 5355 84 39 ſelbſt
1181 5355 46 30 die
1254 5354 153 37 kleinften,
1433 5355 131 37 befallen

315 5401 115 25 waren,
451 5403 69 28 mäg
542 5394 60 29 viel
623 5392 78 31 Geld
721 5393 123 38 getoſtet
865 5395 62 29 und
949 5395 57 29 das
1027 5393 74 32 Volt
1123 5393 73 37 ſtark
1217 5394 124 37 belaſtet
1363 5393 108 35 haben,
1492 5395 73 29 aber

316 5436 51 27 der
394 5433 113 36 äußere
535 5432 114 37 Glanz,
696 5433 54 36 auf
778 5433 56 29 den
862 5433 125 30 damals
1017 5432 32 31 in
1078 5433 125 37 Europa
1231 5433 92 36 hoher
1352 5433 85 30 Wert
1466 5434 98 37 gelegt

316 5473 112 31 murde,
451 5474 69 34 trug
544 5471 143 35 erheölich
710 5472 76 36 dazu
812 5472 57 32 bei,
891 5472 57 30 das
971 5472 140 37 Anſehen
1135 5472 52 30 des
1211 5472 115 37 jungen
1351 5470 214 40 Königreiches

314 5521 39 28 zu
377 5511 123 35 wahren
525 5511 62 29 und
612 5513 69 32 auch
704 5511 51 29 der
780 5510 146 39 Reſidenz
952 5520 41 21 an
1018 5512 51 29 der
1094 5511 100 36 Spree
1220 5511 68 30 eine
1314 5511 250 37 anſprechendere

316 5549 232 37 Ehyſiognomie
572 5549 50 29 als
646 5548 103 36 bisher
770 5558 38 28 zu
830 5550 164 36 verleihen.
1038 5550 63 31 Mit
1125 5550 64 30 dem
1197 5546 205 77 ſenenufe
1426 5550 66 30 dem
1516 5559 48 29 ge⸗

317 5589 145 34 malfigen
482 5588 175 36 Schlotbau
676 5588 61 29 und
756 5587 67 30 dem
842 5590 132 33 ehernen
995 5588 274 37 Reiterſtandbide
1289 5590 56 37 auf
1385 5598 31 22 der
1438 5589 126 38 Langen

317 5627 119 31 Brücke,
462 5623 56 33 mit
545 5626 53 30 der
625 5627 243 36 neuangelegten
896 5627 228 37 Friedrichſtadt
1152 5629 62 29 und
1242 5628 87 31 einer
1357 5628 94 37 Reihe
1482 5629 83 37 ſtätt⸗

319 5670 87 32 iicher
429 5665 226 44 Privatbauten
680 5665 102 43 wurde
837 5666 91 32 Berlin,
971 5667 69 36 trotz
1064 5667 98 37 ſeiner
1186 5668 69 36 noch
1281 5668 111 30 immer
1416 5668 149 38 geringen

319 5704 266 37 inwohnerzahl,
610 5706 79 34 jchon
713 5711 50 22 ein
786 5704 67 43 Zug
877 5704 52 30 ins
953 5705 237 46 Großſtädtiſche,
1214 5706 166 37 verliehen,
1404 5707 52 31 der
1481 5708 85 38 ſelbſt

318 5742 241 38 Aaſpruchsvolle
581 5743 62 29 und
664 5742 196 37 weitgereiſte
882 5742 128 37 Fremde
1031 5753 37 29 zu
1088 5744 114 38 Beifal
1242 5751 99 25 zwang.
1384 5746 91 38 Dazu
1498 5746 68 31 eine

318 5783 109 37 eifrige
491 5780 65 38 Bflege
575 5780 209 38 nomwendiger
804 5780 116 31 idealer
940 5781 159 37 Fattoxen,
1118 5784 46 30 die
1184 5784 21 37 ſich
1253 5784 43 31 im
1315 5755 53 60 ——
1490 5785 76 36 Auf⸗

317 5821 113 37 blühen
452 5819 51 31 der
523 5827 52 23 am
598 5820 25 29 1.
642 5817 72 39 Zuli
737 5818 74 31 1186
832 5818 172 38 eröffneien
1026 5820 68 40 Kal.
1115 5822 160 32 Atabemie
1296 5823 52 31 der
1369 5823 115 37 Künſte
1503 5824 64 31 und

315 5862 52 31 —
392 5858 111 42 ̃——
673 5856 74 40 —
770 5857 87 42 —.
878 5860 93 31 —
1061 5847 40 60 .—D
1466 5847 10 60 1
1516 5862 51 37 9

1612 4515 172 37 gründeten
1818 4514 68 37 Kgl.
1919 4514 144 37 Sozietät
2097 4514 53 30 der
2184 4514 246 37 Wiſſenſchaften
2484 4513 164 38 beſonders
2701 4512 170 31 erkennbar

1612 4554 122 36 miachte.
1777 4553 61 30 Ein
1860 4553 121 37 friſches
2000 4552 102 32 Leben
2124 4558 67 26 war
2212 4553 33 30 in
2269 4553 47 30 die
2338 4552 183 38 Hauptſtadt
2543 4561 42 21 an
2607 4553 53 29 der
2680 4551 103 39 Spree
2806 4551 64 31 ein⸗

1611 4601 142 30 gezogen,
1780 4593 79 30 denn
1888 4593 59 29 alle
1974 4592 47 30 die
2049 4597 68 26 vom
2146 4592 102 38 König
2274 4592 276 38 herbeigerufenen
2578 4591 124 37 Kräfte:
2754 4590 116 34 Maler,

1612 4632 235 36 Küpferſtecher,
1878 4631 182 37 Bildhauer,
2093 4631 195 37 Architekten;
2321 4630 266 38 Kunſtgewerbler
2621 4631 61 30 und
2714 4629 157 38 Gelehrte,

1611 4678 106 23 waren
1740 4671 91 38 emſig
1852 4671 137 37 beſtrebt,
2010 4670 46 31 die
2079 4670 198 38 Runifizenz
2299 4670 85 37 ihres
2405 4670 167 31 Gebieters
2593 4670 86 37 durch
2700 4670 169 37 fruchtbare

1610 4710 153 37 Tätigkeit
1790 4718 38 30 zuͤ
1857 4709 120 37 lohnen.
2026 4710 89 30 Allen
2142 4714 97 26 voran
2267 4712 52 29 der
2348 4710 122 38 geniale
2499 4709 153 37 Schlüter,
2676 4709 53 32 der
2757 4709 35 31 in
2817 4710 52 31 der

1613 4750 207 37 Entwicklung
1839 4749 132 31 Berlins
1991 4758 56 29 zur
2067 4749 174 37 Kunſtſtadt
2263 4750 92 29 einen
2378 4749 168 36 Markſtein
2568 4749 147 30 bedeutet.

1670 4789 80 37 Doch
1773 4790 50 28 als
1847 4790 51 29 der
1921 4789 74 35 erite
2019 4788 238 37 Breubenkönig
2281 4797 51 21 am
2355 4789 46 29 25.
2426 4789 142 36 Februar
2594 4788 73 29 1718
2690 4787 47 31 die
2761 4788 106 38 Augen

1611 4828 174 44 geſchloſfen
1804 4828 93 36 hatte,
1915 4834 66 24 war
2000 4835 34 23 es
2052 4828 114 36 vorerſt
2185 4828 55 29 mit
2259 4827 51 31 der
2329 4827 146 31 weiteren
2495 4827 181 38 Förderung
2694 4832 58 25 von
2774 4827 93 37 Kunſt

1613 4868 62 29 und
1697 4868 205 36 Wiſſenſchaft
1923 4876 40 20 an
1985 4867 52 30 der
2058 4866 103 37 Spree
2182 4866 112 31 vorbei.
2335 4867 76 34 Noch
2434 4866 119 31 einmal
2566 4867 39 36 ſah
2645 4866 111 31 Berlin
2779 4866 88 30 einen

1612 4913 59 24 von
1700 4907 53 29 der
1780 4906 97 36 Kuͤnſt
1906 4907 191 35 verſchönten
2128 4904 106 37 Prunk
2263 4906 240 36 ſonderaleichen
2535 4904 46 31 bei
2632 4913 32 22 der
2693 4905 176 38 Beiſetzung

1611 4946 53 29 des
1690 4945 131 36 Königs,
1844 4945 47 30 die
1917 4954 50 21 am
1993 4944 170 38 Dienstag,
2187 4945 27 29 2.
2240 4945 71 30 Mai
2338 4946 86 33 1718,
2449 4945 34 30 in
2508 4944 52 32 der
2584 4944 124 31 damals
2732 4945 69 37 noch
2827 4954 40 21 an

1612 4986 52 29 der
1684 4985 173 36 Stechbahn
1879 4985 165 44 gelegenen
2066 4984 176 36 Donikirche
2265 4985 157 36 ſtattfand,
2444 4984 62 30 und
2527 4984 84 29 dann
2634 4986 120 35 begann
2777 4987 91 27 unter

1612 5023 102 38 König
1735 5024 151 36 Friedrich
1910 5024 146 34 Wilhelm
2079 5026 24 28 J.
2127 5024 50 29 ein
2201 5023 164 37 Kegiment
2387 5023 53 30 der
2461 5022 224 38 Sparſamkeit,
2707 5024 57 29 das
2786 5029 83 32 zwar

1610 5063 60 30 viel
1690 5063 116 37 beklagt
1828 5063 115 34 wurde,
1963 5063 73 30 aber
2056 5062 176 38 notwendig
2252 5068 77 30 war,
2367 5071 55 22 um
2443 5063 47 30 die
2512 5062 75 37 ſtart
2608 5063 187 37 zerrütteten
2816 5063 51 37 Fi⸗

1612 5111 123 28 nanzen
1766 5103 111 30 wieder
1907 5102 32 30 in
1969 5102 157 38 Ordnung
2155 5110 38 29 zu
2224 5102 130 37 bringen
2385 5102 63 30 und
2477 5102 66 30 dem
2577 5102 112 30 Staate
2719 5102 149 39 gefundes

1613 5142 88 31 Mark
1705 5138 226 78 zeßefügzg

1671 5182 69 30 Von
1761 5181 57 30 den
1866 5180 330 37 Leichenfeierlichkeiten
2218 5180 51 36 hat
2292 5180 168 38 Faßmann
2483 5181 50 30 als
2555 5180 201 38 Augenzeuge
2779 5180 89 31 einen

1615 5220 231 37 ausführlichen
1876 5220 119 32 Bericht
2024 5220 210 37 hinterlaſſen.
2294 5220 63 37 Jhr
2388 5220 100 37 Pomp
2520 5220 152 37 entſprach
2703 5228 79 29 ganz
2813 5220 55 30 den

1612 5260 183 36 Neigungen
1824 5259 53 31 des
1906 5252 212 44 verſiorbenen
2146 5259 130 36 Königs.
2324 5260 62 30 Vis
2412 5268 72 29 zum
2512 5260 27 28 4.
2568 5259 93 37 Närz
2708 5264 67 26 war
2822 5260 46 30 die

1615 5299 99 37 Leiche
1740 5300 42 29 im
1806 5299 246 38 Sterbezimmer
2076 5299 188 37 ausgeſtellt.
2309 5299 59 31 Sie
2393 5300 52 37 lag
2469 5299 56 37 auf
2549 5299 100 30 einem
2673 5299 196 36 Paradebett,

1615 5344 67 24 war
1701 5338 140 31 bekleidet
1860 5339 57 29 mit
1935 5339 99 29 einem
2054 5340 86 28 roten
2161 5337 81 34 Rock,
2261 5339 96 36 deſſen
2376 5338 120 37 Knöpfe
2516 5341 60 27 aus
2596 5338 114 37 großen
2730 5338 139 30 Brillan⸗

1617 5379 49 28 ten
1695 5377 171 37 beſtanden,
1895 5379 71 36 trug
1995 5377 56 38 auf
2079 5377 66 31 dem
2175 5377 121 37 Haupte
2325 5377 47 30 die
2401 5376 212 38 Königskrone
2642 5377 63 30 und
2733 5377 74 36 hielt
2836 5376 32 32 in

1615 5416 57 32 den
1693 5416 130 37 Händen
1845 5416 192 36 Reichsapfel
2058 5416 63 30 und
2143 5416 141 38 Szepter.
2325 5416 49 38 Zu
2396 5416 57 30 den
2476 5416 108 37 Fützen
2606 5416 91 38 lagen
2718 5417 57 37 auf
2812 5417 56 30 zwei

1616 5456 177 30 Tabourets
1826 5455 46 31 die
1906 5455 171 44 Jnſignien
2110 5454 53 31 des
2198 5455 296 38 Hoſenbandordens
2529 5456 63 29 und
2626 5455 52 30 des
2712 5425 155 68 Kiſe

1612 5493 292 36 Elefantenordens,
1926 5494 144 36 während
2092 5495 52 29 der
2168 5494 160 38 Schwarze
2351 5494 187 31 Adlerorden
2562 5495 67 30 dem
2652 5495 216 31 Samtmantel

1615 5533 170 38 aufgeſteckt
1805 5539 76 28 war,
1900 5534 52 30 der
1973 5534 53 37 ſich
2061 5533 162 36 jaltenreich
2245 5533 73 31 über
2339 5534 56 31 den
2417 5536 131 28 unteren
2569 5534 70 30 Teil
2658 5534 53 30 des
2732 5534 136 37 Parade⸗

1616 5574 97 30 bettes
1731 5573 86 36 legte.
1851 5572 47 38 Zu
1916 5572 105 31 beiden
2070 5572 81 31 Seiten
2170 5573 53 29 des
2240 5572 107 31 Bettes
2366 5572 123 38 ſtanden
2509 5573 26 68 ſ
2568 5576 17 27 à
2605 5573 128 38 ſilberne
2752 5573 116 32 Queri⸗

1614 5613 79 29 dons
1713 5611 64 30 und
1796 5610 55 38 auf
1873 5611 93 37 jedem
1986 5611 153 38 derſelben
2160 5611 67 30 vier
2247 5610 208 38 Armleuchter
2475 5614 56 28 mit
2567 5611 85 31 fieben
2673 5612 194 31 brennenden

1616 5649 224 39 Wachskerzen.
1873 5650 60 30 Die
1951 5650 103 37 Wacheé
2073 5650 47 31 bei
2138 5651 53 30 der
2208 5649 98 38 Leiche
2323 5650 147 38 verſahen
2487 5650 47 31 die
2553 5650 166 36 iwirklichen
2737 5651 131 31 Staats⸗

1611 5689 150 37 minijter,
1784 5688 302 31 Generalleutnants
2111 5689 63 30 und
2198 5689 271 37 Kammerherren.
2513 5690 59 30 Am
2596 5691 27 28 4.
2648 5690 93 38 März
2764 5692 104 30 wurde

1616 5730 46 30 die
1686 5728 100 37 Leiche
1809 5728 34 30 in
1865 5728 91 31 einen
1980 5728 152 38 koſtbaren
2156 5728 89 38 Sarg
2267 5729 98 71 —
2388 5730 63 30 und
2475 5729 70 38 nach
2569 5729 52 31 der
2643 5729 225 41 Schlotzkapelle

1617 5767 176 40 überführt,
1816 5771 48 31 wo
1891 5766 41 40 ſie
1958 5767 50 34 bis
2033 5775 73 31 zum
2131 5767 86 39 Tage
2244 5766 53 32 der
2353 5768 148 40 Seiſekung
2526 5767 144 37 verblieb.

2180 5836 61 15 —
2256 5827 40 30 —

1628 6114 19 6 —
2109 6116 43 11 ——
2200 6114 143 8 —
2419 6116 43 6 —
2551 6117 61 5 —.

2975 4525 40 5 —
3039 4507 69 32 Die
3133 4506 214 32 Konvention
3373 4511 67 26 von
3465 4505 129 37 Kaliſch
3617 4513 55 22 am
3699 4505 142 35 27.28.
3870 4505 157 37 Februar
4056 4505 114 31 1813.

2917 4548 64 31 Die
3004 4547 206 34 Konvention.
3236 4547 48 30 die
3310 4546 83 38 Dorck
3421 4555 50 21 am
3497 4547 45 28 80.
3569 4545 169 37 Degember
3765 4546 72 28 1812
3866 4545 31 29 in
3926 4545 51 30 der
4003 4546 169 36 Pojchauer

2919 4586 110 37 Mühle
3051 4587 48 30 bei
3122 4586 187 37 Tauroggen
3336 4586 54 31 mit
3415 4584 151 38 Diebitſch
3590 4584 210 37 abgejchloſſen
3827 4584 91 37 hatte,
3942 4584 52 37 hat
4020 4591 82 30 zwar
4127 4584 46 31 die

2918 4625 180 38 Bewegung
3125 4625 184 37 eingeleiet,
3337 4625 48 29 die
3429 4633 53 21 zum
3512 4624 101 37 Abfall
3643 4623 166 38 Preußens
3838 4630 67 23 vom
3936 4623 150 30 Bündnis
4116 4623 57 30 mit

2918 4664 159 37 Napoleon
3105 4664 111 38 führte,
3242 4665 73 28 aber
3339 4664 59 30 wie
3451 4634 111 63 e
3587 4667 66 25 war
3676 4662 127 31 damals
3825 4663 49 28 die
3901 4662 80 37 Lage
4007 4663 165 37 Preußens

2920 4704 65 36 noch
3010 4703 77 37 nicht
3113 4704 39 37 ſo,
3175 4703 61 37 daß
3262 4702 154 38 Friedrich
3440 4702 143 35 Wilhelm
3611 4703 62 29 111.
3700 4701 170 38 friegeriſch
3896 4710 92 28 gegen
4015 4701 158 37 Napoleon

2920 4742 157 38 auftreten
3098 4742 116 30 konnte.
3258 4742 67 36 Erſt
3346 4741 140 36 nachdem
3510 4741 50 29 der
3582 4740 170 38 preußiſche
3774 4740 100 38 König
3898 4749 50 20 am
3973 4741 45 30 22.
4042 4740 131 36 Januar

2923 4781 71 29 1818
3022 4780 153 38 Potsdam
3204 4781 149 36 verlaſfen
3382 4781 84 37 hatte
3495 4781 62 28 und
3587 4779 68 36 nach
3685 4780 137 30 Breslau
3853 4779 213 37 übergeſiedelt
4096 4786 77 29 war,

2919 4820 104 30 wurde
3043 4828 33 21 er
3098 4819 94 37 freier
3215 4820 44 30 im
3281 4819 154 37 Handeln,
3457 4818 107 30 konnte
3585 4827 31 21 er
3640 4819 50 36 ſich
3713 4819 32 29 in
3769 4818 139 36 Gegenſatz
3953 4828 37 28 zu
4015 4819 157 38 Napoleon

2920 4859 109 35 ſtellen.
3071 4858 73 30 Das
3167 4858 168 37 erforderte
3358 4859 72 29 aber
3455 4856 60 38 jetzt
3540 4857 72 37 auch
3633 4857 47 30 die
3705 4857 241 37 innerpolitijche
3971 4857 94 37 Lage;
4091 4858 82 30 denn

2921 4897 117 30 überall
3055 4897 36 30 in
3107 4897 149 37 Preußen
3273 4899 83 34 regte
3373 4897 51 37 ſich
3441 4896 48 30 ein
3510 4896 81 36 Geiſt
3607 4896 57 30 des
3682 4896 236 34 Widerſtandes,
3935 4898 63 29 und
4021 4897 152 37 Friedrich

2919 4936 146 37 Wilhelm
3086 4936 81 30 wäre
3191 4936 57 30 mit
3269 4936 114 37 ſeinem
3406 4935 126 37 eigenen
3553 4935 88 30 Volke
3663 4935 157 38 zerfallen,
3840 4940 90 25 wenn
3954 4944 32 21 er
4009 4936 76 36 nicht
4106 4941 65 25 ver—

2920 4975 75 37 ſucht
3012 4974 93 37 hätte,
3118 4975 49 30 die
3183 4975 226 37 napoleoniſche
3426 4974 169 37 derrichaft
3614 4974 203 37 abzuwerfen.
3856 4974 152 37 Friedrich
4027 4976 144 36 Wilhelm

2919 5020 64 24 war
2999 5022 52 22 am
3066 5014 46 29 28.
3127 5013 132 38 Januar
3275 5014 32 29 in
3323 5013 138 30 Breslau
3479 5012 222 37 angekommen.
3736 5012 99 37 Schon
3853 5014 101 35 einige
3971 5015 83 36 Tage
4073 5014 98 38 ſpäter

2919 5051 103 32 wurde
3043 5052 69 31 dem
3135 5052 103 38 König
3259 5052 55 30 ein
3334 5051 91 37 Grief
3448 5052 55 30 des
3529 5052 154 37 ruſſiſchen
3737 5061 73 20 Zaren
3838 5053 183 36 überbracht,
4047 5054 34 29 in
4104 5053 66 30 dem

2919 5091 95 38 dieſer
3038 5091 50 29 ein
3114 5091 117 38 Schutz?
3255 5092 65 30 und
3343 5090 230 37 Trutzbündnis
3596 5099 93 29 gegen
3715 5092 161 35 Napoleon
3900 5092 160 38 vorſchlug.
4105 5093 65 30 Der

2918 5130 101 39 König
3038 5135 66 25 war
3124 5130 112 30 immer
3255 5130 70 36 noch
3341 5129 245 37 unentſchloſſen,
3605 5134 74 25 aber
3697 5130 55 29 der
3770 5129 242 39 Staatskanzler
4033 5132 136 36 Harden

2919 5169 72 38 berg
3010 5168 131 37 drängte
3164 5168 154 36 nunmehr
3342 5177 72 28 zum
3437 5168 101 36 Abfall
3561 5175 56 24 von
3643 5169 169 36 Napoleon,
3833 5171 63 29 und
3921 5171 50 29 als
3996 5171 80 29 dann
4103 5170 67 32 noch

2917 5208 50 30 der
2981 5207 170 38 preutziſche
3168 5208 154 36 Geſandte
3339 5207 30 29 in
3382 5207 103 36 Paris
3500 5209 132 34 meldere,
3649 5208 59 36 daß
3724 5209 156 35 Napoleon
3898 5209 49 37 ſich
3967 5210 73 35 nicht
4057 5210 113 36 darguf

2919 5247 147 36 einlaſſen
3080 5247 95 33 wolle,
3195 5246 52 37 für
3265 5246 146 36 Preußen
3431 5245 209 37 irgendwelche
3661 5241 143 48 Erleichte
3815 5256 112 27 rungen
3947 5257 36 28 au
3992 5249 178 36 uneſtchen,

2919 5286 64 30 tam
3002 5286 74 35 auch
3090 5286 54 30 der
3161 5285 103 37 König
3281 5294 37 29 zu
3335 5285 69 30 dem
3426 5286 169 37 Entſchluß,
3615 5286 51 36 ſich
3685 5285 55 30 mit
3761 5286 149 37 Rußland
3928 5296 35 28 zue
3986 5288 183 29 verwünden.

2917 5324 48 37 Jn
2985 5324 101 30 einem
3108 5324 276 36 Bündnisantrag,
3403 5323 54 31 der
3475 5325 79 36 wohl
3576 5324 214 37 hauptſächlich
3813 5331 56 24 von
3894 5326 93 29 Sſein
4012 5326 158 35 herrührte

2920 5363 154 32 —Stein
3093 5363 74 36 hielt
3190 5363 53 36 ſich
3262 5362 30 35 ija
3315 5362 120 31 damals
3458 5364 78 29 beim
3559 5363 103 37 Zaren
3685 5364 54 28 auf
3761 5381 27 4 —
3788 5364 234 37 verpflichtete
4045 5366 50 35 ſich
4119 5366 46 28 der

2916 5401 133 38 ruſſiſche
3064 5401 119 36 Kaiſer,
3198 5401 47 30 die
3261 5401 126 37 Waffen
3405 5402 74 36 nicht
3495 5401 67 36 eher
3611 5368 187 75 elen
3834 5403 51 30 bis
3901 5404 145 37 Preußen
4060 5404 109 33 wieder

2918 5441 47 30 die
2984 5441 111 38 gleiche
3120 5440 232 39 Machtſtellung
3377 5449 153 28 errungen
3555 5440 85 36 habe,
3664 5441 47 29 die
3738 5447 33 24 es
3797 5447 52 24 vor
3875 5441 50 31 der
3952 5442 133 37 Schlacht
4112 5451 59 22 von

2919 5480 83 36 Jenaͤ
3031 5480 182 35 innegehabt
3240 5479 92 36 hatte.
3379 5479 65 31 Der
3471 5479 261 38 Bündnisantrag
3762 5482 50 28 des
3841 5481 101 35 Zaren
3972 5483 102 30 wurde
4105 5483 65 28 dem

2917 5519 101 38 König
3036 5527 50 22 am
3106 5519 46 30 25.
3172 5517 142 38 Februar
3333 5518 32 30 in
3382 5519 138 30 Breslau
3541 5518 172 36 überreicht.
3754 5519 70 30 Nun
3846 5522 56 34 gab
3921 5526 35 24 es
3977 5521 62 31 kein
4061 5522 109 28 langes

2918 5558 153 37 Beſinnen
3096 5556 93 36 mehr.
3231 5556 126 31 Bereits
3380 5566 50 21 am
3453 5558 44 29 A7.
3524 5556 138 39 Februar
3689 5558 62 29 kam
3774 5559 58 29 das
3857 5559 148 30 Bündnis
4030 5560 139 36 zwiſchen

2918 5597 150 37 Rußland
3081 5597 64 29 und
3161 5595 147 38 Preußen
3326 5604 91 28 gegen
3436 5596 155 37 Napoleon
3609 5596 151 38 gzuſtande.
3799 5598 42 30 Gs
3859 5600 103 27 wurde
3980 5607 50 21 am
4049 5600 46 29 N.
4114 5597 55 37 Fe⸗

2918 5637 97 29 bruar
3047 5635 34 29 in
3113 5635 138 30 Breslau
3283 5634 220 38 unterzeichnet
3535 5640 57 25 von
3626 5635 197 39 Hardenberg
3856 5638 64 28 und
3955 5637 129 34 Amitatt.
4118 5645 47 21 um

2916 5676 46 29 28.
2983 5675 142 38 Februar
3145 5673 33 31 in
3198 5674 128 37 Kaliſch,
3347 5673 64 30 dem
3434 5673 155 38 ruſſiſchen
3611 5674 256 37 Hauptquarfier,
3888 5682 57 23 von
3970 5675 196 37 Scharnboru

2919 5714 61 31 und
3003 5714 71 31 dem
3096 5712 157 38 ruſſiſchen
3278 5712 298 37 Cberbefehlshaber
3600 5714 158 35 Kutuſow.
3802 5714 66 30 Der
3894 5714 272 36 Bündnisvertran

2916 5753 81 31 blieb
3015 5752 138 39 zunachſt
3174 5751 70 37 noch
3265 5751 131 37 geheim;
3419 5750 80 31 denn
3523 5752 55 35 erſt
3600 5760 49 21 am
3672 5753 47 31 25.
3741 5751 92 39 März
3857 5753 126 28 wurden
4008 5753 79 36 ſeine
4109 5752 59 31 Be⸗

2915 5791 210 37 ſttmmungen
3152 5789 231 36 veröffemlicht.
3432 5789 152 32 Trotzdem
3613 5790 74 30 aber
3715 5795 67 26 war
3810 5790 48 30 die
3884 5785 140 47 Konvent
4023 5785 71 47 ion
4110 5796 59 25 von

2902 5824 133 51 Kaliſch
3126 5829 108 40 offigielle
3295 5828 40 33 Ei
3534 5829 135 39 ——
3689 5837 74 31 —
3783 5829 112 37 —⏑
3917 5828 60 34 —
3999 5828 169 41 —

3479 5880 115 14 —

4349 895 16 56 —
4348 810 21 35 ⏑
4357 749 12 14 ⏑
4353 676 17 72 ?⏑
4360 655 8 20 ⏑
4363 625 6 18 B
4359 591 8 14 ⏑
4358 462 11 93 —
4355 416 15 24 —1œ

4349 1604 15 63 —
4346 1505 20 46 ——
4346 1319 21 17 ⏑
4341 1244 33 51 ⏑⏑æ
4350 1068 20 23 ⏑⏑S
4341 1060 33 6 3
4354 1013 13 23 ⏑
4355 1005 6 4 ⏑
4350 948 19 54 —
