3287 4963
200 215 75 27 —

205 315 53 32 fuͤr
274 317 138 34 Egram:

156 359 145 39 balbiahrig
313 360 22 39 4
353 359 26 34 f.

155 393 179 36 biettehäbrig
352 397 19 25 2
376 395 39 32 4.

150 440 51 27 Per
208 440 64 35 Poſt
286 441 35 28 im
338 440 118 33 Jnland:

151 483 148 35 halbjahrig
308 483 49 33 dfl.
371 485 34 27 io
411 486 44 32 tr.

149 517 114 34 vieritii.
279 520 20 23 c
314 518 27 33 ſi.
364 518 35 28 3b
418 519 36 31 kr.

176 564 87 39 gůr⸗
281 565 139 30 ausland:

149 605 184 40 haibjahriss
347 607 17 33 ſ

148 640 182 35 vierteljaͤhrig
347 642 18 27 à
382 643 29 34 ſ.

615 453 777 204 Egramer

2214 413 45 57 2

2112 425 460 192 eitung.

2687 581 39 41 4
2757 561 170 67 Seidbrile
2938 587 113 38 frando,
3081 592 34 22 an

2797 334 174 32 uiertioni⸗
2980 333 106 35 Preiſe.

2768 373 7 27 D—
3007 382 19 10 —
3039 381 81 26 teane

2825 470 86 5 —
2980 453 137 27 —.

2756 482 71 32 nebſt
2853 482 34 24 16
2905 480 35 29 fr.
2965 481 21 27 E.
3005 482 20 26 f.
3044 481 73 27 Aer.-

2916 521 61 24 —

2759 620 227 38 dasomptoir:
2996 624 118 27 Herren-

2761 651 74 30 Gaſſe
2872 654 31 26 im
2947 654 164 34 griechiſchen

2864 686 136 29 Gedandt.

206 765 143 63 Nr.
386 770 137 62 8.

1285 777 196 67 Freitag,
1520 781 74 54 16
1638 782 197 61 Februar
1874 792 143 50 1855.

500 937 247 43 Bubalt:

112 971 63 51 ——
235 977 99 34 —
859 1017 28 7 1

141 1009 275 39 Richtautliches.
454 1016 136 35 Veueſtes.
608 1018 52 29 Die
680 1019 296 37 Krim⸗Erveditiian.

140 1043 138 37 —
299 1048 135 34 1
364 1039 29 56 ⏑
397 1048 121 34 »8
500 1039 38 56 ⏑
539 1053 110 34 ⏑
671 1055 45 26 —
700 1039 10 56 —
734 1052 147 38 —
894 1052 206 39 :——

186 1080 180 36 Wiater.)
400 1076 95 53 Seng
508 1094 22 25 g.
557 1088 78 31 Ene?
655 1087 300 38 Ectſœaftageſchigte)
992 1086 106 29 Wien.

230 1116 326 34 Ordensverleihungen.
583 1120 220 37 Divlomatifoes.
822 1120 49 28 Ein
892 1121 103 32 vrgteſt
1015 1121 84 38 Preu⸗

240 1149 73 31 ſent.
332 1152 59 27 Der
408 1152 113 28 Beitrit
540 1153 117 31 Neapels
676 1160 45 26 zur
740 1154 98 32 Allianz
859 1157 44 24 der
923 1152 175 33 Weſtmuchte.

240 1182 208 35 Verſchiedenes.
484 1185 182 35 Verordnung
696 1187 43 31 fuͤr
767 1187 38 29 die
833 1187 272 35 Handelskaͤmmern.

238 1218 226 34 Reorganiſation
485 1222 44 24 der
550 1219 235 34 Strafanſtalten.)
811 1221 84 27 Mar
909 1223 101 35 bugg.
1029 1220 69 30 Der

239 1251 115 28 Morder
374 1256 23 23 d.
407 1252 129 32 Pfarrers
548 1254 119 28 Cernet.
688 1254 72 28 Lem
772 1258 93 28 berg.
884 1255 65 36 (Ein
961 1253 137 32 Geracht.)

138 1281 164 33 Autlant.
323 1287 118 31 Srant
451 1287 87 30 furt.
559 1287 249 35 Berurthelung.]
836 1289 25 27 B
874 1290 72 25 eii
958 1297 25 18 n.
1003 1290 95 28 ucvec

234 1321 53 30 den
305 1319 183 40 Durchmarſch
514 1323 172 31 franbſiicher
705 1324 125 31 Truppen
860 1323 72 31 durch
953 1323 145 38 Preußen.)

240 1352 117 31 Stutt
368 1362 64 26 gar
447 1359 18 24 t.
484 1356 465 39 (Erevifocdetuũg.Raetſτ
962 1360 44 30 e
1020 1359 78 29 ære.

238 1387 227 35 ditbewilligung.
501 1390 124 32 Paris.
644 1391 134 33 (Bilduͤng
798 1392 85 26 dreier
903 1391 196 31 Armeckorps.)

238 1419 109 30 SeoL.
366 1421 73 30 Das
459 1422 114 30 Getüct
591 1431 51 21 von
662 1425 72 27 einer
752 1425 202 33 Rheinaemee
940 1415 18 52 )
973 1424 44 39 V
1037 1427 38 24 de

208 1455 420 34 Routentsriniſchen
665 1458 155 33 Grenze,
842 1491 3 2 .
861 1458 237 38 Verſchiedenes)

239 1484 224 31 Danastus.
500 1489 190 34 Gaubmord)
727 1492 78 33 BdE
843 1495 49 24 aα
920 1492 178 32 AGuttt

239 1521 45 25 der
302 1519 203 35 Jnſurgenten.)
526 1523 215 36 Nem⸗Vbrr
761 1526 149 32 (Sriedliche
918 1526 179 37 Präſidenten⸗

238 1552 156 35 Botſchaft.
413 1555 97 33 Fren
525 1548 151 48 denliſte.
698 1558 140 34 Borfen
862 1548 162 48 Sercht.

400 1685 249 54 Amtlicher
684 1682 318 64 Theil.

304 1758 283 35 Verändernngen
604 1759 37 29 in
659 1759 56 29 der
733 1759 43 29 kt.
796 1760 131 29 Armee.

430 1801 372 41 Beförderungen.

219 1856 53 38 Jm
294 1855 348 45 Jnfanterie⸗Regimente
666 1855 127 42 Erzherz.
817 1856 92 42 Franz
931 1857 163 39 Ferdinand

136 1899 91 38 dEſte
250 1898 54 34 Rr.
328 1897 61 34 32;
424 1900 45 30 der
492 1899 194 41 Haͤuptmann
709 1899 134 40 Theokor
865 1907 26 26 v.
915 1899 180 43 Wacquant⸗

135 1938 148 41 Geozelles
306 1941 50 30 des
378 1940 354 41 Jnfanterie⸗Kegiments
756 1942 102 33 Baron
881 1943 129 42 Turszty
1037 1943 56 34 Rr.

132 1982 51 39 ——
288 1980 126 43 —

214 2024 40 30 im
274 2022 350 42 Jnfanterte⸗Regimente
639 2024 89 40 Prinz
750 2032 28 26 v.
795 2026 136 41 Preußen
954 2027 56 34 Nr.
1034 2028 60 33 34:

131 2065 46 32 der
208 2064 105 38 Major
346 2063 133 40 Baſillus
510 2065 93 37 Jovié
637 2068 50 30 des
717 2067 375 43 Jnfanteric⸗Regiments

131 2106 160 41 Erzherzog
307 2106 93 40 Franz
423 2106 162 40 Ferdinand
609 2108 89 41 d'Cſte
722 2109 55 33 Rr.
801 2111 52 40 32,
885 2120 61 32 zum
976 2113 115 39 Dberſt⸗

131 2148 186 42 Lieutenant;

214 2192 37 31 im
275 2191 363 46 Jnfanterie⸗-Regimente
670 2193 104 35 Baron
791 2195 135 43 Turszly
949 2197 54 33 Nr.
1028 2200 64 32 62:

130 2235 52 33 der
198 2234 196 43 Hauptmann.
416 2234 107 40 Joſepſ
547 2235 161 44 Sterbetzly
725 2237 94 33 Ritter
842 2246 28 25 v.
887 2240 204 43 Bangenberg,

129 2277 51 39 des
202 2277 163 41 genannten
387 2277 51 32 82.
460 2277 386 44 Jnfanterie⸗Regiments,
879 2290 62 32 zum
964 2282 126 43 Major;

212 2319 31 39 in
254 2320 87 38 dem,
372 2321 51 31 den
447 2320 205 40 Allerhöchſten
675 2322 114 33 Namen
820 2323 57 33 Sr.
909 2325 33 32 kt.
972 2327 118 39 apoſtol.

128 2359 139 39 Majeſtat
289 2360 156 40 fuͤhrenden
468 2361 115 34 Tiroler
605 2362 272 44 Jaͤger⸗Regiment,
901 2367 46 32 der
971 2368 119 41 Haupi⸗

128 2410 88 24 mann
239 2401 110 42 Auguſt
372 2402 109 41 Lorenz,
503 2412 61 31 zum
587 2404 125 42 Major;

212 2444 42 31 bei
277 2445 50 30 den
351 2443 373 42 Feldjaͤger⸗Bataillons:
758 2450 46 31 der
826 2450 264 38 Oberſtlieutenant

126 2484 98 39 Moriz
258 2484 94 33 Riiter
386 2493 27 24 v.
448 2486 115 42 Peßler,
598 2488 215 36 Kommandant
847 2493 49 32 des
933 2494 60 41 14.,
1027 2505 60 30 zum

123 2526 159 41 Oberſten;

146 2570 115 39 nder
269 2560 114 59 Molor
406 2569 109 40 Friedt.
539 2570 71 42 Suͤß
633 2579 27 25 v.
684 2572 210 43 Rheinhauſen,
928 2577 157 34 Komman⸗

124 2611 68 32 dant
214 2612 51 29 des
290 2608 48 34 12.
361 2611 291 42 Jager⸗Bataillons,
674 2623 60 29 zum
757 2614 282 44 Oberflieutenani;

208 2654 58 35 der
265 2653 205 42 Hauptmann
493 2652 142 34 Nikolaus
659 2655 164 40 Markoviõ,
853 2658 49 31 des
928 2659 57 38 18.,
1018 2669 61 29 zum

123 2694 104 39 Major
251 2697 58 30 und
332 2695 248 34 Kommandanten
610 2697 50 31 des
684 2698 49 32 20.
756 2699 116 41 Zaͤger?⸗
887 2700 190 43 Vataillons;

122 2738 77 32 dann
221 2746 32 32 zu
277 2737 123 39 Majors
424 2740 45 30 der
492 2738 192 41 Hauptmann
707 2740 116 33 Eduard
841 2742 163 39 Pechmann
1028 2746 49 30 des

108 2775 143 57 Militat.
257 2779 486 44 Jagenieur⸗Geographen⸗Korps
766 2786 58 30 und
846 2786 46 31 der
908 2785 170 43 Rittmeiſter

121 2821 141 44 Hilarius
281 2822 156 39 Scintler
460 2826 50 28 des
534 2817 319 55 Militar⸗Fuhrweſen⸗
856 2817 109 55 Lorps.

215 2893 29 9 J
461 2864 275 45 Ernennung.

204 2907 65 33 Der
290 2907 262 38 Oberſtlieutenant
574 2909 91 42 Hugo
694 2917 27 25 v.
752 2911 179 42 Weckbecker,
961 2913 115 42 Fluͤgel⸗

119 2950 133 38 adjutant
283 2949 57 33 Sr.
370 2951 33 31 t.
426 2951 85 38 apoſt.
538 2950 147 40 Majeflaͤt,
716 2956 83 29 unter
823 2954 172 42 Enthebung
1018 2963 57 26 von

119 2992 110 40 dieſer,
234 2994 48 39 zur
316 2993 95 32 vollen
444 2993 193 39 allerhöchſten
667 2993 210 43 Zufriedenheit
910 2998 165 39 verſehenen

119 3035 231 41 Dienſtleiſtung,
373 3044 60 32 zum
449 3036 249 35 Kommandanten
722 3040 50 30 des
795 3040 29 31 2.
842 3038 231 44 Jaͤger⸗Bataill.

415 3077 372 45 Ueberſetzungen.

202 3120 63 33 Der
286 3120 261 40 Oberſtlieutenant
570 3121 119 33 Gedeon
717 3130 27 25 v.
768 3123 86 33 Radò
884 3126 49 30 des
963 3125 111 40 Jnfan⸗

117 3162 255 41 terie⸗Regiments
406 3161 81 39 Suͤrſt
521 3163 190 39 Liechtenſtein
743 3165 53 31 Rr.
827 3168 29 38 5,
885 3175 60 30 zum
968 3168 106 32 Benie⸗

117 3204 117 41 Stabe;
257 3206 57 31 und
334 3205 49 31 der
405 3205 260 35 Oberſklieutenant
688 3206 112 38 Guſtas
824 3207 84 33 Edler
931 3216 27 24 v.
983 3209 91 41 Frag⸗

116 3255 71 24 nern
211 3248 50 29 des
284 3245 308 42 Jnfantetie-Regim.
617 3247 88 40 Prinz
728 3255 26 25 v.
779 3249 134 41 Preußen
946 3251 53 32 Nr.
1023 3252 50 40 34,

114 3297 62 31 zum
208 3287 368 41 Jnfanterie⸗Retzimente
607 3289 153 42 Erzherzog
790 3291 91 40 Franz
911 3292 161 38 Ferdinand

115 3329 103 42 d'ſte
219 3324 62 52 Nr.
304 3329 50 34 32.

180 3374 39 20 .
401 3371 384 44 Penſionirungen.

198 3413 59 34 Die
269 3409 151 50 Majore:
433 3409 116 50 Joſtph
570 3423 29 25 v.
622 3416 109 34 Koͤrber
752 3419 51 31 des
829 3418 47 33 14.
899 3419 173 34 Gendarm.⸗

114 3455 191 43 Regiments,
349 3457 112 36 Guſtav
495 3457 125 36 Greiner
653 3461 50 30 des
737 3460 333 43 Huſaren⸗Regimenté

116 3498 81 39 Fuͤtſt
221 3498 84 39 Reuß
328 3498 55 32 Nr.
406 3500 29 38 7,
469 3502 57 29 und
551 3500 112 37 Guſtav
687 3501 93 32 Ritſer
803 3509 27 25 v.
854 3503 141 42 Pfrenger
1019 3507 50 30 des

111 3538 327 42 Uhlanen⸗Regiments
453 3541 82 37 Fuͤrſt
560 3541 241 42 Schwarzenberg
824 3543 55 32 Nr.
902 3546 41 39 2;

197 3583 46 30 der
266 3582 193 40 Hauptmann
490 3582 80 38 erſter
598 3583 102 40 Klaſſe,
735 3584 87 39 Peler
850 3586 135 45 Korriòa,
1018 3589 50 33 des

110 3622 128 36 Liktaner
260 3623 281 40 Grenz⸗Regiments
564 3623 54 34 Nr.
643 3626 27 39 1,
692 3628 49 31 als
765 3626 125 44 Maior;
920 3631 77 33 dann
1021 3632 46 34 der

110 3665 193 40 Haupimann
325 3665 80 37 erſter
427 3664 110 39 Klaſſe,
570 3667 73 31 Karl
703 3675 78 34 Hoppe,
814 3672 51 31 des
887 3671 179 42 Jnfanterle⸗

110 3706 168 42 Regiments
301 3704 94 43 Riter
417 3713 28 24 v.
467 3705 170 41 Schoͤnhals
692 3719 24 22 Rr.
739 3712 51 39 26,
812 3715 58 30 und

194 3749 46 30 der.
270 3746 169 49 Ritimeiſter
473 3748 79 37 erfter
586 3750 102 40 Llaſſe.
721 3752 114 37 Guſtav
867 3755 200 45 Wetterhahn,

110 3791 51 32 des
183 3783 159 60 Huſaren⸗
346 3783 178 60 Regiments
556 3790 81 40 Fuͤrſt
667 3792 84 43 Keuß
783 3795 54 34 Rr.
868 3798 29 41 7
926 3799 50 34 nit'
1006 3803 59 34 diai

109 3830 297 41 Majcts⸗Charalter
426 3830 38 33 ad
485 3831 142 35 honores.

509 3898 57 7 —
585 3900 65 7 —

170 3928 75 32 Am
270 3927 52 41 13.
343 3927 143 39 Februarr
512 3930 81 33 1855
616 3933 96 32 wurde
736 3934 28 32 in
787 3936 48 33 der
857 3938 34 33 kt.
906 3940 77 42 Hof⸗
1004 3943 60 33 und

106 3970 247 34 Staatsdruckerei
384 3972 29 32 in
448 3971 87 33 Wien
566 3973 55 32 das
654 3975 78 31 Vll.
759 3977 88 34 Stuͤg
869 3982 51 31 des
933 3978 132 49 Reichs⸗

105 4012 185 42 geſetzblattes
311 4014 182 42 ausgegeben
515 4017 58 40 und
595 4016 149 41 verſendet.

232 4055 143 39 Daoͤſelbe
396 4057 110 40 enthaͤlt
527 4058 83 37 unter

189 4097 57 34 Rr.
268 4098 51 33 26.
363 4098 58 34 Die
442 4098 192 44 Verordnung
657 4106 46 28 der
726 4102 181 41 Miniſterien
930 4108 50 33 des
1003 4109 59 38 Jn⸗

104 4148 72 25 nern
196 4141 59 33 und
278 4143 46 39 der
346 4140 91 42 Juſtiz
459 4149 64 26 vom
554 4143 49 32 28.
625 4142 121 38 Januat
779 4146 92 41 1888,
904 4150 82 43 gilig
1016 4153 46 39 ſür

103 4182 56 32 alle
182 4183 182 38 Lronlaͤnder
386 4186 51 32 mit
460 4185 169 40 Ausnahme
651 4189 45 30 der
713 4186 228 46 Militaͤrgtenze/
964 4196 97 33 Soini

103 4223 42 33 die
154 4223 167 47 Vorſchriſt
344 4227 47 41 fuͤr
412 4228 43 33 die
473 4228 167 42 Bornahme
662 4231 45 32 der
729 4231 188 41 gerichtüchen
933 4235 127 36 Te

104 4265 113 42 beſchau
238 4268 116 40 erlaffen
375 4270 82 33 wird.

135 4330 149 3 Wien,
296 4304 62 52 12.
380 4312 128 38 Februar
531 4314 92 34 1855.

144 4348 88 36 Bom
244 4352 22 33 t.
288 4351 27 41 t.
331 4351 177 38 Redaltons
512 4356 108 37 butcau
642 4357 51 34 bes
714 4356 303 44 Reichsgeſetzblaties.

302 4491 370 55 Nichtamtlicher
695 4498 151 49 Theil.

306 4569 103 55 Die
434 4570 149 45 Krim⸗
595 4575 232 53 Expedition

101 4652 139 45 bildet
276 4654 126 44 gegenwaͤrtig
424 4654 143 44 unſtreitig
590 4657 50 33 den
665 4657 208 42 Schwerpunkt
895 4660 45 32 der
962 4659 93 34 otlen⸗

99 4692 127 49 taliſchen
242 4661 110 83 E
373 4706 58 26 von
454 4701 88 35 ihrem
563 4699 147 42 Ausgang
732 4701 92 42 haͤngt
845 4702 43 34 die
909 4701 60 40 feſte
994 4701 62 34 Ge⸗

99 4738 128 43 ſtaltung
254 4742 54 33 des
327 4742 111 42 dritten
467 4742 264 40 Garantiepunties
761 4745 47 32 ab.
852 4744 77 39 Nach
952 4743 101 43 Allem,

97 4778 63 57 was
172 4782 45 41 in
237 4785 50 33 der
298 4787 106 41 etzten
418 4785 65 43 Zeit
504 4786 69 33 uͤber
594 4786 41 33 die
647 4784 141 44 Stellung
810 4788 63 32 laut
895 4789 158 42 geworden

98 4824 108 48 welche
219 4823 172 48 Deſereq
410 4828 36 43 ſi
466 4829 49 35 der
529 4827 93 45 Frage
642 4834 58 30 von
721 4830 53 33 der
782 4826 202 48 Saoadag
1005 4831 47 33 da

1142 1701 128 48 Loſung

1149 1745 48 37 pol
1219 1740 85 42 ſallen
1327 1748 64 31 oder
1413 1750 98 38 nücht?
1532 1752 63 31 Und
1617 1754 72 32 wird
1711 1756 69 35 nach
1803 1755 58 31 demi
1882 1754 64 39 Fall
1963 1754 138 40 Sebaſto⸗

1155 938 138 38 ruſſiſchen
1317 945 98 39 Macht
1445 949 37 32 im
1513 949 150 41 ſchwarzen
1688 951 99 32 Meere
1817 953 207 36 eingenommen
2047 957 56 38 hat,

1155 981 70 32 kann
1303 987 98 38 keinem
1424 990 117 40 Zweifel
1566 994 187 39 unterliegen,
1788 997 51 34 daß
1862 996 165 36 Oeſterreich
2053 1002 49 28 den

1154 1023 62 38 Fall
1240 1025 187 43 Sebaſtopols
1460 1037 57 35 und
1552 1036 58 40 die
1627 1036 167 39 Croderung
1827 1042 46 27 der
1908 1041 78 29 Krim
2020 1051 81 29 gerne

1152 1061 74 58 ſehen
1260 1075 54 27 und
1345 1076 42 34 bei
1415 1078 49 30 den
1468 1071 235 53 Friedensünte
1713 1079 181 41 hanklungen
1925 1083 69 31 nicht
2019 1085 82 32 daben

1153 1110 98 31 wizken
1274 1115 77 36 wird,
1384 1119 52 29 das
1460 1122 121 29 eoberte
1606 1121 103 31 Geblet?
1734 1126 80 25 uuter
1839 1125 49 27 den
1913 1123 43 30 bis
1981 1124 54 38 jetzt
2059 1129 42 26 de⸗

1152 1151 139 47 ſtebenden
1315 1156 205 41 Verbaͤltniſſen
1552 1165 100 29 wieder
1683 1172 37 22 an
1744 1162 137 38 Raßand
1913 1173 31 28 zu
1976 1159 126 48 bringen.

1152 1194 59 36 Auf
1234 1195 42 30 der
1300 1202 103 29 andern
1418 1201 82 32 Seile
1523 1205 69 30 wird
1612 1204 48 38 ſich
1677 1206 65 31 aber
1761 1204 176 38 Ocfferre
1893 1190 39 57 c
1963 1206 25 31 io
2008 1206 95 37 ſwant

1152 1239 68 33 ung,
1244 1238 41 30 nie
1311 1243 64 36 dazu
1398 1245 137 40 verſtehen
1559 1247 116 39 koͤnnen,
1707 1251 39 27 die
1770 1247 165 38 Forderung
1961 1248 88 31 a“R
2074 1250 29 35 ß—

1153 1281 65 28 land
1240 1288 35 38 zu
1295 1285 187 40 unterßtuͤtzen,
1511 1289 123 34 dasſelde
1659 1291 47 34 ſol
1730 1289 141 39 freuwillia
1895 1292 50 29 den
1969 1290 47 31 Vo
2035 1292 67 31 thn—

1152 1323 44 43 len,
1220 1327 134 36 enihigen,
1371 1332 104 33 weiche
1499 1334 30 25 es
1554 1334 95 37 derzeit
1672 1335 28 29 in
1725 1334 44 30 der
1792 1333 79 31 Lrim
1897 1332 90 41 deſitzt
2030 1333 72 32 Eie

1152 1364 82 36 ſolche
1257 1364 183 46 Zunuthung
1474 1373 75 31 wäre
1583 1376 148 38 laͤcherlſch,
1766 1379 58 28 uld
1860 1376 94 39 deſſen“
1990 1380 44 27 der
2069 1376 32 35 ſi—

1152 1405 90 38 ſtelleg.
1266 1410 99 39 wollte,
1389 1413 71 37 nicht
1485 1415 104 32 minder
1612 1417 162 41 Unwubig
1797 1419 47 30 As
1869 1417 96 41 deſfen,
1989 1420 58 30 dem
2068 1418 33 39 fie

1152 1447 101 41 geftellt
1275 1451 103 33 würde.

1204 1489 87 38 Die
1309 1493 99 42 Frage,
1434 1498 33 30 ob
1483 1498 169 37 Oeſterreich
1676 1507 75 27 tiwa
1772 1505 80 29 unter
1870 1502 168 34 Umſtaͤnden
2062 1512 38 24 an

1152 1532 47 47 det
1221 1532 270 43 Etim⸗Expedition
1515 1540 46 39 ſich
1587 1543 162 41 deiheiligel
1772 1545 115 39 warde
1921 1546 97 37 fSelnat
2042 1547 59 31 uds

1152 1576 139 48 kermalen
1314 1582 66 33 noch
1404 1582 71 36 nicht
1497 1582 146 40 ſpruͤchreil
1667 1595 32 30 zu
1723 1585 64 40 ſein.
1832 1586 49 33 So
1904 1589 55 30 vid
1982 1588 67 32 aber
2071 1588 29 38 iſt

1151 1619 106 48 gewiß,
1288 1621 53 39 daß
1364 1623 41 33 die
1427 1622 107 44 Loͤſung
1557 1627 45 32 der
1625 1627 245 43 Garantienfrage
1892 1632 134 38 geradezu
2048 1638 53 25 un.

1150 1661 114 40 moͤglich
1294 1667 147 35 geworden
1471 1675 31 31 zu
1514 1668 72 38 ſein
1615 1669 107 41 ſcheint/
1752 1672 71 38 ohue
1853 1672 40 31 die
1923 1668 176 48 gleichzeitige

1282 1705 45 31 der
1350 1707 124 41 blutigen
1497 1708 91 43 Frage
1610 1711 29 32 in
1663 1713 45 32 der
1730 1710 102 35 Erim:
1857 1712 82 34 Wird
1963 1713 138 38 Sebaſto⸗

1149 1787 66 36 pols
1238 1786 41 32 die
1302 1788 79 34 Krim
1410 1791 29 33 in
1469 1792 40 33 die

1531 1793 104 42 Haͤnde
1657 1796 45 32 der
1725 1796 131 34 Allürten
1879 1799 134 40 gerathen
2036 1799 64 31 oder

1149 1828 104 38 nicht?

1946 1840 69 32 —

1461 1934 189 58 Jnlan
1689 1944 87 39 d.

1231 2000 167 41 ABram,
1424 2004 47 32 16.
1495 2004 64 38 Feb.
1583 2007 116 39 Geſtern
1723 2009 66 39 hielt
1812 2009 45 32 der
1881 2010 97 40 hieſige
1995 2011 99 38 Spar—

1146 2042 212 39 laſſe⸗Vereig
1391 2045 70 37 ſeine
1490 2048 160 39 allgemeine
1673 2050 229 42 Verſammlung.
1947 2053 66 31 Aus
2037 2054 58 31 den

1146 2085 81 36 durch
1251 2086 52 31 den
1326 2086 108 40 Vraͤſes
1458 2089 134 39 derſelben
1615 2092 155 37 erſtatteten
1786 2093 126 38 Berichte
1935 2097 96 30 wurde
2055 2105 40 22 er⸗

1146 2125 129 42 ſichtlich,
1305 2129 53 36 daß
1388 2130 29 33 in
1447 2132 58 31 dem
1536 2133 204 41 abgelaufenen
1764 2134 92 41 Jahre
1889 2136 40 32 die
1954 2132 141 51 Einlagen

1145 2179 87 32 gegen
1266 2171 41 36 die
1331 2171 227 45 Ruͤckzahlungen
1591 2185 48 24 um
1673 2177 44 32 ein
1740 2176 199 35 Bedeutendes
1967 2180 129 41 geringer

1145 2219 99 26 waren
1267 2231 27 6 —
1294 2217 197 39 ungeachtet
1523 2217 86 40 deſſen
1643 2219 94 39 entfiel
1770 2220 51 40 auf
1850 2221 60 32 eine
1933 2221 77 34 Allie
2039 2229 57 26 von

1147 2255 59 33 100
1228 2255 30 40 ſ.
1281 2257 43 32 ein
1347 2258 90 33 reiner
1461 2259 126 34 Gewinn
1609 2268 56 26 von
1691 2262 37 33 16
1752 2262 29 41 fl.
1802 2280 42 8 —
1866 2263 63 33 Der
1929 2260 164 50 Vorſchlag

1144 2299 50 30 des
1217 2298 119 42 Braͤſes,
1366 2301 53 39 daß
1441 2303 63 39 alle,
1532 2302 75 41 ſelbſt
1628 2304 72 37 nicht
1723 2305 30 32 in
1776 2305 109 43 Agram
1908 2307 111 33 lebende
2042 2308 53 32 Al

1142 2340 127 39 tionaͤre,
1301 2343 56 31 und
1387 2350 74 32 zwar
1484 2345 41 31 die
1547 2345 115 40 Letztern
1685 2347 45 32 der
1756 2347 70 40 Att,
1858 2357 39 23 an
1920 2350 51 31 den
1995 2349 100 33 Direr⸗

1142 2382 231 41 tionogeſchaͤlten
1396 2385 83 39 Theil
1500 2388 118 38 nehmen
1641 2388 93 41 ſollen,
1758 2390 53 39 daß
1834 2389 33 39 ſie
1891 2391 29 32 in
1943 2392 73 39 ihret
2037 2392 58 32 Ab⸗

1142 2425 145 40 weſenheit
1299 2425 183 44 Subſtituten
1504 2437 33 31 zu
1557 2430 92 37 ſtellen
1664 2431 168 41 verpflichlet
1847 2432 129 40 wuͤrden,
1999 2435 96 31 wurde

1141 2476 205 32 angenommen
1369 2487 40 7 —
1428 2472 57 31 und
1509 2472 41 31 die
1563 2471 219 44 Ausarbeitung
1806 2474 85 39 dieſes
1908 2475 189 39 Vorſchlages

1141 2512 58 30 dem
1223 2510 347 43 Direktions⸗Ausſchuſſe
1593 2515 180 41 uͤbertragen!
1808 2516 140 38 Nachdem
1970 2526 47 31 zur
2041 2517 58 33 Re⸗

1139 2551 88 37 viſion
1250 2555 46 29 der
1315 2553 193 41 Rechnungen
1531 2557 91 38 einige
1636 2556 167 39 Mitglieder
1826 2563 123 28 ernannt
1971 2561 58 30 und
2053 2560 44 32 ein

1136 2600 85 23 geuer
1243 2593 353 41 Direftions⸗-Ausſchuß
1619 2599 124 38 gewaͤhlt
1766 2601 95 37 ward,
1895 2601 50 38 hat
1974 2601 48 38 ſich
2053 2602 42 30 die

1134 2631 217 43 Verſammlung
1374 2635 145 40 aufgelöſt.

1215 2674 213 42 *Agram,
1454 2677 48 32 15.
1526 2677 135 39 Februar.
1696 2678 63 33 Der
1782 2680 170 42 diesjährige
1976 2681 113 34 Winter

1131 2717 47 33 hat
1201 2717 79 33 einen
1302 2718 57 40 ſehr
1383 2719 165 40 launiſchen,
1566 2722 275 39 wetterwendiſchen,
1867 2724 219 41 unbeſtaͤndigen

1130 2758 163 39 Chatakter.
1338 2760 78 34 Mild
1447 2763 57 31 und
1535 2762 151 40 freundlich
1717 2765 52 32 wie
1800 2766 43 33 ein
1875 2762 205 51 Fruͤhlingetag

1130 2803 41 31 bei
1193 2802 99 39 ſeigem
1316 2803 114 42 Beginn
1455 2805 142 39 ſtreichelte
1628 2816 28 23 er
1686 2807 97 38 unſere
1805 2807 135 43 Wangen
1964 2811 49 31 mil
2036 2811 47 38 ſei⸗

1129 2853 56 24 nen
1219 2844 226 41 Sammtpfoten.
1482 2846 113 39 Spaͤter
1628 2849 66 32 aber
1728 2850 141 39 entfaltete
1903 2860 28 24 er
1963 2853 118 38 ploͤtziich

1129 2887 58 32 eine
1212 2888 228 40 ungewoͤhnliche
1463 2889 145 42 Strenge,
1642 2892 41 31 die
1706 2896 59 28 uns
1789 2894 115 39 beinahe
1930 2895 54 31 das
2008 2895 74 32 Blut

1128 2929 29 32 in
1181 2930 50 31 den
1255 2930 95 32 Adern
1372 2930 136 41 gefrieren
1531 2934 102 37 machte
1661 2936 57 30 und
1749 2935 103 41 begrub
1882 2939 59 29 uns
1965 2937 29 32 in
2018 2937 63 38 fuß—

1127 2971 83 38 tiefen
1243 2971 224 42 Schneemaſſen.
1522 2975 93 32 Dann
1648 2976 139 33 wandelte
1820 2978 48 38 ihn
1902 2979 101 32 wieder
2037 2980 44 32 ein

1128 3014 65 39 zwei
1216 3013 82 43 Tage
1322 3015 58 32 eine
1405 3017 110 32 mildere
1539 3017 170 43 Geſinnung
1740 3028 49 31 an,
1823 3021 46 32 der
1893 3020 113 38 Schnee
2037 3023 44 31 be—

1128 3065 78 30 gann
1236 3066 32 31 zu
1298 3057 143 40 ſchmelzen
1472 3060 57 31 und
1556 3061 53 32 wir
1640 3060 82 38 ſahen
1752 3062 29 33 in
1811 3063 45 32 der
1879 3068 86 37 guten
1989 3064 93 33 Stabt

1127 3099 108 39 Agram
1258 3101 45 31 ein
1318 3100 69 32 Bild
1411 3103 49 29 des
1477 3101 100 36 Chaos
1601 3103 36 30 im
1654 3104 130 39 Kleinen,
1808 3106 64 31 bald
1896 3107 66 31 aber
1978 3108 103 36 machte

1128 3150 26 22 er
1178 3141 101 32 wieder
1303 3143 44 31 ein
1370 3143 153 41 ſtrengeres
1548 3144 119 39 Geſicht,
1701 3146 218 40 wahrſcheinlich
1943 3149 65 32 weil
2030 3149 49 37 ihn

1126 3184 45 30 der
1184 3183 111 32 Anblick
1317 3185 48 30 des
1389 3185 167 40 grundloſen
1571 3186 109 38 Kothes
1704 3187 109 41 aͤrgerte
1835 3191 58 29 und
1916 3199 29 23 er
1969 3191 111 31 breitete

1124 3224 69 40 aufs
1207 3224 81 33 Neue,
1311 3226 69 38 ſeine
1403 3228 85 39 weiße
1505 3228 83 31 Decke
1611 3229 67 31 uͤder
1701 3231 41 30 die
1765 3231 152 34 ſtinkenden
1940 3231 137 40 Suͤmpfe.

1124 3267 45 36 Jn
1193 3271 59 30 dem
1275 3268 93 40 Rathe
1392 3270 44 31 der
1459 3271 56 31 drei
1538 3269 165 41 Planeten:
1737 3272 128 40 Merkur,
1888 3274 106 33 Venus
2020 3277 56 30 und

1125 3310 103 41 Mars,
1262 3313 97 36 welche
1388 3311 47 37 ſich
1466 3321 38 23 an
1534 3314 52 30 den
1617 3313 133 32 Abenden
1780 3316 49 30 des
1855 3317 37 38 7.,
1915 3317 29 31 8.
1967 3318 56 30 und
2048 3318 28 31 9.

1124 3352 128 38 Februar
1276 3362 45 23 am
1343 3354 125 40 Himmel
1492 3354 43 32 ein
1559 3354 187 41 Rendezvous
1769 3358 108 39 gaben,
1910 3359 98 35 ſcheint
2032 3362 44 28 be⸗

1125 3394 123 40 ſchleſſen
1271 3396 113 31 worden
1407 3404 32 31 zu
1461 3396 72 39 ſein,
1568 3397 40 32 die
1632 3398 159 40 Herrſchaft
1814 3401 50 30 des
1888 3400 133 33 Winters
2045 3411 33 31 zu

1124 3438 120 39 brechen,
1278 3436 119 34 Stroͤme
1420 3445 55 25 von
1500 3438 98 42 Regen
1622 3441 115 37 drohten
1760 3442 41 31 die
1824 3444 70 38 letzte
1911 3442 87 40 Spur
2022 3452 56 25 voͤn

1117 3478 117 38 Schnee
1255 3488 32 30 zu
1311 3480 148 41 vertilgen,
1480 3481 65 32 aber
1568 3483 46 30 der
1637 3482 113 33 Winter
1764 3484 69 33 will
1858 3485 48 38 ſich
1929 3487 42 31 die
1987 3487 90 41 Herr⸗

1122 3521 81 40 ſchaft
1232 3522 70 35 nicht
1331 3521 27 39 ſo
1389 3523 111 37 leichten
1530 3523 113 37 Kaufes
1672 3525 118 39 nehmen
1820 3526 98 40 laſſen,
1952 3532 31 28 es
2015 3530 63 39 geht

1121 3564 52 32 wie
1197 3564 48 32 mit
1268 3564 44 31 der
1335 3563 151 42 Brechung
1510 3566 45 30 der
1577 3566 65 39 rufſ.
1662 3566 180 39 Uebermacht
1865 3569 37 31 im
1926 3569 150 41 ſchwalzen

1120 3605 110 40 Meere,
1260 3606 41 33 die
1324 3605 101 39 Feinde
1448 3608 50 32 des
1521 3607 133 35 Winters
1678 3610 97 38 hatten
1797 3620 33 31 zu
1852 3611 65 39 fruͤh
1941 3613 135 40 frohloct,

1120 3658 28 23 er
1171 3649 31 40 iſt
1223 3650 100 33 wieder
1346 3651 33 30 da
1403 3649 49 32 mit
1474 3650 39 32 all
1536 3650 99 42 ſeinem
1658 3651 132 42 Schnee,
1824 3655 46 31 der
1893 3654 30 33 in
1945 3655 129 40 weniger

1120 3691 138 33 Stunden
1281 3693 54 31 das
1358 3692 163 40 Kothchaos
1550 3694 102 32 wieder
1682 3695 50 32 mit
1755 3696 75 32 einer
1854 3697 108 39 weißen
1986 3697 89 41 Hülle

1119 3734 98 32 bedeckt
1238 3734 58 40 hat.

1202 3775 36 41 .
1260 3775 217 41 8engg,.9.
1506 3775 137 40 Februar.
1688 3777 71 33 Das
1783 3778 165 40 Erſcheinen
1978 3781 96 40 zweier

1118 3818 111 42 Herren
1252 3821 58 29 aus
1327 3817 145 40 Marſeille
1494 3818 30 32 in
1547 3818 112 40 unſerer
1672 3820 119 43 Gegend
1814 3822 59 41 gibt
1895 3822 46 39 ſeit
1964 3824 110 40 einigen

1118 3861 102 41 Tagen
1245 3860 98 40 Anlaß
1371 3869 59 30 zum
1454 3860 157 40 Geſpraͤche
1640 3862 69 34 uͤber
1738 3864 81 33 einen
1848 3864 122 40 ſeltenen
2000 3866 73 33 Erb⸗

1118 3902 162 41 ſchaftsfall.
1302 3902 52 37 Jm
1371 3902 93 40 Jahre
1487 3903 80 33 1811
1590 3911 62 26 war
1675 3905 58 41 hier
1756 3907 81 39 durch
1861 3907 81 34 einen
1964 3909 108 41 jungen

1119 3946 101 33 Mann
1242 3946 169 38 vornehmen
1434 3945 153 42 Standes,
1616 3948 44 32 ein
1684 3948 131 40 hübſches
1840 3949 232 39 Dienſtmaͤbchen

1118 3992 57 29 aus
1198 3990 58 29 dem
1272 3987 92 38 Dorfe
1381 3987 159 41 Starigrad
1564 3991 49 29 des
1625 3989 153 35 Otodaner
1789 3991 283 43 Grenz⸗Regiments

1117 4032 29 31 in
1170 4030 139 42 geſegnete
1322 4029 148 39 Umſtaͤnde
1492 4032 143 38 gerathen.
1665 4032 59 33 Die
1737 4032 128 39 Schaam
1888 4034 125 41 nöthigte
2036 4035 36 39 ſie

1115 4074 58 38 ihre
1196 4072 134 42 Heimath
1352 4081 32 30 zu
1405 4072 145 39 verlafſen.
1596 4073 57 33 Sie
1677 4075 87 41 begab
1787 4075 49 40 ſich
1870 4077 67 37 nach
1961 4077 103 42 Fiume

1114 4122 45 26 wo
1183 4114 33 40 ſie
1241 4114 72 39 ihrer
1326 4113 186 40 Leibesftucht
1534 4116 161 34 entbunden
1716 4119 106 32 wurde.
1845 4117 74 41 Jhre
1935 4120 136 40 bluͤhende

1113 4200 90 41 liſcher
1226 4199 222 40 Stabsofftzier,
1480 4202 45 30 der
1554 4199 49 41 ſich
1632 4210 33 32 zu
1694 4202 78 40 jener
1794 4204 190 41 kriegeriſchen
2006 4205 65 40 Zeit

1113 4243 49 32 mit
1184 4242 86 40 ſeiner
1291 4242 118 39 Familie
1439 4242 29 32 in
1491 4241 99 39 Fiume
1611 4245 201 41 aufgehalten,
1841 4248 86 39 nahm
1957 4247 34 39 ſie
2021 4251 48 29 als

1112 4285 116 39 Amme,
1261 4287 58 30 und
1351 4284 68 37 nach.
1448 4283 87 38 ſeiner
1564 4285 114 41 Abreiſe
1707 4287 87 43 folgte
1824 4288 35 39 ſie
1887 4291 68 36 auch
1983 4290 87 38 ſeiner

1112 4326 120 39 Familie
1255 4327 59 33 mit.
1342 4326 189 40 Verhältniſſe
1553 4327 129 39 brachten
1705 4328 35 40 ſie
1763 4331 103 37 enblich
1889 4333 69 35 nach
1981 4332 90 34 Mar⸗

1111 4369 89 40 ſeille,
1229 4376 46 27 wo
1305 4369 35 38 ſie
1363 4368 79 39 durch
1464 4369 59 39 ihre
1545 4368 101 41 ſeltene
1669 4370 158 42 Schoͤnheit
1850 4374 58 32 und
1931 4374 44 41 ihr
1998 4375 73 40 ſonſt

1110 4415 85 37 gutes
1219 4412 180 42 Benehmen,
1429 4411 41 31 die
1493 4410 103 43 Augen
1626 4413 80 33 eines
1728 4415 107 39 reichen
1857 4415 138 35 Mannes
2018 4419 55 40 auf

1111 4453 50 39 ſich
1184 4463 60 33 zog,
1266 4456 46 32 der
1334 4454 35 41 ſie
1391 4454 67 38 auch
1481 4453 162 42 heirathete.
1664 4456 132 40 Obſchon
1818 4468 29 24 er
1870 4459 51 34 mit
1935 4460 44 43 ihr
1996 4461 74 35 keine

1109 4497 109 33 KEinder
1241 4499 84 39 hatte,
1347 4498 27 38 ſo
1397 4504 62 25 war
1480 4495 72 40 ſeine
1565 4496 78 35 Liebe
1665 4508 33 32 zu
1720 4501 43 40 ihr
1787 4503 64 37 doch
1868 4502 28 40 ſo
1910 4505 82 40 groͤß,
2014 4507 55 39 daß

1079 4547 60 24 Per
1168 4541 44 38 ihr
1242 4540 45 32 ein
1317 4540 182 32 bedeutendes
1522 4538 165 43 Bermoͤgen
1717 4544 160 41 hinterließ.
1921 4546 44 32 Er
1996 4548 75 36 ſtarb

1108 4587 53 27 vor
1183 4584 54 37 ihr.
1259 4583 56 32 Am
1337 4582 51 33 24
1400 4581 68 40 Dez
1484 4586 27 26 v.
1535 4580 34 37 J.
1591 4582 74 40 ſtatb
1687 4587 69 37 auch
1780 4586 44 41 ſie,
1847 4588 45 34 ein
1904 4587 164 44 Vermögen

1107 4628 59 28 pon
1197 4625 68 33 uͤber
1304 4624 133 40 100.000
1470 4623 129 38 Franken,
1636 4626 215 45 hinterlafſend;
1906 4632 59 32 und
2005 4641 62 25 ngn

1108 4665 72 38 ſucht
1201 4669 48 30 der
1271 4668 113 36 redliche
1406 4666 174 33 Berwandte
1601 4667 78 40 ihres
1696 4669 113 35 Gatten
1832 4674 51 31 uut
1905 4674 89 32 einem
2007 4675 60 32 Ge⸗

1106 4709 140 40 nealogen
1267 4710 60 40 ihre
1348 4709 95 33 Erben
1466 4709 37 31 im
1528 4707 111 41 Bezirke
1662 4711 50 32 des
1727 4712 153 36 Otosaner
1895 4715 171 42 Regiments

1104 4747 39 34 im
1164 4749 168 44 geſetzlichen
1354 4751 90 42 Wege
1465 4750 60 39 auf.
1568 4749 79 41 Nach
1670 4754 47 32 der
1739 4755 136 44 Ausfage
1903 4759 84 38 Nie
2010 4760 55 33 deſ⸗

1104 4793 53 31 den
1185 4792 100 42 Herrn
1322 4796 49 40 ſoll
1400 4797 41 31 die
1469 4793 187 40 Verſtorbene
1685 4797 53 33 ein
1760 4798 115 39 Muſler
1904 4802 160 39 haͤuslicher

1104 4830 184 47 Wirthſchaft
1314 4838 125 43 geweſen
1467 4838 66 42 ſein.
1556 4836 79 35 Die
1665 4837 115 46 Ecben
1811 4841 84 35 Teie

1114 4157 173 38 Geſundzeit
1308 4155 157 41 verſchaffte
1486 4157 45 40 ihr
1554 4158 64 33 bald
1641 4159 61 33 eine
1717 4160 177 41 Unterkunfi.
1918 4161 59 35 Ein
2003 4171 68 33 eng⸗

2601 808 146 40 XXX.
2788 799 273 73 Hahrgang.

2839 890 271 32 cmiiiiiiii

2158 958 139 34 unterſten
2309 959 200 34 Volksichichte
2531 961 77 39 jener
2631 970 96 23 armen
2752 963 130 40 Gegend,
2904 967 86 31 haben
3013 969 46 36 ſich
3082 971 63 32 in

2157 1000 115 38 ziemlich
2302 1003 101 40 großer
2433 1003 75 39 Zahl
2540 1006 148 36 gemeldet,
2722 1010 57 27 und
2810 1011 31 27 es
2867 1007 88 32 duͤrcte
2979 1013 77 31 ducch
3079 1012 33 35 ſie

2155 1046 67 35 auch
2254 1048 126 34 mancher
2417 1046 73 32 ihrer
2514 1046 208 41 Dorfgenoſſen
2748 1051 41 28 die
2812 1051 84 38 groſte
2920 1049 77 32 Noth
3020 1055 93 32 gemil—

2155 1090 55 26 dert
2235 1087 86 33 ſchen.
2351 1088 80 41 „Wo
2455 1091 41 31 die
2520 1089 78 39 Noch
2622 1100 45 22 am
2691 1091 147 41 Höchſten,
2863 1096 34 28 da
2921 1095 28 35 iſt
2974 1093 73 32 Golt
3069 1104 45 22 am

2154 1122 163 50 Naͤchuen.“

2237 1169 126 35 Wirn.
2409 1173 63 33 Der
2502 1174 175 39 franzöſiſche
2708 1175 79 40 „Mon
2797 1177 106 30 teur“
2935 1179 97 28 meldet
3061 1179 53 31 wie

2156 1212 88 35 fogt:
2281 1214 208 41 „Getegentlich
2524 1219 46 28 der
2601 1217 238 35 Unerichnung
2872 1222 49 27 des
2954 1221 158 32 Bertrages

2156 1259 61 37 Vem
2242 1254 26 28 2.
2293 1254 149 38 Dezember
2473 1260 46 33 hat
2544 1259 54 32 Se.
2631 1260 32 31 kf.
2688 1266 87 31 pot.
2804 1260 139 34 Maleſtaͤt
2967 1261 56 32 Sr.
3048 1262 63 37 Erz.

2156 1295 98 39 Herru
2288 1296 119 41 Tronyn
2442 1308 28 23 te
2501 1301 128 40 L'Hrys,
2664 1302 137 37 Miniſter
2835 1308 46 26 der
2912 1306 200 32 auswartigen

2157 1338 43 27 As
2226 1340 191 37 clegenheen,
2441 1345 51 28 das
2516 1345 160 36 Geßzkreut
2701 1350 48 27 des
2775 1346 43 31 St
2853 1347 257 41 Seppauordeusz

2157 1383 56 26 dem
2234 1381 59 28 ka.
2319 1383 189 37 ſenzöſiſchen
2533 1386 160 32 Gelandien
2718 1398 45 21 am
2788 1389 118 31 Wiener
2922 1390 87 40 Huie,
3035 1389 75 34 Bar.

2155 1419 202 42 Bourqueney,
2382 1425 51 30 das
2458 1426 155 41 Großreuz
2637 1432 48 28 des
2703 1431 246 39 Leopoidordeng;
2974 1435 57 28 dem
3054 1432 52 32 Di⸗

2155 1462 87 33 tettor
2267 1466 43 28 der
2333 1466 155 38 politiſchen
2513 1468 251 42 Angelegenheiten
2788 1474 36 30 im
2838 1473 196 35 Miniſerium
3058 1478 50 28 des

2156 1506 140 38 Aeußern,
2320 1507 176 42 Thouvenel,
2530 1513 51 29 daa
2605 1514 159 38 Großkreuz
2789 1517 48 30 des
2860 1516 120 31 Ordeng
3004 1518 45 29 der
3071 1518 38 30 ci⸗

2154 1545 95 39 ſeinen
2266 1548 116 42 Krone;
2406 1553 57 30 dem
2476 1552 197 41 Kabinetschef
2695 1556 36 31 im
2747 1555 197 37 Miniſterium
2967 1560 46 29 der
3036 1562 72 27 aus⸗

2154 1588 139 42 waͤttigen
2318 1591 262 46 Angelegenheiten,
2613 1596 128 34 Vicomie
2764 1599 31 31 de
2801 1595 307 51 Meloijes⸗Fresnoy

2154 1632 57 31 und.
2236 1632 58 32 dem
2318 1634 84 33 erſten
2426 1636 134 33 Sekretaͤr
2592 1639 44 32 der
2666 1640 61 39 kaiſ.
2750 1640 194 39 franzoͤfiſchen
2967 1643 142 35 Geſandi

2154 1671 85 39 ſchaft
2262 1675 30 31 in
2315 1675 96 41 Wien,
2434 1677 127 34 Vicomte
2583 1681 30 31 de
2626 1679 103 39 Serre,
2752 1683 55 30 das
2816 1677 294 50 LNommandeurkreuz

2154 1714 49 31 des
2220 1714 352 45 Leopold⸗Ordens;
2498 1710 74 55 dem
2586 1720 357 41 Geſandtſchaftsſekrelaͤr
2945 1720 164 49 Marquis

2152 1762 38 25 v.
2197 1755 236 41 CEhateaurenard
2455 1763 58 31 und
2530 1763 63 31 dem
2610 1762 373 42 Geſandtſchafts⸗Attaché,
3007 1766 104 34 Baron

2153 1797 173 44 de-Cholet,
2356 1802 53 31 das
2433 1802 170 42 Ritterkreuz
2633 1806 45 31 der
2709 1805 122 39 eifernen
2861 1807 98 33 Krone
2987 1817 33 31 zu
3049 1815 62 27 ver⸗

2151 1840 91 42 leihen
2263 1843 110 42 geruht.

2236 1884 141 43 Dagegen
2411 1888 130 39 erhielten
2575 1896 58 26 von
2667 1889 56 34 Sr.
2757 1890 139 39 Majeſtaͤt
2928 1893 59 32 dem
3011 1893 99 36 Kaiſer

2152 1925 151 41 Napolcon
2325 1928 75 41 Jhre
2422 1930 174 41 Erzellenzen
2613 1932 80 39 Graf
2708 1933 311 41 Buol⸗Schauenſtein,
3042 1936 66 32 Mi⸗

2152 1970 82 38 niſter
2257 1972 44 31 der
2324 1973 199 39 auswaͤrtigen
2546 1973 256 42 Angelegenheiten
2834 1978 57 31 und
2923 1979 49 30 des
3003 1977 104 37 kaiſerl.

2151 2012 133 41 Hauſes,
2316 2014 53 31 das
2393 2015 159 40 Großkreuz
2582 2019 45 29 der
2651 2017 212 42 Ehrenlegion;
2896 2019 103 32 Baron
3023 2019 87 33 Wer⸗

2149 2063 49 23 ner
2220 2054 298 42 Unterſtaatsſekretär
2547 2060 38 30 im
2610 2059 196 34 Miniſterium
2837 2062 45 29 der
2905 2061 203 41 auswaͤrtigen

2149 2096 264 41 Angelegenheiten,
2446 2101 58 30 und
2537 2100 102 32 Baron
2673 2101 132 41 Huͤbner,
2839 2102 33 33 kt.
2896 2102 159 39 Geſandter
3078 2104 31 32 in

2150 2137 103 41 Varis,
2286 2140 54 32 das
2372 2140 305 43 Großofftzierskreuz;
2712 2143 40 33 die
2781 2144 113 42 Herren
2916 2145 130 42 Hofrath
3070 2146 39 32 im

2149 2180 194 38 Miniſterium
2376 2184 46 32 der
2455 2185 199 42 auswaͤrtigen
2688 2186 273 41 Angelegenheitel,
3005 2188 107 33 Baron

2149 2230 26 25 x.
2207 2223 189 44 Meyſenbug,
2429 2227 58 32 und
2520 2229 45 30 der
2600 2228 64 39 aſte
2698 2228 348 40 Gefandtſchaftoſckretaͤr
3080 2230 31 33 in

2149 2265 103 40 Paris,
2276 2267 103 33 Baron
2402 2276 27 24 v.
2452 2269 160 40 Ottenfels,
2644 2272 54 30 das
2721 2271 313 42 Kommandeurkreuz;
3069 2273 42 32 die

2148 2307 284 42 Legationsſekreiaͤre
2455 2311 81 39 Fuͤrſt
2558 2312 171 38 Metternich
2752 2316 57 30 und
2827 2314 81 38 Fuͤrſt
2908 2310 201 50 Schoͤnburg,

2147 2353 57 29 und
2236 2353 45 30 der
2310 2352 337 41 Geſandtſchaftsattache
2678 2355 79 39 Graf
2786 2356 105 32 Traun
2923 2358 54 30 das
3001 2356 109 33 Ritter⸗

2147 2392 75 40 kreuz
2245 2394 47 31 der
2315 2393 204 43 Ehrenlegion.

2232 2435 63 32 Der
2319 2436 127 41 belgiſche,
2472 2437 191 41 Moniteur“
2696 2440 115 36 meldet,
2844 2441 53 38 daß
2928 2441 45 32 der
3005 2440 108 37 Jnten⸗

2151 2476 68 31 dant
2243 2478 45 30 der
2312 2478 61 32 kön.
2395 2478 146 39 Cwvilliſte,
2575 2480 130 32 Vicomte
2734 2483 29 29 de
2787 2481 152 41 Eonway,
2969 2490 58 25 von
3056 2484 57 32 Sr.

2152 2517 139 40 Majeſtät
2315 2521 60 30 dem
2391 2521 111 40 Koͤnige
2528 2523 39 30 die
2585 2522 197 40 Bewilligung
2807 2525 127 38 erhalten
2958 2527 78 37 habe,
3060 2527 54 30 das

2151 2560 143 38 ihm,von
2326 2561 57 33 Sr.
2414 2563 32 31 kt.
2477 2564 87 38 apoſt.
2595 2564 140 38 Majeſtaͤt
2765 2567 156 36 verliehene
2952 2567 162 41 Großkreuz

2148 2602 50 30 des
2216 2602 90 39 Franz
2322 2603 245 39 Joſeph⸗-Ordens
2584 2609 158 28 annebmen
2762 2610 57 28 und
2836 2611 99 36 tragen
2952 2618 32 29 zu
3000 2610 110 34 duͤrfen!

2230 2642 139 40 Wien,
2401 2645 29 31 6.
2460 2645 137 38 Februar.
2643 2648 80 37 Fürſt
2748 2648 193 40 Gortſchaleff
2970 2652 74 33 hatte
3075 2652 36 31 im

2141 2683 86 38 Laufe
2251 2686 46 30 der
2320 2687 92 38 letzten
2437 2687 82 40 Tage
2541 2697 32 29 zu
2598 2689 295 33 wicderholtenmafen
2918 2693 193 35 Beſprechun⸗

2139 2735 52 30 gen
2222 2727 29 31 in,
2285 2729 57 31 dem
2367 2728 194 35 Miniſterium
2586 2732 49 30 des
2660 2731 146 37 Aeußern,
2841 2736 40 28 bei
2905 2738 114 35 welcher
3044 2737 61 31 Ge⸗

2138 2769 138 40 legenheit
2298 2772 68 35 auch
2390 2771 42 32 die
2455 2772 189 40 Verhaͤlmiſſe
2668 2775 27 31 in
2720 2778 59 28 den
2796 2775 214 38 Fuͤrſtenthume
3027 2778 77 33 Ser—

2137 2811 61 33 bien
2235 2821 48 30 zur
2313 2812 131 39 Sprache
2480 2816 157 39 gekommen
2676 2816 67 38 ſind.
2790 2818 80 38 Fürſt
2888 2815 208 51 Gortichakoff,

2135 2854 55 30 das
2219 2854 72 32 kann
2319 2856 38 37 ich
2379 2855 102 39 Jhnen
2503 2859 49 30 als
2576 2858 133 34 beſtimit
2732 2862 124 37 melden,
2886 2863 156 37 proteſtirte
3065 2865 38 31 in

2135 2894 112 33 Namen
2280 2897 86 38 ſeiner
2391 2898 166 42 Regierung
2580 2901 52 38 auf
2654 2902 151 40 energiſche
2829 2903 92 38 Weiſe
2945 2914 88 31 gegen
3060 2908 42 31 die

2134 2938 154 42 mehrſeitig
2318 2940 169 40 aufgeſtellte
2515 2942 215 41 Behauptung?
2761 2945 52 35 daß
2845 2945 41 31 die
2918 2946 29 32 in“
2972 2947 129 33 Serbien

2134 2981 50 30 mit
2219 2981 97 32 immer
2346 2982 131 41 groͤßerer
2507 2983 160 39 Sicherbeit
2697 2986 194 39 auftretenden
2923 2990 178 37 panflaviſti⸗

2135 3021 75 38 ſchen
2234 3023 168 41 Tendenzen
2434 3025 47 38 ſich
2512 3028 46 30 der
2582 3027 213 42 Unterſtuͤtzung
2820 3029 158 39 Rußlands
3001 3042 32 30 zu
3058 3043 42 22 er⸗

2134 3065 98 37 freuen
2263 3067 105 36 haͤtten.
2415 3061 87 55 „Ruß
2507 3071 66 30 and
2605 3072 69 34 habe
2704 3074 50 29 mit
2785 3076 81 28 derler
2890 3072 93 38 Jdeen
3006 3076 93 32 nichts

2133 3115 32 30 zu
2196 3110 70 34 thun
2298 3111 58 30 und
2384 3114 34 27 es
2442 3112 34 36 ſei
2499 3113 123 30 niemals
2647 3115 29 29 in
2701 3116 44 28 der
2769 3114 107 39 Abſicht
2900 3121 89 30 ſeines
3013 3117 85 33 Sou⸗

2133 3150 108 31 peraͤns
2273 3153 133 38 gelegen,
2437 3154 41 30 die
2509 3155 187 37 orienialiſche
2720 3155 92 41 Frage
2836 3167 60 27 zum
2920 3158 189 35 Deckmantel.

2132 3191 45 38 fuͤr
2202 3193 146 32 nationale
2373 3194 270 37 Demonſtratiogen
2665 3206 33 29 zu
2723 3200 158 38 kenuͤtzen.“
2928 3196 149 51 (Weſ8.)

2217 3234 128 33 Wienn.
2390 3236 79 32 „Man
2494 3238 71 39 hoͤrt,
2589 3241 53 37 daß
2667 3240 137 40 Preußen
2827 3250 87 32 gegen
2940 3244 59 30 eine
3024 3245 74 38 Auſ⸗

2130 3275 115 39 ſtellung
2271 3277 188 39 franzöſiſcher
2483 3280 140 39 Truppen
2647 3283 29 30 in
2700 3283 97 39 irgend
2822 3285 88 31 enen
2933 3295 60 29 zunm
3019 3291 77 27 deli⸗

2129 3317 74 39 ſchen
2227 3319 104 33 Bunde
2355 3321 150 39 gehörigen
2529 3322 109 33 Staale
2661 3329 48 26 als
2733 3325 49 31 mit
2806 3328 60 30 dem
2866 3322 230 49 Bundesſtatut

2129 3362 190 31 unvereigbar
2342 3363 76 38 offen
2440 3364 113 39 Proteſt
2576 3367 127 39 einiegen
2725 3368 93 32 wolle.

2215 3403 135 41 Wien,
2374 3406 28 31 7.
2426 3405 67 38 Feb.
2516 3407 63 32 Ver
2602 3410 210 36 bevorſtezende
2828 3409 119 34 Beitritt
2969 3412 49 31 des
3032 3412 60 32 Koͤ⸗

2131 3445 139 41 nigrtichs
2303 3448 90 31 beider
2416 3448 124 40 Sizilien
2571 3458 33 30 zu
2631 3451 45 31 der
2699 3451 129 39 zwiſchen
2851 3452 162 40 Frankreich
3036 3457 58 31 und

2132 3487 137 41 England,
2292 3498 46 23 am
2365 3490 48 32 10.
2437 3490 85 39 April
2544 3498 27 24 v.
2594 3491 34 37 J.
2664 3494 103 39 behufs
2798 3496 45 29 der
2867 3494 229 44 Vertheidigung

2131 3530 45 30 der
2200 3530 112 32 Tuͤrken
2337 3541 89 30 gegen
2443 3533 136 39 Kußland
2603 3534 197 39 geſchloſſenen
2815 3536 112 39 Allianz
2951 3539 72 31 kann
3046 3542 49 30 als

2130 3571 171 40 feſtſtehende
2320 3573 155 40 Thatſache
2499 3577 153 38 angeſehen
2676 3578 121 31 werden.
2822 3578 96 41 Lönig
2932 3578 162 39 Ferdinand

2128 3614 48 37 hat
2206 3616 37 30 im
2267 3614 87 39 Laufe
2384 3618 48 31 der
2454 3618 245 41 Verhandlungen
2722 3621 164 37 wiederholt
2918 3630 47 24 am
2988 3619 104 48 kaiſerl.

2127 3656 77 41 Hofe
2228 3666 32 30 zu
2283 3658 87 33 Wien
2394 3659 79 39 Rath
2497 3662 147 38 eingeholt,
2666 3662 58 30 und
2748 3662 41 32 die
2813 3662 90 39 offene
2910 3659 181 52 Erklaͤrung

2128 3700 142 38 cthalten,
2301 3701 54 38 daß
2386 3702 166 37 Oeſterreich
2583 3704 41 30 die
2655 3704 111 38 Allianz
2796 3703 131 41 Reapels
2958 3708 50 29 mit
3038 3709 53 32 den

2127 3739 203 39 Weſtmaͤchten
2347 3742 146 40 wuͤnſchen
2510 3744 90 38 muͤſſe,
2624 3745 65 31 weil
2711 3753 56 24 nur
2790 3746 46 32 ein
2858 3746 78 39 feſter
2936 3743 155 50 Anſchluß

2126 3783 46 31 der
2203 3782 117 37 Maͤchte
2351 3785 53 32 den
2434 3785 117 38 Frieden
2579 3794 32 31 zu
2642 3787 159 40 erzwingen
2831 3788 39 33 im
2893 3789 119 34 Stande
3035 3791 58 38 ſein

2126 3826 99 31 werde.
2270 3824 67 34 Wie
2368 3831 154 36 verlautet,
2556 3828 97 32 wuͤrde
2684 3829 112 40 Reapel
2825 3832 171 39 verpflichtet
3026 3833 67 42 ſein,

2125 3867 140 41 Truppen
2287 3868 31 33 in
2341 3870 115 40 gleicher
2479 3870 107 33 Staͤrke
2615 3872 55 33 wie
2693 3871 166 37 Sardinien
2881 3875 76 39 nebſt
2980 3876 112 42 einigen

2124 3910 217 41 Lriegsſchiffen
2364 3913 82 32 dirett
2468 3913 29 32 in
2521 3914 41 32 die
2574 3914 84 33 Krim
2680 3916 185 39 abzuſenden.
2887 3935 41 7 —
2945 3918 58 34 Die
3025 3921 66 31 wie⸗

2124 3953 107 38 derholt
2253 3954 218 40 aufgetauchten
2494 3956 157 43 Geruͤchte,
2674 3958 55 39 daß
2752 3958 50 41 ſich
2825 3963 84 30 unter
2932 3962 45 32 der
3000 3962 89 32 italle⸗

2124 3995 105 38 niſchen
2245 3995 219 41 Umſturzpartei
2486 3998 30 32 in
2533 3997 99 43 Bezug
2656 4000 53 40 auf
2731 4002 42 32 die
2796 4003 187 39 orientaliſche
2996 4003 89 39 Frage

2123 4037 44 31 ein
2199 4038 281 42 bemerkensweriher
2503 4040 190 44 Umſchwung
2717 4044 210 42 kundgegeben,
2962 4046 51 37 daß
3040 4045 44 30 die

2123 4078 186 41 Mazziniſten
2325 4080 49 38 ſich
2396 4082 141 40 allmaͤlich
2559 4092 34 31 zu
2616 4085 52 33 den
2681 4085 109 40 Ruſſen
2812 4088 168 39 hinnelhten,
3001 4085 81 36 nach⸗

2123 4122 60 32 dem
2205 4124 68 36 auch
2295 4122 170 41 Oeſterreich
2492 4126 169 40 entſchieden
2685 4128 132 39 Boſition
2839 4138 83 31 gegen
2946 4127 135 39 Kußland

2122 4173 177 33 genommen,
2322 4167 92 36 haben
2436 4168 31 33 in
2490 4169 47 33 der
2560 4171 94 40 letzten
2676 4170 65 41 Zeit
2763 4174 110 36 manche
2895 4169 184 41 Beſtaͤtigung

2122 4208 144 41 erhalten;
2288 4211 59 31 und
2365 4211 70 38 auch
2458 4211 42 34 die
2523 4215 130 36 neueſten
2666 4214 130 38 Torfaͤlle
2819 4214 28 32 in
2868 4213 113 47 Berona
3005 4211 74 38 ſpre⸗

2122 4251 83 40 chen,
2233 4253 55 31 wie
2310 4261 69 24 man
2402 4253 80 39 ſicher
2504 4256 168 40 vernimmt,
2695 4257 89 37 dafuͤr.
2805 4271 41 7 —
2868 4254 51 30 Um
2941 4254 42 29 die
3005 4254 73 32 tral⸗

2122 4293 156 42 tatmaͤßige
2301 4294 171 44 Ausuͤbung
2503 4298 45 32 der
2572 4295 295 43 Civilgerichsbarkeit
2895 4295 45 29 der
2962 4293 116 40 Lonſu⸗

2122 4335 57 33 late
2208 4336 70 34 uͤber
2307 4337 43 33 die
2384 4338 226 40 oͤſterreichiſchen
2634 4339 187 45 Unterihanen
2844 4335 65 48 und
2924 4334 154 45 Schutzge⸗

2121 4377 96 40 noſſen
2248 4379 30 34 in
2309 4381 46 32 der
2378 4381 103 33 Turkei,
2517 4384 49 30 mit
2588 4383 45 30 der
2654 4388 88 37 neuen
2764 4376 231 49 öſterreichiſchen
3016 4380 63 34 Ge⸗

2122 4421 284 42 richtserganiſation
2429 4424 30 32 in
2482 4424 191 45 Einklang
2629 4414 45 59 zu
2695 4421 131 46 bringen,
2856 4419 32 37 iſt
2912 4422 82 47 heute
3016 4422 62 34 eine

2121 4463 63 41 kaiſ.
2207 4464 196 43 Verordnung
2426 4466 157 37 erſchienen,
2605 4467 40 27 die
2666 4460 119 50 verfuͤgt,
2820 4462 55 39 daß
2899 4463 43 32 die
2964 4465 114 40 Konfu⸗

2121 4508 56 31 late
2200 4507 31 33 in
2254 4509 45 31 der
2316 4508 102 32 Tackei
2441 4508 44 36 fuͤc
2506 4507 41 30 die
2567 4506 81 38 ihnen
2671 4504 209 47 zugewieſenen
2896 4505 182 44 Angelegen⸗

2121 4549 91 37 heiten
2234 4552 48 30 als
2305 4551 162 33 ordeniliche
2489 4543 201 49 oͤſterreichiſche
2708 4545 133 39 Gerichte
2863 4556 33 32 zu
2920 4550 158 40 beirachten

2120 4590 70 40 ſind.
2214 4592 101 41 Gegen
2338 4590 233 38 Eniſcheibungen
2594 4587 83 37 dieſer
2701 4587 266 44 Konſulargerichte
2990 4593 89 41 ſinder

2121 4637 46 29 der
2197 4633 156 39 Rechiszug
2382 4640 38 23 an
2448 4630 39 31 die
2514 4627 309 45 Oberlandesgerichte
2852 4638 31 29 in
2906 4634 171 41 Oeſterreich

2119 4676 72 39 ſtatt.
2235 4675 70 32 Das
2328 4672 167 35 Nichteramt
2522 4670 33 33 in
2585 4671 47 33 der
2665 4673 104 35 driten
2791 4675 121 41 Jnſtanz
2934 4678 65 32 uͤbet
3029 4682 46 28 de

2117 4718 102 38 oberſte
2241 4712 179 39 Gerichishof
2446 4720 34 31 zu
2502 4711 100 36 Wien.
2633 4732 42 8 —
2698 4716 64 34 Der
2786 4717 191 42 Buͤrgerball,
3007 4721 66 30 wel⸗

2099 4750 75 55 cher
2189 4750 135 55 geſtern
2332 4755 29 31 in
2391 4758 52 29 den
2472 4754 35 34 kt.
2537 4755 232 44 Reboutenſälen
2799 4761 148 40 ſtatifand,
2977 4764 95 30 wurde

2115 4801 80 35 durch
2224 4799 80 31 einen
2327 4795 106 41 Beſuch
2457 4797 60 35 Sr.
2538 4799 85 41 Maj.
2652 4803 52 32 des
2727 4804 117 39 Kaiſecs
2878 4805 56 30 und
2957 4803 56 32 Sr.
3036 4803 33 32 t.

2112 4841 78 42 Hoh.
2211 4841 51 31 des
2285 4837 176 51 Erzherzogs
2483 4840 96 52 Franz
2599 4844 74 36 Larl
2695 4846 104 49 bethrt.
2840 4844 64 33 Der
2926 4844 145 44 Monarch
