4366 6428
0 1883 24 21 nr
0 1558 29 263 —
0 1680 40 28 —
0 1590 40 51 —a
0 1542 25 10 1

0 2461 15 50 ceu
0 2413 15 37 er
0 2269 20 22 R

0 2811 10 22 —

3571 24 8 41 W—

545 1144 293 68 Legermarli.

471 1228 60 30 Von
556 1228 86 28 Unnie
667 1229 245 32 France
775 1223 21 42 ·
796 1229 116 32 Sarrar.

282 1275 91 35 Feder,
388 1276 47 28 der
453 1278 99 29 einman
570 1278 27 27 in
615 1278 98 33 feinem
730 1279 85 27 Leben
833 1279 60 29 nach
912 1278 132 33 Aeghpten
1060 1280 92 32 gereiſt

230 1308 38 38 Ft.
285 1311 100 31 Gauta,
401 1315 32 21 es
451 1311 66 30 habe
534 1310 46 32 ſich
596 1312 56 30 inm
666 1311 74 33 ſchon
756 1312 51 26 voll
827 1313 53 25 und
897 1320 68 23 ganz
983 1313 49 25 das
1052 1312 39 32 fee

233 1344 56 30 vᷣnd
302 1345 127 32 glühende
443 1345 93 32 Antlitz
550 1345 106 32 Afrikas
671 1346 105 33 gezeigt.
808 1346 37 27 Er
860 1347 28 31 ijt
904 1347 141 32 Aberzeugt
1059 1346 93 30 davon.

265 1386 38 18 nn
324 1378 40 27 die
379 1374 77 43 Welt
465 1379 60 26 des
548 1378 124 35 Niltales,
695 1379 49 32 auf
763 1380 51 33 den
837 1379 120 60 —
980 1379 73 27 einer
1077 1380 74 26 uralt

292 1411 117 27 unkenen
430 1411 101 27 Kultur
552 1413 108 31 ruhend,
682 1412 31 31 it
734 1413 169 32 merkwürdig
924 1420 68 25 genug
1031 1413 54 25 und
1107 1413 45 31 hat

231 1442 183 36 ihresgleichen
435 1446 48 31 auf
503 1446 44 27 der
583 1453 85 25 ganzen
688 1445 69 27 Welt
777 1446 63 31 nicht
860 1447 100 26 wieder.
1020 1446 46 26 Aber
1086 1446 65 32 dieſe

232 1479 35 23 T
287 1478 48 26 wie
358 1479 49 25 wir
426 1479 28 33 ſo
473 1479 75 31 ſicher
567 1453 56 58 F
642 1492 24 8 —
665 1479 118 32 längſt
803 1479 171 32 entſchleierte
994 1479 107 33 Sphinx
1120 1479 30 31 iſt

231 1511 67 31 nicht.
323 1512 97 32 Afrika.
462 1512 51 26 Sie
540 1517 62 22 war.
622 1513 44 25 der
691 1512 155 34 Sonderfall
872 1513 72 26 einex
970 1513 63 32 aufs
1058 1513 92 32 hüchſte

248 1545 150 32 eiteigerten
415 1545 173 32 Ziviliſation,
604 1546 43 26 ein
664 1546 156 32 Sonderfall
836 1547 60 29 auch
914 1545 45 32 für
976 1546 49 26 den
1042 1546 108 26 eigenen

253 1577 128 31 ontinent.
403 1577 68 26 leine
474 1572 87 42 swegs
580 1579 30 25 in
630 1578 55 30 ihm
706 1579 158 31 vorbedingt,
883 1578 81 31 daher
983 1578 61 31 auch
1080 1578 68 32 längſt

227 1614 49 24 bor
300 1611 55 31 ihm
397 1612 55 26 und
475 1611 92 31 ſeinen
590 1612 192 31 eingeborenen
808 1611 109 31 meichen
944 1611 134 32 gugruride
1105 1618 43 24 ge⸗

232 1651 111 27 gangen.
380 1644 42 32 Jn
446 1645 136 31 Wahrheit
602 1645 67 32 weiß
693 1653 61 19 man
776 1644 28 33 ja
802 1640 84 42 auch
894 1640 89 42 heute
1003 1645 60 31 noch
1085 1645 64 32 nicht

230 1684 96 26 dendu,
345 1682 69 22 wer
432 1678 132 32 eigentlich
582 1678 40 26 die
641 1678 158 33 agypriſchen
818 1678 92 27 Böſter
929 1683 90 22 waren
1037 1678 54 27 und
1110 1684 40 21 wo

231 1718 65 23 inan
317 1711 75 32 ihren
413 1712 83 32 erſten
519 1712 139 32 Urſprung
675 1679 56 72 ſen
773 1707 62 43 ſoll.
954 1736 120 10 i

281 1752 77 32 Nein,
378 1752 134 32 Aegypten
532 1753 31 31 iſt
585 1753 64 30 nicht
671 1752 99 32 Afrika.
808 1752 59 26 Viel
890 1752 59 32 eher
970 1752 92 27 könnte
1085 1760 63 18 man

229 1784 46 67 Ee
340 1786 44 26 der
406 1786 98 27 Sudan
527 1786 34 32 ſei
585 1786 43 25 der
664 1781 133 67 enzee
819 1785 137 33 Jnbegriff
978 1790 50 21 von
1051 1785 98 33 Afrita-

230 1827 87 20 Jener
342 1820 149 32 ungeheure
516 1818 182 33 Länderſtrich,
724 1819 45 25 der
795 1820 66 24 eiwa
886 1818 39 27 bei
950 1818 130 32 Ehartum
1106 1818 42 26 be-

229 1853 78 31 ſinnt
326 1853 53 25 und
400 1852 46 28 den
466 1852 92 32 Kongo
579 1852 41 26 bis
640 1859 32 25 zu
694 1852 47 25 den
762 1852 96 25 Minen
877 1856 50 21 von
947 1851 123 32 Katanga
1089 1851 59 30 noch

231 1886 48 25 mit
306 1885 151 32 einſchlietzt.
499 1885 57 26 Und
581 1889 51 22 von
660 1885 92 30 dieſem
779 1884 193 32 Zentralgebiet
999 1885 93 26 wieder
1119 1885 29 30 ift

230 1919 148 31 Abeſſinien
408 1919 47 25 mit
483 1919 48 25 den
560 1918 84 26 daran
673 1919 150 31 gelagerſen
851 1918 193 31 Somaliküiten
1074 1917 74 32 jener

229 1952 69 32 Teil,
318 1952 46 26 der
388 1952 60 31 noch
468 1960 44 17 am
537 1952 226 28 unmittelbarſten
788 1951 47 26 das
858 1951 121 30 darſtellt,
1002 1955 57 22 was
1084 1959 63 18 man

229 1981 40 30 Ee
286 1985 135 33 beſondere
439 1985 127 31 Eigenart
583 1990 49 20 von
650 1984 90 33 Afxika
757 1991 104 18 nennen
878 1984 99 26 fönnie.
1010 1983 80 26 Denn
1108 1984 38 25 die

230 2019 123 33 Kafiern-
383 2019 52 25 und,
463 2019 106 25 Buren
574 2013 76 45 und
662 2032 7 10 ⸗
668 2017 226 32 Engländerwelt
924 2017 46 32 tief
999 2019 82 35 unten,
1110 2017 36 25 im

228 2051 96 28 Süden
343 2052 46 31 hat
410 2052 50 31 ſich
474 2050 83 33 längſt
565 2046 71 53 kach
659 2050 156 32 bejonderen
836 2050 117 32 Geſetzen
974 2050 172 32 umgeftaltet.

278 2093 56 27 Der
351 2093 152 30 Suczlanal
522 2092 28 30 iſt
570 2091 211 33 dewiſſermaßen
798 2090 45 26 der
863 2090 114 30 Auftatt.
1010 2090 46 26 Da
1075 2090 71 32 fährt

229 2134 64 19 man
320 2125 55 27 eine
399 2126 107 31 ſchmale
532 2124 185 32 Waſſerjtratze
741 2125 86 30 durch
840 2124 38 25 die
903 2123 95 34 Vüſte,
1024 2124 39 25 die
1088 2123 57 32 gelb

228 2162 49 23 den
301 2159 125 32 Horizont
448 2158 142 32 abſchlietzt.
630 2157 57 26 Und
711 2157 79 32 diejer
813 2157 92 31 ſcharfe
929 2157 70 32 gelbe
1022 2157 123 29 Streifen

229 2193 79 25 bleibt
327 2193 61 30 auch
408 2192 37 26 im
466 2191 85 33 Roten
571 2191 77 27 Meer
668 2191 42 24 bis
730 2198 32 24 zu
783 2190 47 25 den
850 2189 95 33 Jnſeln
966 2190 44 25 des
1030 2189 116 31 Farſan⸗

229 2225 138 31 Archipels.
410 2224 87 30 Nichts
521 2225 43 25 als
590 2223 175 30 unwirtliches
790 2223 187 32 Feljengewirr
1019 2223 28 30 iſt
1090 2223 55 29 das,

230 2259 238 30 lavaiberſchütiet,
491 2258 121 31 ſchwarze
636 2257 53 25 und
713 2257 121 25 rotbunte
857 2255 100 33 Zacen.
978 2256 29 25 in
1030 2256 43 25 ein
1096 2263 49 18 un⸗

227 2292 198 32 wahrſcheinlich
444 2292 32 26 tie
481 2291 104 31 fblaues
604 2289 98 30 Waſſer
720 2290 132 29 verſtreut.
884 2288 53 26 Rot
955 2288 112 31 leuchten
1083 2288 62 38 auch

227 2326 41 25 die
296 2326 98 25 nacken
423 2325 84 31 Berge
533 2328 50 22 von
612 2322 132 30 Ernthräa
771 2322 127 38 herüber,
933 2322 87 25 lauter,
1063 2322 81 25 wind⸗

228 2359 159 32 geichliffene
415 2356 201 32 Stumpfgipfel.
662 2356 51 27 Ein
742 2360 66 27 paar
853 2362 84 25 grüne
965 2355 107 26 Natten
1099 2355 45 25 da⸗

227 2392 126 33 zwiſchen.
371 2392 65 31 ſonſt
456 2389 220 33 Felseinſamkeit,
693 2388 214 33 gelerumfloen,
925 2388 219 32 weltverichollen.

278 2432 106 31 Jmmer
401 2439 79 23 enger
497 2431 63 26 wird
576 2431 40 25 die
633 2429 203 31 Meeregſtrabe.
867 2429 54 37 Anf
938 2428 45 27 der
997 2428 147 38 arabiſchen

226 2466 78 27 Seire
329 2466 44 26 des
401 2464 225 32 Wüſtengebirges
651 2467 51 22 von
728 2462 107 32 gemen.
858 2460 65 33 nicht
947 2465 121 28 weniger
1086 2466 57 21 ver⸗

226 2499 91 31 taffen,
337 2500 42 25 ein
399 2499 105 28 Oxient,
526 2498 43 25 der
589 2497 95 26 immer
704 2496 59 29 noch
780 2496 50 36 den
848 2494 104 27 Traum
971 2494 69 37 alter
1060 2493 84 38 —

226 2531 126 33 hinderte
372 2531 109 29 iraumt,
499 2531 44 25 der
560 2530 44 30 ſich
621 2534 50 32 von
690 2529 106 36 Europa
811 2536 33 30 in
861 2527 133 31 Wahrheit
1012 2534 48 58 F
1077 2527 66 30 nicht

224 2566 191 32 abzufchließen
455 2564 114 29 braucht,
609 2563 59 25 weil
710 2561 172 30 Sanditürme,
924 2561 53 26 und
1027 2561 116 31 jengende

226 2597 212 33 SWaͤfferloſigteit
462 2597 44 29 ihn
527 2597 69 31 ſchon
619 2600 49 32 von
691 2595 66 26 aller
778 2594 70 26 Welt
867 2594 155 37 abgetrennt
1043 2593 99 37 hatten.

226 2632 60 30 Noch
306 2632 43 27 ehe
366 2631 64 33 dieſe
447 2621 69 47 Velt
523 2621 111 47 anfing,
651 2628 45 32 ſich
712 2628 66 26 bunt
794 2627 53 26 und
864 2632 63 20 wirr
943 2626 53 26 und
1011 2625 131 34 ichrecklich

226 2673 34 24 su
279 2665 136 31 entfalten.

276 2700 73 31 „Bab
369 2701 23 25 el
412 2699 141 29 Mandeb“.
570 2697 103 33 Straße
692 2697 46 37 der
754 2695 119 39 Träͤnen,
889 2695 72 32 deibt
977 2694 39 39 die
1036 2694 106 40 ſchnale

226 2734 93 28 Bforie
342 2741 59 24 zum
425 2732 107 32 arsßen.
546 2732 87 31 Jndikt.
673 2731 38 27 Es
733 2731 29 31 iſt
785 2737 43 19 ein
849 2730 61 28 Ort,
932 2735 39 21 wo
992 2729 40 37 die
1054 2728 88 31 Wuite

227 2768 43 28 ſich
291 2767 120 29 anſchick.
432 2769 48 22 da?
505 2766 75 24 Meer
602 2771 31 25 zu
655 2764 157 35 bezwingen.
852 2763 128 37 Langfam,
998 2762 76 37 fährt
1094 2761 47 26 das

225 2800 85 31 Schiff
328 2799 75 29 durch
423 2797 241 33 ajphaltſchwarzes
684 2796 214 31 Klippengewirr.
918 2796 48 25 das
987 2795 43 31 fich
1052 2797 89 23 unter⸗

225 2834 86 31 feeiſch
338 2833 108 31 fortfetzt
473 2832 53 25 und
552 2831 82 25 daran
662 2831 45 29 ſeit,
737 2830 70 30 mehr
833 2829 42 25 als
902 2828 107 31 tarfend.
1036 2828 103 38 Jahren

225 2866 98 31 Scuiffe
339 2866 153 32 ſcheiterten.
526 2864 156 26 Mondnackt
698 2863 82 28 blaut,
797 2862 69 31 ſanft
878 2862 76 36 wallt
969 2859 48 28 das
1033 2860 108 38 Waſ̃e
1110 2855 32 47 r,

225 2900 35 25 da
284 2900 52 24 uͤnd
360 2899 57 25 dort
442 2898 95 29 kreiſen
562 2897 84 26 kleine
667 2895 98 26 Wirbel
790 2895 47 25 wie
861 2895 109 31 zitiernd
995 2894 145 25 rotierende

225 2933 123 26 Trichter.
386 2931 80 26 Tann
491 2931 79 30 fallen
594 2930 37 25 die
653 2929 64 30 Ufer
740 2928 41 30 ab,
802 2928 39 26 die
864 2927 84 31 Wüfte,
970 2930 49 23 von
1041 2926 98 38 Hemen

227 2966 109 31 veriintt
366 2965 47 25 mit
442 2965 73 29 ihren
529 2956 90 46 Bilge
624 2956 179 46 rkarawanen,
849 2961 78 37 belles
954 2960 185 38 Balmenarün

224 3000 78 24 dehuͤt
318 2998 41 29 ſich
377 3006 44 16 um
440 2998 38 24 die
495 2997 73 25 weite
585 2996 87 28 Kucht.
705 2995 127 32 Hellarün
849 2999 46 21 wie
914 2994 66 30 Jade
998 2994 64 25 wird
1079 2993 60 31 auch

226 3031 47 26 das
291 3031 69 25 Blau
378 3031 45 25 des
441 3029 123 30 Waſſers,
579 3036 58 18 nun
656 3028 70 31 ſchon
743 3029 64 30 nicht
825 3028 71 30 mehr
913 3028 100 31 Szean,
1028 3028 110 30 ſondern

226 3064 65 30 Golf
312 3068 49 21 von
385 3063 129 30 Tadjura,
553 3062 72 32 flach,
663 3061 80 34 ſeicht.
781 3061 91 32 erfüllt
912 3065 50 21 von
985 3060 78 32 Tang
1087 3060 51 25 und

224 3096 208 34 ſchwimmenden
451 3095 130 31 Zweigen.
711 3125 7 7 .

268 3127 72 27 er
357 3129 50 24 das
425 3128 70 31 ledte
514 3120 68 47 Reme
581 3125 170 33 raevreich
761 3120 161 47 Abeffinien,
925 3120 88 47 relcht
1019 3120 72 47 imn.
1094 3131 44 31 an

220 3161 42 26 die
278 3161 85 29 Küite.
396 3160 53 26 Die
466 3160 78 29 Müte
560 3160 55 30 hält
635 3161 106 28 Gurora
758 3159 28 26 in
804 3159 84 30 ſeiner
904 3159 84 29 Hand.
1025 3157 113 37 Jtalien,

220 3193 158 32 Fraulreich.
400 3194 123 30 England
544 3194 55 28 und
603 3186 64 47 abe
666 3186 95 47 umals
775 3192 127 31 Jtalien.
917 3191 158 38 Abeſimen
1093 3190 46 25 be-

224 3227 49 32 ſitzt
294 3226 124 32 nirgends
440 3227 46 26 den
507 3226 112 32 Zugang
640 3233 60 24 gum
723 3225 82 26 Meer.
843 3225 39 30 Jn
905 3224 132 32 Wahrheit
1060 3225 29 29 iſt
1109 3226 29 24 es

224 3261 48 30 auf
289 3261 37 25 die
344 3260 75 29 Bahn
434 3260 170 29 angewiefen,
621 3258 39 25 die
676 3259 50 25 alle
743 3259 52 24 drei
813 3258 71 31 Tage
899 3263 51 20 von
967 3258 43 25 der
1027 3257 110 27 Station

224 3293 104 30 Diibuti
350 3293 59 28 nach
431 3293 79 24 Addis
533 3292 96 29 Abeba,
648 3290 45 26 der
714 3291 137 31 ſchwarzen
872 3290 162 37 Hauptitadt,
1053 3290 84 58 —

223 3326 50 26 Sie
292 3326 69 32 ſteigt
379 3326 44 25 ins
441 3325 127 30 Sochland
582 3329 54 24 von
655 3324 90 29 Harar
762 3324 93 30 hinauf
874 3325 45 24 mit
939 3324 82 30 ſeiner
1040 3323 96 37 flaren,

224 3359 127 25 trodenen
370 3358 70 32 Luft,
460 3358 27 25 in
506 3358 41 25 ein
567 3358 81 28 Land,
665 3357 49 26 das
732 3357 25 31 ſo
776 3356 62 30 reich
855 3364 35 17 an
913 3356 93 31 Erzen,
1024 3356 112 29 Gärten,

223 3392 102 31 Serden
349 3392 52 25 und
424 3391 115 26 Sllaven
565 3390 36 29 iſt,
623 3389 51 31 daß
698 3390 38 25 die
761 3388 131 32 Nachbarn
915 3402 34 5 —
972 3396 64 29 nun,
1059 3389 76 31 jagen

223 3425 50 25 wir
277 3417 30 44 —
310 3424 78 30 ſich
410 3424 81 31 diejer
510 3423 121 34 Tafſache
652 3423 68 26 beim
739 3423 86 31 beiten
847 3421 94 27 Willen
978 3422 65 31 nicht
1080 3427 56 21 ver⸗

222 3456 122 36 ſchliezen
363 3457 165 26 können.

274 3491 132 32 Waggons
430 3489 51 27 voll
505 3489 103 32 friſchen
634 3485 129 35 Gemüſes
788 3488 114 27 kommen
925 3492 50 22 von
997 3487 59 39 dort
1078 3487 57 37 hed⸗

222 3525 87 28 unter,
335 3524 47 31 feit
408 3523 152 32 gemäſtetez
585 3522 190 32 Rinderfleijch,
800 3530 81 24 ganze
905 3521 158 32 Kamelzüge
1089 3522 47 24 nit

223 3556 153 32 Traglaſten
397 3560 50 22 von
468 3556 80 32 Golz.
578 3555 66 31 Auch
666 3556 93 26 Löwen
780 3556 53 33 gibt,
855 3559 28 22 es
904 3556 67 29 noch,
992 3556 52 35 und
1065 3554 71 31 jedes

224 3589 175 32 Europaſchiff,
423 3589 89 33 bringt
535 3589 50 26 den
611 3588 77 26 einen
713 3589 60 25 oder
797 3588 113 27 anderen
938 3588 107 31 trefflich
1072 3591 63 22 gus-

223 3623 143 31 gerüſteten
393 3622 96 32 Herrn/
516 3622 43 25 dex
585 3622 97 31 darauf
710 3621 88 31 erpicht
825 3622 37 29 iſt.
887 3629 32 24 zu
948 3621 95 33 ſeinem
1070 3620 65 27 Ver⸗

222 3656 103 32 gnügen
348 3655 71 25 eines
441 3654 44 26 der
505 3654 113 33 ſchönen,
639 3655 26 31 ſo
687 3653 132 33 ſchändlich
839 3655 143 32 verfolgten
1004 3654 77 26 Tiere
1102 3661 32 25 zu

223 3689 77 24 löten.
339 3687 46 32 Jch
406 3687 64 32 habe
493 3687 49 26 mir
563 3687 144 32 allerdings
727 3687 78 33 ſagen
826 3687 90 30 laſſen,
935 3687 49 32 daß
1006 3695 64 18 man
1090 3694 44 18 am

223 3720 149 32 löniglichen
394 3721 51 30 Gof
465 3720 26 26 in
511 3719 80 27 Addis
611 3721 87 25 Abeba
718 3720 42 32 ſich
795 3728 33 18 gar
846 3721 64 31 nicht
929 3721 27 33 ſo
975 3720 56 36 jehr
1049 3720 86 31 beeilt,

222 3753 227 34 Jagderlaubnijje
472 3761 35 19 an
531 3753 109 34 Fremde
662 3761 33 28 au
719 3754 117 30 erteilen.

1575 1314 12 14 2
1655 1317 20 18 2

1641 1407 490 105 Bunte
2217 1410 348 113 Ceſe.

1853 1566 205 109 Sedicht
2111 1598 93 51 der
2247 1599 185 49 Ernte.

1254 1685 42 28 So
1313 1691 46 22 um
1375 1682 44 31 die
1436 1684 71 35 Zelt,

1252 1726 35 27 da
1310 1727 217 27 Sommerwinde
1548 1725 80 29 duͤrre
1652 1726 97 33 Gräler
1773 1726 113 33 wiegen,

1253 1767 26 33 ſo
1297 1773 46 21 um
1361 1767 43 27 die
1421 1767 70 33 Zeit,

1252 1807 35 27 da
1306 1808 114 27 Bauern
1439 1808 42 33 ſich
1500 1814 49 21 vor
1567 1807 58 34 ihre
1644 1807 136 33 Scheunen
1799 1808 78 33 ſetzen

1251 1849 55 26 und
1324 1848 108 33 Sicheln
1450 1849 123 33 dengeln,
1590 1849 103 32 Senlen
1711 1850 102 32 wetzen,

1251 1889 34 27 da
1303 1890 63 31 erſte
1384 1889 79 33 Eilen
1481 1890 29 26 in
1529 1890 86 33 geläte
1631 1890 111 27 Wälder
1759 1885 117 38 klingen,

1251 1930 72 27 Vom
1342 1931 118 27 Sterben
1481 1930 93 33 klagen
1593 1931 56 29 und
1662 1938 67 22 vom
1748 1930 89 29 Leben
1858 1931 98 33 ſingen,

1249 1971 34 27 da
1301 1971 64 31 erite
1384 1971 136 33 Schnitter
1538 1971 42 33 ſich
1599 1978 53 21 ans
1670 1972 105 27 Ernten
1794 1972 113 32 machen,

1249 2012 61 33 ſpür
1328 2011 33 33 ich
1378 2012 51 27 das
1446 2012 55 27 alte
1516 2012 175 28 Bauernblut
1706 2013 30 27 in
1752 2013 54 27 mir
1821 2013 142 31 erwachen.

1252 2085 61 28 Und
1331 2086 52 27 mit
1401 2085 58 28 dem
1478 2086 107 36 Rüden,
1601 2085 44 28 die
1662 2086 43 32 ſich
1723 2094 37 20 an
1777 2086 44 28 die
1841 2086 69 28 Erde
1928 2086 113 32 drücken.

1251 2126 60 33 fühl
1330 2127 36 32 ich
1384 2127 63 33 mich
1465 2127 102 33 beugen
1586 2127 55 26 und
1660 2128 58 31 fühl
1739 2127 35 32 ich
1794 2127 64 33 mich
1877 2127 99 32 bücen,

1249 2167 36 33 ich
1303 2181 34 5 —
1354 2167 104 32 Dichter
1475 2181 35 6 —
1529 2168 82 32 wiege
1632 2168 91 32 ſcharfe
1744 2168 149 32 Schneiden
1914 2168 29 27 in
1963 2169 46 26 der
2029 2168 78 32 Hand

1249 2209 55 26 und
1320 2208 64 33 zücke
1402 2204 40 42 ſie
1450 2209 142 32 vermeſſen
1609 2208 30 27 in
1656 2208 42 27 die
1715 2209 98 33 goldne
1830 2208 99 34 Wand.

1250 2249 105 33 verleze
1381 2249 63 33 mich
1469 2257 45 20 am
1539 2250 92 32 Stein,
1654 2249 58 32 ſtech
1738 2249 63 33 nich
1828 2256 37 20 an
1891 2250 104 31 Dilteln
2022 2251 81 25 wund

1248 2290 54 27 und
1321 2290 74 32 trotze
1413 2290 75 32 durch
1505 2289 50 27 den
1570 2290 60 32 Tag
1648 2290 51 28 mit
1716 2290 209 33 eingeſtaubtem
1942 2291 100 27 Mund.

1247 2330 48 33 Jch
1311 2329 73 33 rafſe
1399 2330 104 33 Salme,
1520 2328 73 35 halte
1612 2330 51 27 mit
1679 2330 50 27 den
1747 2329 156 33 Schnittern
1921 2330 102 33 Schritt

1246 2372 56 26 und
1320 2371 77 33 trage
1416 2371 72 33 ihrer
1506 2371 123 32 ſchweren
1647 2371 97 27 Arbeit
1762 2371 114 32 Mühial
1895 2371 61 28 mit.

1244 2411 59 28 Des
1321 2410 174 35 loͤrperlichen
1516 2412 108 27 Werles
1645 2411 47 28 bin
1714 2412 36 32 ich
1771 2412 182 33 glutbegoſſen

1244 2452 62 28 und
1320 2454 78 32 ahne,
1418 2453 146 31 überltreut
1583 2453 53 27 mit
1654 2452 110 34 Faſern.
1782 2453 88 32 Stroh
1892 2454 55 26 und
1967 2453 138 33 Sproſſen,

2156 1685 36 35 ſo
2210 1693 46 20 um
2273 1686 44 28 die
2334 1686 71 33 Zeit,

2156 1728 45 26 da
2217 1727 117 28 blondes
2350 1727 70 28 Brot
2438 1726 38 28 im
2492 1726 98 28 weiten
2608 1727 92 33 Auger
2718 1727 74 33 ſteht,

2165 1768 56 27 und
2239 1768 79 31 Reife
2337 1763 83 42 durch
2430 1763 46 42 der
2493 1767 96 32 Halmet
2606 1768 122 32 Wimpel
2747 1768 80 33 weht.

2164 1807 44 28 die
2227 1809 61 31 Luſt
2306 1816 44 20 am
2368 1808 111 34 emſigen
2498 1808 152 34 Sichregen,
2669 1809 126 32 Schaffen

2163 1849 56 27 und
2239 1849 43 27 die
2302 1849 99 33 Begier
2421 1856 44 20 am
2485 1849 155 32 Sammeln,
2659 1849 114 32 Ernten,
2793 1849 111 32 Raffen.

2164 1890 42 27 So
2225 1896 46 21 um
2288 1890 42 26 die
2347 1889 70 33 Zeit.

2163 1931 35 26 da
2217 1931 73 26 altes
2308 1930 175 28 Bauernblut
2502 1930 30 27 in
2549 1930 53 27 mir
2621 1931 121 31 erwacht.

2163 1971 137 32 empfinde
2320 1971 34 31 ich
2373 1971 42 26 die
2433 1972 151 32 ungeheure
2604 1971 92 32 Macht

2162 2011 46 27 der
2228 2012 72 27 allen
2321 2011 136 33 Menichen
2479 2012 97 33 eignen
2596 2012 270 32 Erdverbundenheit

2162 2053 56 26 und
2234 2053 45 26 der
2296 2053 42 26 die
2355 2053 99 27 Ernter
2471 2053 146 32 ſegnenden
2635 2053 205 33 Gludſeligteit.

2161 2094 42 27 So
2219 2100 46 21 um
2281 2094 43 26 die
2340 2093 70 32 Zeit,

2163 2135 24 31 ſo
2205 2141 45 20 um
2266 2134 42 27 die
2327 2134 174 27 wunderbare
2519 2135 62 33 Zeit

2161 2176 45 25 der
2226 2176 255 32 kranzgeſchmückten
2505 2176 199 32 aufgeſperrten
2728 2176 185 32 Scheunentnr

2161 2216 93 33 dringt
2270 2223 32 19 es
2320 2216 148 28 erlennend
2485 2218 49 30 auf
2553 2217 64 33 mich
2637 2218 55 31 ein,
2711 2218 107 32 bricht's
2839 2218 59 32 jroh
2921 2218 99 32 herfür,

2161 2257 52 31 daß
2231 2257 56 31 jede
2305 2258 53 27 Tat
2375 2258 55 26 und
2447 2257 43 27 die
2508 2258 119 32 Erfolge,
2644 2259 43 26 die
2707 2265 55 20 uns
2780 2259 106 26 werden
2903 2273 34 5 —

2161 2297 35 33 ſei
2211 2304 31 19 es
2257 2297 71 28 beim
2342 2298 111 32 Denler,
2469 2299 101 32 Sreher
2587 2300 63 25 oder
2668 2299 98 33 Knecht
2782 2307 53 19 von
2852 2300 120 32 Pferden
2989 2314 33 4 —

2162 2338 51 27 wie
2231 2338 76 27 Korn
2327 2339 50 26 mit
2396 2339 171 32 Sonnenflut
2586 2340 102 32 erfült,
2707 2341 136 32 gepeiticht
2862 2348 54 19 von
2936 2341 84 27 Wind

2161 2380 55 26 und
2235 2380 117 32 zwiſchen
2370 2381 73 26 Saat
2463 2381 55 27 und
2536 2381 84 27 Ernte
2640 2381 195 33 eingeſchloſſen
2855 2382 64 32 ſind.

2160 2421 42 27 So
2222 2427 45 20 um
2286 2421 41 26 die
2346 2420 70 33 Zeit.

2695 2455 66 33 Joh.
2779 2455 92 32 Seinr.
2890 2456 112 32 Braach.

1241 2568 69 26 Aber
1335 2568 41 26 die
1405 2568 103 32 meiiten
1534 2567 128 31 Brodukie
1704 2568 46 26 des
1795 2568 175 32 abeſſiniſchen
2001 2568 105 32 Fleißes

1193 2602 101 26 werden
1318 2604 83 22 unten
1424 2602 48 30 auf
1495 2602 56 25 dem
1575 2600 88 26 Markt
1686 2606 50 20 von
1759 2601 106 30 Diibuti
1889 2602 125 30 verlauft,
2037 2603 68 24 denn

1191 2633 58 27 dort
1273 2633 32 32 iſt
1329 2634 41 25 ein
1398 2633 127 33 ſtändiger
1551 2633 97 31 Bedarf
1674 2634 43 28 für
1743 2635 75 28 alles,
1861 2638 56 21 was
1960 2635 47 25 das
2034 2635 72 26 Land

1191 2665 96 32 lieferi.
1319 2666 78 31 Zwar
1412 2664 133 34 verjandet
1560 2667 44 26 der
1619 2667 86 30 Hajen
1720 2666 72 32 Jahr
1806 2675 46 18 um
1868 2666 78 32 Jahr,
1961 2668 25 31 ſo
2002 2667 49 31 daß
2066 2667 39 26 die

1187 2699 100 31 großen
1296 2694 96 40 Jndie
1397 2694 107 40 richrer
1529 2699 61 25 weit
1614 2699 120 30 dranben
1761 2698 85 27 Anker
1869 2699 101 29 mweifen
1995 2700 109 27 munen.

1191 2731 69 27 Aber
1278 2733 50 25 das
1349 2733 79 30 macht
1447 2733 89 30 nichte,
1556 2733 34 29 ſie
1612 2732 114 26 kommen
1749 2732 63 28 doch,
1831 2734 135 30 wechſelnd
1987 2734 116 30 zwiſchen

1191 2763 47 28 den
1260 2763 87 33 Häfen
1369 2765 71 26 Aden
1461 2767 53 24 und
1533 2765 113 32 Djibuti,
1667 2766 51 24 und
1739 2766 41 26 ein
1803 2765 97 31 Fühler
1921 2767 45 24 des
1988 2766 117 30 Weſtens

1191 2799 73 30 tajtet
1285 2798 44 31 ſich
1353 2798 93 26 immer
1469 2797 92 33 ſtärler
1583 2806 29 18 in
1632 2799 48 25 das
1701 2799 71 30 letzte
1793 2799 192 31 urſprüngliche
2008 2800 95 30 Neger⸗-

1191 2830 142 32 kaiſerreich
1350 2830 96 32 hinein.

1239 2863 40 31 Jn
1302 2864 92 31 dieſem
1417 2863 164 26 Winkel-der
1603 2863 67 26 Welt
1691 2871 35 18 an
1738 2859 84 41 Land
1845 2871 33 24 zu
1900 2864 88 32 gehen,
2011 2864 37 30 ift,
2071 2864 33 30 ich

1191 2896 64 32 weiß
1281 2897 64 30 nicht
1371 2901 110 24 warum,
1507 2897 46 26 mit
1580 2897 246 31 unbeſchreiblichem
1853 2897 78 28 Lärm
1959 2898 144 30 verknupft.

1189 2928 188 31 Schnatternde
1393 2930 144 31 Schwarze,
1554 2930 40 25 ein
1612 2930 133 30 entſetzlich
1761 2930 168 26 knatierndes
1944 2930 159 29 Motorboot,

1184 2962 45 26 der
1252 2962 136 31 Spoktakel
1428 2968 50 20 von
1501 2963 104 29 einigen
1629 2962 145 30 arabijchen
1798 2963 138 29 Händlern
1959 2966 62 24 aus,
2061 2963 39 24 die

1188 2996 76 25 einen
1288 2996 178 32 geſchloſſenen
1490 2996 106 32 Angriff
1617 2996 48 30 auf
1686 2997 48 24 den
1758 2996 131 31 Dampfer
1908 2995 207 27 unterneßmen

1187 3030 54 24 und
1258 3030 77 25 deren
1352 3029 105 29 Beſitzer
1473 3035 50 19 von
1542 3030 71 27 ihren
1631 3030 143 31 tanzenden
1790 3028 183 31 Segelmaſten
1990 3029 47 32 auf
2054 3029 47 25 das

1189 3062 102 25 Verdeck
1314 3062 192 31 überzuſteigen
1527 3062 141 31 verſuchen.
1705 3062 61 25 Das
1789 3063 65 23 alies
1878 3062 78 31 macht
1978 3061 40 26 die
2040 3062 62 32 Luft

1188 3102 32 24 zu
1238 3095 84 25 einem
1344 3096 124 25 tobenden
1488 3094 106 27 Wirbel.

1233 3128 53 24 Ein
1304 3127 153 32 Niggerbon,
1474 3127 48 31 arf
1540 3128 56 27 dem
1613 3126 150 26 Motorboot
1779 3128 89 30 quſen
1885 3126 216 30 herumtorkelnd,

1184 3159 73 31 wirit
1275 3164 53 21 uns
1346 3161 118 24 wütende
1483 3160 84 31 Slöße
1583 3164 53 23 aus
1654 3161 84 25 einem
1757 3160 152 30 derbeulten
1925 3160 175 30 Blechelairon

1181 3186 31 41 in
1218 3192 56 25 die
1285 3193 99 27 Ohren.
1400 3193 39 30 Jn
1457 3193 48 25 den
1522 3192 180 26 debenborten
1717 3186 95 41 brůllt
1819 3186 61 41 man
1897 3190 97 32 tarrfeft
2010 3191 89 29 Aſal

1183 3226 117 27 walla!“.
1328 3227 65 27 ohne
1418 3225 82 26 damit
1524 3226 44 24 ein
1595 3224 147 30 ſchnelleres
1767 3223 128 32 Woſtoßen
1919 3230 34 26 zu
1979 3225 121 31 erzielen.

1209 3265 82 18 mmer
1317 3260 61 26 noch
1404 3259 60 28 liegt
1487 3260 48 23 der
1561 3259 196 30 ausgebrannte
1785 3257 315 31 Dampfer„Fontaine-

1182 3291 93 24 bleau“
1302 3290 34 26 im
1361 3291 183 30 beryllarünen
1569 3291 173 31 Flachwaſſer,
1765 3290 226 32 ſckavarzverrupt,
2014 3291 86 30 roirig,

1184 3324 47 24 mit
1253 3323 114 31 offenen,
1386 3324 84 26 diter
1490 3324 151 30 gähnenden
1661 3323 92 28 Luken,
1773 3330 36 18 an
1830 3325 82 23 denen
1935 3330 61 19 man
2019 3323 80 29 napp

1184 3356 178 31 vorüberzieht
1391 3358 51 23 und
1471 3356 43 29 jich
1541 3356 84 25 denkt:
1668 3356 137 31 „Afrita!“
1837 3358 52 24 und
1917 3357 181 30 erwartungs⸗

1183 3390 49 24 voll
1254 3389 72 27 wird,
1348 3389 64 29 ohne
1433 3390 50 31 daß
1504 3396 63 18 man
1590 3393 28 21 es
1640 3390 72 31 weiß.

1233 3422 57 30 Erſt
1317 3422 27 29 iſt
1369 3427 46 20 vor
1440 3426 51 21 uns
1518 3422 40 25 ein
1585 3422 99 30 flacher,
1709 3423 79 26 heller
1814 3421 187 31 Hauferiaum.
2042 3430 56 17 nun

1184 3454 84 26 ricken
1283 3455 147 33 allmählich
1445 3455 125 26 Gebäude
1587 3456 88 28 heran.
1710 3456 66 25 Vom
1795 3456 63 30 Ufer
1873 3457 101 29 dunſtet
1990 3455 109 30 wirrich

1182 3487 90 31 Afrika
1298 3487 124 31 herüber:
1466 3488 100 27 Geruch
1595 3488 60 31 nach
1679 3488 144 31 Schlamm,
1849 3489 86 28 Sand.
1966 3488 131 30 Früchten,

1181 3521 100 29 Staub,
1300 3521 122 31 favbiger,
1442 3519 210 33 ungewaſchener
1669 3521 82 31 Haut.
1786 3520 57 27 Der
1860 3522 78 29 lange
1958 3521 63 32 Weg
2040 3527 58 19 vom

1184 3553 73 26 Nolo
1284 3554 89 27 herein
1402 3554 148 31 uberzeugt,
1576 3553 52 31 daß
1654 3561 34 18 auch
1741 3554 55 30 hier
1823 3557 49 23 das
1900 3554 198 31 Völkergemiſch

1182 3587 43 25 der
1250 3587 167 37 Hafenitädie,
1458 3587 44 31 jich
1526 3587 152 31 angeſiedelt
1710 3589 44 27 hat.
1794 3587 44 25 ein
1862 3586 108 26 duntles
1993 3587 104 26 Vörker⸗

1180 3620 104 31 gemiſch
1303 3624 77 27 zwar.
1399 3620 61 26 aber
1478 3620 160 31 buntſchedig
1656 3626 66 25 genug
1759 3620 61 31 nach
1838 3620 187 32 Abitammung
2045 3621 52 25 und

1181 3653 83 30 Rafſe.
1283 3652 177 32 Rundköpfige
1480 3653 192 31 Somalineger,
1689 3652 139 33 Schwarze
1846 3657 51 21 aus
1914 3653 59 26 dem
1990 3652 107 28 Sudan.

1180 3686 41 25 die
1265 3685 125 31 ſchlanken
1436 3685 119 27 Männer
1598 3689 51 22 aus
1693 3687 56 25 dem
1777 3685 195 31 Nachbarlande
1998 3686 99 31 Harar.

1179 3716 145 34 Biſcharies
1385 3718 49 27 mit
1476 3718 206 32 trausflockigem
1726 3718 155 32 Locemlepf.
1937 3718 157 33 hochmũtige

1182 3751 146 34 Abenſinier
1375 3752 49 26 mit
1467 3752 256 34 larbenitrotenden,
1767 3751 122 34 jeidenen
1917 3751 178 31 Gewändern

2130 2570 123 31 bärtige
2273 2570 101 31 Berier,
2395 2570 183 30 iingbaſeſiſche
2598 2570 126 36 Sander,
2744 2571 48 24 das
2813 2570 174 32 verichlagene
3007 2569 62 27 Volt

2151 2603 46 25 der
2222 2603 178 30 goldöraunen
2426 2603 107 25 Avaber.
2575 2603 56 26 Der
2657 2603 90 30 Weiße
2771 2604 30 29 ift
2827 2611 53 17 nur
2906 2605 42 23 ein
2975 2603 94 25 leiner

2153 2635 128 30 Bruchteil
2304 2641 75 20 unter
2402 2637 51 23 und
2472 2636 117 32 zwiſchen
2611 2638 58 23 dem
2690 2638 77 23 allen.
2805 2637 36 26 Er
2864 2636 43 29 hat
2926 2637 42 25 die
2988 2636 80 26 Stadt

2151 2668 104 30 gebaut,
2295 2668 40 26 die
2358 2668 47 29 für
2429 2669 57 25 eine
2512 2669 325 31 Kolonialniederlaſſung,
2879 2675 48 20 von
2952 2670 47 25 der
3023 2675 45 19 vor

2152 2702 115 31 zwanzig
2287 2701 99 29 Jahren
2405 2701 72 26 laum
2494 2702 54 24 drei
2565 2702 103 30 Häuſer
2686 2703 114 28 ſtanden,
2817 2702 107 30 wirklich
2940 2709 47 24 gar
3004 2701 63 27 nicht

2149 2733 28 30 jo
2200 2734 58 25 übel
2283 2735 34 29 iſt.
2357 2734 161 30 Wenigſtens
2540 2738 57 21 was
2623 2736 46 23 den
2695 2734 89 29 Palait
2808 2736 44 24 des
2876 2734 191 26 Gouderneurs

2151 2768 120 30 anlangt,
2315 2768 55 23 eine
2400 2767 46 25 Art
2475 2767 155 31 mauriſcher
2656 2767 98 30 weiber
2780 2767 84 33 Burg,
2893 2769 77 24 deren
2999 2767 68 32 ſvige

2153 2800 174 29 Zinnenreihe
2371 2800 64 26 über
2480 2800 168 31 rauſchenden
2696 2801 121 26 Bäumen
2865 2801 67 30 ſteht.
2977 2800 89 30 Weiße

2152 2831 127 31 Treppen,
2301 2832 81 31 weiße
2406 2833 140 28 Laternen,
2569 2833 58 25 eine
2650 2833 71 30 hohe,
2743 2832 83 32 weide
2923 2840 37 21 er.
2982 2834 85 30 ſchutz⸗

2149 2866 83 26 bereit
2273 2866 46 24 mie
2344 2867 36 24 de
2408 2866 71 25 einer
2504 2866 119 31 Feſtung,
2667 2866 143 30 flankteren
2833 2866 87 30 dioſen
2945 2866 54 32 Sitz
3021 2866 45 36 der

2146 2898 179 30 eucopãiichen
2352 2899 136 30 Cbrigleit.
2530 2899 65 28 Auch
2617 2898 41 26 die
2680 2899 179 31 Bevölkerung
2884 2899 115 31 beteiligt
3023 2898 42 30 ſich

2147 2931 49 30 auf
2215 2931 52 27 ihre
2320 2931 47 26 Weiie
2387 2939 34 17 an
2438 2933 47 23 der
2504 2931 191 32 Aneckemung
2715 2932 80 29 dieſes
2812 2932 129 31 Schutzes.
2977 2932 86 25 Mann

2148 2970 45 19 um
2215 2963 87 26 Mann
2324 2964 53 31 läht
2398 2964 44 31 ſich
2462 2972 35 17 an
2517 2964 81 29 dieſer
2619 2964 100 26 Nauer
2738 2966 99 24 abends
2858 2973 60 23 zum
2941 2964 122 32 Schlafen

2148 2997 95 27 nieder,
2260 2997 65 31 zieht
2340 2998 48 24 den
2407 2997 104 26 Mantel
2528 2997 62 26 über
2607 2998 49 24 den
2673 2997 76 31 Korf,
2765 2997 26 31 io
2809 2998 49 30 daß
2875 3004 53 20 nar
2946 2999 58 30 noch
3020 2997 42 25 ein

2146 3029 104 26 Bündel
2280 3027 228 33 umdefinierbarer
2534 3030 92 34 Stoffe
2673 3031 35 25 im
2738 3031 158 31 ungewiſen
2923 3032 67 31 Licht
3019 3033 43 24 der

2146 3062 192 31 Sternennacht
2360 3063 164 31 übrigbleibt.

2195 3110 61 27 Das
2275 3110 181 33 Voſtgebäude,
2474 3112 28 25 in
2520 3112 48 26 das
2587 3113 51 25 alle
2655 3113 279 31 Neuangekommenen
2952 3113 111 32 rũrzen,

2148 3151 44 18 um
2215 3144 44 30 ſich
2299 3145 67 25 ihrer
2387 3145 192 32 Briejpflichten
2619 3153 32 24 zu
2690 3146 154 31 entledigen,
2885 3147 27 29 iſt
2936 3147 57 25 eine
3015 3145 48 26 Art

2146 3176 135 31 heaerner
2293 3177 90 28 Stall.
2418 3178 57 33 wie
2487 3178 53 24 ichk
2559 3178 45 27 ifm
2625 3179 61 24 weit
2704 3172 105 43 unten
2812 3179 63 25 in
2894 3181 47 24 der
2959 3178 104 29 Eüdfee

2147 3210 122 30 erheblich
2297 3210 77 27 beiier
2402 3209 180 32 angetroffen
2610 3210 72 26 babe.
2728 3210 85 32 Neger
2857 3214 139 29 nmlagern
3024 3211 37 24 die

2144 3242 107 30 jchmale
2275 3242 63 26 Tür.
2379 3243 50 25 Ein
2453 3243 93 26 fleiner
2569 3243 86 30 Baſar
2677 3244 47 31 für
2747 3245 39 24 die
2809 3244 252 32 Vorüdergebenden

2144 3275 45 26 nhat
2216 3275 42 30 ſich
2284 3276 134 29 aujgetan.
2462 3276 82 30 Saujt
2586 3276 157 31 zudringlich
2782 3279 161 28 angeboene
2969 3278 92 29 Balm⸗-

2143 3308 147 30 baßtfächer,
2318 3308 87 26 Dolche
2433 3310 45 23 mit
2505 3308 116 31 hübſcher
2647 3309 208 32 Meiningarbeit,
2881 3311 179 30 zierlichhunte

2145 3341 136 29 Körbchen,
2303 3341 62 25 viele
2388 3342 94 29 dünne,
2502 3342 101 31 farbige
2624 3342 156 30 Glabringe,
2801 3343 39 25 die
2862 3343 34 27 ich
2916 3344 49 24 nit
2986 3343 74 29 Recht

2144 3373 115 31 heimlich
2285 3374 33 25 im
2345 3374 120 31 Vordacht
2492 3374 71 31 habe.
2604 3379 53 21 aus
2683 3376 120 30 Gablonz
2830 3376 27 25 in
2884 3376 119 29 Löhmen
3028 3382 32 24 zu

2145 3406 134 29 jtammen.
2317 3406 51 26 Die
2392 3407 115 30 Händler
2529 3407 53 30 ſind
2605 3408 182 30 intereſianter
2809 3409 43 25 als
2877 3409 54 30 ihre
2955 3409 105 26 Waren.

2144 3439 204 26 Dunkelbraune
2372 3440 178 25 Somalileute
2589 3441 51 25 mit
2682 3441 97 31 großen
2805 3441 93 30 Augen
2941 3443 52 24 und
3017 3448 43 24 ge⸗

2142 3472 113 31 bogener
2275 3472 169 31 Arabernaſe,
2462 3473 173 34 femngliedrig,
2656 3475 47 24 mit
2722 3474 36 25 tir
2760 3475 70 29 inen,
2849 3475 90 31 jpitzen
2959 3475 100 26 Bärien

2146 3506 53 24 und
2212 3501 176 40 merkwürbig
2411 3506 142 31 ſchwachem
2573 3506 80 26 Kinn.

2197 3549 66 26 Kein
2282 3551 183 30 verſchleiertes
2484 3551 204 33 Frauengeſicht.
2724 3553 142 30 Wallende,
2886 3555 104 32 geſtickte
3010 3554 51 26 Ge⸗

2149 3584 105 26 wänder
2272 3592 44 18 um
2332 3586 41 25 bis
2390 3594 47 24 zur
2454 3586 133 32 Hagerleit
2607 3587 109 31 ſchlanke
2735 3587 206 32 Frauenförper,
2958 3591 39 24 die
3015 3589 46 25 mit

2142 3613 72 43 Schm
2225 3618 35 25 uck
2276 3618 109 32 behängt
2401 3618 62 29 iind.
2498 3620 48 24 Um
2562 3619 89 26 dünne
2668 3620 80 25 Arme
2765 3620 129 29 Dutzende
2910 3627 49 20 von
2976 3622 83 26 Glaz-

2147 3653 54 24 und
2225 3652 255 37 Silbertugelreifen,
2504 3653 123 33 Gehänge
2650 3656 49 30 auf
2723 3656 69 26 einer
2815 3656 106 30 flachen,
2945 3657 41 25 bis
3008 3659 52 23 ans

2146 3685 71 26 Kinn
2233 3686 142 38 vorhüllten
2393 3687 85 29 Bruſt.
2511 3687 40 27 So
2566 3688 107 30 ſortiert
2685 3690 58 25 eine
2761 3697 80 25 ganze
2859 3690 82 28 Schar
2958 3690 101 27 Weiber

2147 3724 78 33 unter
2251 3719 104 29 offenen
2382 3720 115 29 Arkaden
2525 3721 92 31 Kaifee
2646 3723 27 26 in
2700 3723 104 30 Säcken,
2830 3724 125 31 während
2977 3724 81 27 nacke

2140 3752 99 27 Kinder
2259 3754 44 32 ſich
2322 3754 28 25 in
2368 3754 48 25 den
2436 3754 218 33 aufgeſchütteten
2675 3756 107 32 Saufen
2801 3756 170 33 grüngrauer
2989 3756 67 31 Boh⸗

736 3835 235 67 Aus
1038 3834 267 63 dem
1373 3833 754 77 BiiderBuch
2198 3850 222 48 von
2491 3816 239 97 Toc
2797 3839 244 63 und

222 3936 248 27 Slamenisehe
490 3936 199 33 zviltinxe
708 3936 52 27 im
778 3937 163 27 Rorcer.

271 3978 163 30 Siamefiſche
459 3978 135 32 Zwillinge
617 3977 81 31 haben
721 3978 81 30 nichts
822 3985 32 23 zu
876 3978 91 30 lachen.
1006 3978 49 26 Sie
1079 3978 54 29 ſind

220 4011 48 30 auf
286 4011 95 29 Gedeih
400 4012 52 24 und
469 4012 114 25 Verderb
601 4012 174 25 miteinander
792 4012 156 25 verbunden.
966 4011 47 29 Sie
1034 4012 98 25 können

222 4045 65 28 wohl
315 4047 120 27 getrennt
464 4045 120 28 handeln,
611 4045 99 26 müſſen
738 4045 63 25 aber
828 4044 54 25 doch
910 4045 98 25 vereint
1038 4045 94 30 büßen.

220 4076 67 31 Zum
305 4077 109 30 Beiſpiel
433 4077 66 25 kann
517 4079 43 24 der
577 4077 56 25 eine
650 4078 42 24 ein
711 4077 55 31 ſehr
783 4078 159 29 moraliſcher
960 4077 101 32 Menſch
1080 4079 52 24 und

221 4110 175 30 Abſtinenzler
413 4111 73 28 durch
502 4111 52 24 und
570 4110 73 29 durch
659 4110 61 29 ſein.
753 4111 64 25 Was
834 4109 66 31 nützt
917 4114 28 23 es
962 4111 67 26 ihm?
1063 4110 68 26 Sein

219 4142 79 58 —
322 4144 64 25 wird
409 4143 158 32 ſchwankend
592 4143 53 33 ſein
669 4143 75 31 gleich
769 4144 55 24 dem
849 4143 84 32 ſeines
956 4143 175 27 betrunkenen

248 4177 100 25 ruders.

266 4209 49 25 Die
331 4209 93 32 Tragik
439 4211 43 24 der
497 4210 243 32 Unzertrennlichen
754 4209 63 30 fand
830 4209 96 31 neulich
941 4209 27 27 in
983 4209 149 27 Nanila

219 4241 183 31 erſchütternde
432 4243 178 32 Beitätigung.
656 4243 53 27 Auf
738 4243 44 25 der
808 4242 179 32 Anklagebank
1016 4243 45 31 ſaß
1088 4244 42 25 ein

218 4274 74 28 Vaar
312 4275 151 31 ſiamefiſche
484 4276 143 30 Zwillinae.
663 4276 60 25 Das
743 4276 100 31 Gericht
862 4276 43 30 hat
923 4283 70 24 zwar
1012 4284 52 18 nur
1084 4277 48 25 den

219 4308 74 25 einen
321 4309 120 31 gemeint.
486 4309 68 25 Aber
581 4310 43 24 der
650 4310 95 24 andere
772 4309 55 25 kam
852 4310 196 30 notgedrungen
1075 4311 56 24 mit.

219 4341 36 24 Er
271 4346 55 20 war
343 4341 73 31 ſogar
434 4341 80 28 dabei,
530 4343 43 24 als
590 4342 54 31 ſein
661 4342 204 26 inkriminierter
880 4342 103 26 Bruder
1000 4343 38 25 die
1056 4342 76 32 ſtraf⸗

218 4374 61 24 bare
302 4374 142 32 Handlung
466 4375 99 31 beging.
605 4374 51 28 Die
679 4375 127 30 ſtrafbare
830 4375 141 32 Handlung
995 4380 56 21 war
1074 4376 58 25 eine

220 4406 142 31 Autofahrt
390 4408 47 28 mit
467 4407 226 32 Ueberſchreuung
724 4408 43 25 der
796 4407 334 33 Geſchwindigkeitsgrenze

216 4440 54 25 und
300 4440 174 30 anſchließend
504 4441 43 24 ein
577 4441 110 30 heftiger
717 4441 220 31 Zuſammenſtoßz.
983 4440 148 32 Deswegen

217 4473 71 29 ſtand
306 4474 44 24 der
368 4472 110 26 Sünder
496 4478 46 20 vor
560 4474 109 25 Gericht.
704 4474 57 25 Und
779 4474 31 25 da
829 4473 37 29 die
886 4474 172 31 Schuldfrage
1076 4476 56 24 ein⸗

218 4506 126 28 wandfrei
362 4506 77 30 gelöit
457 4511 64 26 war,
539 4507 152 24 verurteilte
710 4514 62 18 man
791 4506 44 31 ihn
853 4508 58 30 trotz
929 4507 43 26 der
990 4508 141 25 obwalten⸗

217 4537 46 26 den
285 4539 134 27 Umſtaͤnde
438 4546 33 23 zu
490 4539 54 24 vier
563 4539 107 29 Wochen
690 4539 102 26 Kerker.

266 4571 132 29 Natürlich
416 4572 61 30 ging
494 4572 39 24 bei
551 4571 43 26 der
612 4571 236 34 Urteilsverlelung
865 4571 42 27 ein
925 4573 114 32 Grinſen
1057 4573 74 32 durch

217 4605 38 26 die
284 4604 240 30 Zuſchauerreihen.
570 4604 67 30 Auch
666 4604 77 30 ſahen
772 4606 43 29 ſich
843 4606 37 25 die
909 4606 88 26 beiden'
1026 4606 104 27 Brüder

215 4637 136 32 zweifelnd
367 4644 42 18 an.
444 4638 69 25 Aber
530 4638 43 24 der
589 4637 157 32 Vorſitzende
763 4643 56 20 war
835 4638 42 31 ſich
893 4639 64 26 über
973 4640 47 26 den
1037 4640 94 31 Straf⸗

217 4672 100 31 dollzug
338 4670 35 25 im
395 4671 94 25 klaren.
530 4671 71 30 „Für
622 4670 48 26 Sie
691 4671 52 31 gibt
766 4674 29 23 es
816 4678 52 18 nur
887 4672 151 31 zweierlei,“
1060 4673 70 30 fagie

216 4710 28 19 er
267 4711 32 23 zu
322 4704 55 24 dem
402 4703 179 31 unſchuldigen
604 4704 112 28 Bruder.
757 4704 152 27 Entweder
932 4706 125 25 wandern
1080 4706 50 26 Sie

216 4737 48 25 mit
288 4736 60 25 ins
372 4736 234 31 Gefänanis,
632 4737 59 25 oder
717 4736 48 26 Sie
789 4737 78 30 laien
892 4738 43 30 ſich
958 4738 73 31 durch
1054 4739 74 25 einen

217 4769 261 31 chirurgiſchen
509 4770 176 31 Eingriff
715 4770 79 30 ſofort
823 4774 48 22 von
902 4770 93 31 Jhrem
1025 4772 104 26 Bruder

215 4802 142 25 trennen!“
397 4802 56 25 Der
478 4803 105 25 Bruder
607 4803 93 29 wählie
725 4805 64 27 ohne
813 4803 119 25 weiteres
956 4805 47 24 das
1028 4805 100 29 erſtere.

217 4835 36 26 Er
271 4836 84 24 wallte
375 4835 64 27 nicht
457 4836 129 31 lumpiger
605 4836 54 25 vier
678 4837 105 29 Wochen
802 4836 151 31 Gefängnis
973 4843 87 25 wegen
1082 4839 47 24 das

215 4868 83 30 Riſiko
319 4870 43 23 der
383 4868 145 27 Operation
549 4868 48 30 auf
617 4868 43 31 ſich
679 4869 110 29 nehmen
808 4885 34 5 —
862 4871 51 23 und
934 4869 78 32 folgte
1033 4871 95 30 itehen⸗

214 4901 48 25 den
280 4901 89 31 Fußzes
387 4901 95 30 ſeinem
502 4902 239 31 unzertrennlichen
760 4900 102 28 Bruder
880 4902 27 25 in
927 4902 37 25 die
984 4903 77 32 Zelie.

214 4951 77 27 Der
310 4950 455 32 EHheaeheidungasanatlt.

265 4986 217 46 Eheſcheidungen
498 4990 116 38 kommen
644 4992 27 25 in
693 4993 67 25 allen
785 4993 120 26 Ländern
927 4998 52 25 var,
1002 4992 75 33 ſogar
1097 4992 29 28 in

214 5024 47 26 den
288 5025 107 29 feinſten
424 5024 128 30 Familien
578 5038 32 5 —
635 5025 52 25 und
713 5026 151 30 namentlich
891 5028 26 24 in
944 5028 46 25 den
1018 5027 108 31 feinſten

215 5057 130 31 Familien
370 5058 28 29 iſt
424 5058 41 24 ein
490 5056 232 31 betlagenswerter
745 5058 110 32 Mangel
878 5067 34 18 an
935 5059 121 32 Eheglück
1079 5068 48 17 an-

215 5091 138 32 zutreffen.
398 5090 47 29 Jm
473 5090 96 25 Staate
597 5089 202 32 Oklahama
826 5092 66 26 blieb
918 5097 28 21 es
972 5092 70 32 ſelbſt
1070 5093 56 26 dem

217 5124 153 29 berühmten.
402 5123 302 31 Eheſcheidungsanwalt
736 5124 158 31 Farman
924 5126 62 30 nicht
1017 5126 121 31 erſpart,

215 5156 43 31 ſich
279 5161 49 20 von
351 5156 83 30 ſeiner
456 5157 111 30 beſſeren
589 5156 89 30 Hälfte
701 5165 31 22 zu
756 5158 118 26 trennen.
914 5159 58 25 Nur
994 5159 131 32 überlegte

216 5196 28 18 er
261 5190 46 29 erſt
328 5190 55 24 eine
403 5190 90 27 Weile,
509 5190 31 24 ob
557 5193 29 23 es
604 5189 65 29 wohl
688 5190 97 30 ratſam
803 5191 41 30 ſei,
863 5192 41 30 ſich
922 5191 85 32 ſelber
1020 5200 31 23 zu
1070 5197 56 21 vor⸗

218 5221 116 32 teidigen.
383 5223 36 25 Er
448 5222 113 31 verwarf!
591 5222 82 30 dieſen.
705 5222 137 28 Gedanken
874 5226 52 24 und
957 5225 165 31 beauftragte

215 5254 75 25 einen
307 5255 131 31 Kollegen,
455 5259 29 21 es
503 5256 43 29 für
565 5256 42 29 ihn
625 5262 32 23 zu
675 5257 55 24 tun.
765 5258 60 25 Wer
843 5257 131 31 beſchreibt
992 5259 62 25 aber
1073 5258 52 31 ſein

217 5287 153 31 Erſtaunen/
395 5290 43 23 als
461 5296 44 17 am
529 5289 99 25 andern
653 5288 71 32 Tage
750 5295 52 20 wer
826 5298 31 23 au
883 5292 52 29 ihm
961 5290 68 27 kam:
1057 5292 83 34 ſeine

1185 3934 127 34 eigene
1334 3936 105 31 Frau.
1474 3935 66 32 Auch
1562 3936 32 29 fie
1614 3935 118 31 bedurfte
1750 3935 127 32 dringend
1897 3935 74 27 eines
1992 3936 104 31 Rechts⸗

1185 3970 150 30 beiſtandes.
1375 3970 56 26 Und
1454 3969 31 27 da
1508 3969 31 30 ſie
1562 3969 42 30 ſich
1626 3977 52 17 nur
1698 3975 57 20 vom
1780 3970 146 30 tüchtigſten
1950 3969 146 26 Advokaten

1185 4003 44 25 des
1247 4003 83 26 Ortes
1348 4003 154 30 verteidigen
1521 4003 79 28 lafſen
1619 4004 91 26 wollte,
1726 4002 111 30 erſuchte
1855 4003 32 29 ſie
1904 4003 74 25 ibren
1995 4002 100 26 Gatten

1184 4036 67 25 allen
1272 4036 116 30 Ernſtes,
1406 4043 28 18 er
1453 4035 91 27 möchte
1564 4036 42 29 ſich
1624 4035 70 26 ihres
1715 4035 87 30 Falles
1823 4035 156 30 annehmen.

1231 4070 88 29 Herrn
1340 4068 115 31 Farman
1475 4069 131 29 ſträubten
1626 4068 41 30 ſich
1687 4069 114 29 zunächit
1823 4069 38 24 die
1880 4068 96 26 Haare.
2012 4068 83 26 Dann

1185 4102 146 31 befleißigte
1352 4109 28 17 er
1400 4102 41 29 ſich
1461 4102 69 26 aber,
1551 4109 66 23 ganz
1638 4101 104 25 Anwalt
1762 4109 32 22 zu
1817 4101 52 30 ſein
1891 4103 53 25 und
1965 4101 69 32 ſagte
2054 4110 40 23 zu.

1185 4134 40 27 So
1245 4135 55 25 fam
1322 4138 36 25 es,
1380 4134 49 31 daß
1450 4142 28 18 er
1498 4136 42 23 als
1562 4134 103 25 Anwalt
1687 4134 84 31 ſeiner
1793 4133 72 31 Frau
1887 4134 42 31 ſich
1950 4134 80 26 ſelber
2051 4135 44 25 ins

1185 4165 154 34 ſchwärzeſte
1363 4168 65 29 Licht
1453 4168 85 29 ſtellen
1566 4167 96 30 mußte.
1704 4166 57 26 Wie
1787 4167 179 31 überzeuͤgend
1991 4174 29 18 er
2044 4169 51 25 alle

1183 4201 67 30 ſeine
1272 4201 169 30 Üntugenden
1461 4200 166 29 berausſtrich
1645 4200 53 25 und
1716 4199 74 30 welch
1809 4200 42 25 ein
1871 4200 92 25 truͤbes
1983 4201 112 25 Lebens⸗

1183 4234 50 25 bild
1252 4241 28 18 er
1298 4238 49 21 von
1367 4234 41 29 ſich
1426 4233 123 29 entwarf!
1587 4233 60 25 Wer
1664 4240 85 23 genau
1768 4232 126 30 hinhörte,
1913 4233 93 25 merkte
2026 4234 69 30 auch,

1184 4266 49 31 daß
1254 4274 28 19 er
1304 4266 42 30 ſich
1368 4267 130 25 verblümt
1521 4267 42 24 der
1584 4266 121 29 ehelichen
1727 4266 116 25 Untreue
1864 4266 150 31 bezichtigte.
2055 4266 40 26 So

1183 4300 66 31 rafch
1269 4300 87 25 wurde
1376 4300 78 30 ſelten
1474 4300 56 24 eine
1550 4299 142 31 Scheidung
1713 4299 139 30 vollzogen.
1889 4299 40 25 So
1948 4299 146 31 unſchuldig

1184 4338 55 20 war
1257 4332 79 30 ſelten
1353 4333 57 24 eine
1430 4332 79 31 Frau,
1526 4333 47 26 wie
1592 4332 37 25 die
1647 4332 34 25 im
1701 4331 119 32 roſigiten
1837 4331 66 32 Licht
1921 4332 173 31 erſtrahlende

1184 4366 166 32 tugendſame
1371 4365 71 31 Frau
1464 4365 125 31 Farman.

1231 4399 69 30 Herr
1320 4398 117 31 Farman
1456 4400 63 24 aber
1540 4397 95 32 verließ
1656 4397 47 27 mit
1723 4397 148 32 gemiſchten
1892 4397 133 31 Gefühlen
2045 4398 48 26 den

1184 4431 77 27 Saal.
1302 4432 36 25 Er
1361 4431 43 30 hat
1426 4432 43 25 als
1493 4431 105 26 Anwalt
1621 4431 74 25 einen
1720 4431 65 32 Sieg
1809 4432 207 31 dabongetragen
2041 4433 53 24 und

1169 4470 69 31 war
1258 4465 43 25 als
1323 4465 135 31 Ehemann
1480 4466 64 24 iotal
1565 4464 210 32 hineingefallen.

1183 4518 65 28 Alt
1266 4518 70 27 wieo
1355 4518 257 27 nethuanlem.

1233 4563 95 30 Wiſſen
1348 4563 58 28 Sie,
1426 4563 49 30 daß
1494 4567 29 22 es
1543 4563 69 26 keine
1633 4563 80 30 Kunſt
1734 4562 37 31 iſt,
1790 4563 39 26 alt
1849 4563 46 26 wie
1917 4563 175 33 Methuſalem

1184 4604 31 24 zu
1238 4597 121 25 werden?
1399 4597 38 25 Es
1459 4597 28 28 iſt
1509 4597 59 29 auch
1590 4597 79 30 nichts
1690 4596 152 30 beſonderes
1866 4598 80 27 dabei,
1968 4598 43 29 ihn'
2036 4597 58 30 noch

1183 4637 32 24 zu
1237 4629 174 32 überflügeln.
1450 4630 101 30 Gewiß,
1573 4629 174 31 Methuſalem
1768 4630 29 30 iit
1818 4630 49 25 969
1887 4630 85 31 Jahre
1992 4631 39 24 alt
2052 4636 42 26 ge—

1184 4663 111 26 worden.
1337 4662 60 27 Das
1420 4662 58 27 hört
1502 4663 42 30 ſich
1569 4663 122 25 wunders
1714 4663 49 25 wie
1788 4671 45 18 an.
1874 4663 69 25 Aber
1966 4666 58 22 was
2049 4663 45 31 für

1184 4696 84 31 Jahre
1293 4700 88 21 waren
1408 4697 62 26 das?
1514 4697 36 24 Es
1576 4695 68 26 wäre
1669 4696 42 25 ein
1737 4696 122 32 gewaltig
1882 4697 94 30 langes
2001 4697 92 27 Leben,

1184 4736 74 18 wenn
1288 4729 37 25 die
1354 4729 79 30 Sache
1462 4728 62 30 nicht
1552 4729 75 25 einen
1656 4728 87 30 Haken
1769 4729 80 30 hätte!
1892 4729 52 26 Die
1972 4730 121 29 engliſche

1182 4761 172 32 Wiſſenſchaft
1372 4762 27 30 iſt
1416 4762 53 31 jetzt
1487 4762 116 30 dahinter
1619 4762 155 31 gekommen,
1790 4762 50 30 daß
1858 4770 62 18 man
1937 4770 32 23 zu
1986 4762 107 28 Methu⸗

1182 4795 96 31 falems
1297 4795 89 31 Zeiten
1403 4796 63 29 nicht
1483 4796 58 29 nach
1560 4795 109 31 Jahren,
1686 4795 109 25 ſondern
1811 4796 59 31 bloß
1887 4796 60 29 nach
1964 4795 128 27 Mond⸗

1182 4831 173 22 monatfen
1381 4829 119 26 rechnete.
1544 4828 40 30 Jn
1612 4828 89 30 dieſem
1730 4828 80 30 Lichte
1836 4829 114 30 beſehen,
1975 4829 63 29 ſteht
2062 4832 30 21 es

1180 4861 46 25 mit
1245 4861 192 30 Methuſalems
1442 4861 96 26 Leben
1556 4868 65 24 ganz
1638 4862 104 28 anders.
1778 4861 37 25 Er
1832 4861 136 31 ſchrumpft
1987 4861 48 31 auf
2053 4861 38 25 die

1180 4893 153 32 Kleinigleit
1360 4899 48 21 von
1435 4896 82 23 etwas
1545 4894 63 25 über
1633 4893 140 32 ſiebzig
1802 4894 102 30 Jahren
1932 4894 159 31 zuſammen,

1180 4927 52 25 und
1250 4927 47 25 mit
1314 4927 106 29 unſcrer
1438 4927 171 34 Hachachtung
1625 4932 44 20 vor
1687 4928 55 24 dem
1760 4927 131 31 bibliichen
1909 4927 182 31 Greiſenalter

1179 4960 28 31 iit
1229 4963 30 21 es
1282 4960 131 31 endgültig
1438 4961 93 25 vorbei.

1229 4992 40 26 So
1276 4993 96 26 rauͤbt
1397 4993 37 25 die
1460 4993 171 32 Wiſſenſchaft
1657 4997 52 54 —
1735 4993 57 30 eine
1814 4992 131 32 Jlluſion.
1959 4993 60 29 nach
2045 4994 44 25 der

1179 5026 121 28 anderen.
1336 5026 50 25 Bis
1406 5026 52 31 jetzt
1479 5031 87 21 waren
1588 5027 46 24 wir
1654 5027 27 24 de?
1717 5025 140 33 Meinung,
1892 5026 35 31 daß
1946 5026 35 26 im
2003 5026 86 27 Alter—

1177 5063 56 24 tum
1251 5061 37 26 die
1306 5060 133 31 Menſchen
1455 5060 93 31 länger
1566 5061 83 30 lebten
1664 5062 43 28 al
1724 5062 157 31 heutzutage
1897 5063 56 26 wir.
1971 5063 53 34 nd
2041 5063 46 24 das

1178 5097 27 21 es
1226 5093 50 26 alle
1299 5093 159 31 Augenblicke
1480 5095 110 28 vorkam,
1612 5095 48 31 daß
1681 5094 79 32 junge
1782 5095 79 26 Leuté
1884 5097 35 24 im
1941 5095 72 27 Alter
2038 5101 48 20 von

1177 5127 110 29 hundert
1307 5127 104 30 Jahren
1432 5127 57 29 noch
1509 5128 98 26 einmal
1626 5128 151 30 heirateten.
1813 5128 133 30 Während
1965 5129 48 25 wir
2033 5128 55 30 alſo

1178 5160 46 26 mit
1241 5161 72 25 einer
1330 5161 48 25 Art
1396 5161 201 31 paradieſiſchem
1613 5161 114 31 Zuſtand
1745 5160 140 32 rechneten,
1901 5161 43 31 ſah
1962 5162 25 24 in
2006 5161 82 26 Wirk⸗.

1177 5193 92 30 lichkeit
1287 5194 60 25 das
1378 5194 130 25 Altertum
1540 5194 62 29 recht
1632 5194 100 30 tläglich
1756 5198 67 22 aus.
1870 5194 51 27 Die
1936 5189 150 40 Manſchen

1178 5227 105 26 wurden
1313 5231 48 21 von
1390 5227 169 30 unheilbaren
1587 5227 172 27 Krankheiten
1788 5227 86 31 erfazt
1904 5229 52 24 und
1985 5228 99 29 ſtarben

1177 5260 80 24 eines
1273 5260 139 30 entfetzlich
1427 5260 93 29 frühen
1542 5260 98 26 Todes.
1673 5260 175 31 Wethuſalem
1873 5260 146 31 jedenfalls,
2043 5261 43 25 der

1179 5292 75 30 Sohn
1279 5293 121 30 SGenochs,
1426 5299 55 19 war
1506 5294 50 35 mit
1577 5294 85 30 ſeinen
1687 5294 49 24 gg
1760 5293 64 30 (lietß
1847 5292 42 32 70)
1916 5294 103 30 Jahren
2042 5295 42 24 ein

2124 5058 45 23 es
2185 5054 125 28 erlaubt.
2337 5054 61 29 ſein,
2420 5055 48 25 Tdie
2503 5056 178 31 ausgeſtreckie

2149 3935 87 27 Mann
2259 3940 49 22 von
2330 3939 182 26 unerreichtem
2536 3938 81 27 Alter.
2658 3940 37 25 Es
2718 3940 132 30 empfiehlt
2873 3941 42 30 fich
2938 3941 62 31 alſo,
3021 3939 35 27 im

2147 3970 113 29 nächiten
2281 3971 141 28 Brackhaus
2441 3973 56 23 eine
2518 3972 180 32 Erläuterung
2719 3981 30 23 zu
2770 3973 84 32 feten,
2873 3974 47 30 auf
2942 3974 48 32 daß
3009 3975 48 25 wir

2149 4003 62 26 nicht
2239 4006 58 27 noch
2326 4005 90 30 länger
2443 4007 42 22 als
2513 4005 41 25 ein
2583 4007 160 25 leuchtendeés
2771 4008 108 25 Voͤrbild
2907 4004 150 40 betrachten,

2147 4040 56 21 was
2225 4044 47 24 gar
2294 4037 52 25 kein
2369 4038 156 30 leuchtendes
2546 4039 108 26 Vorbild
2676 4039 113 32 geweſen
2812 4040 38 31 iſt.

2148 4093 74 28 Das
2241 4095 371 33 unvorhergesehnone
2632 4097 57 28 Ei.

2197 4144 130 32 Nirgends
2347 4146 56 31 gelt
2421 4149 30 22 es
2471 4146 26 29 ſo
2518 4145 99 33 lomiſch
2637 4155 41 24 zu.
2699 4147 48 26 wie
2766 4149 49 31 auf
2835 4150 43 25 der
2898 4149 77 27 Welt.
3013 4149 39 30 Jn

2148 4177 144 28 Anneſn
2317 4180 47 30 auf
2389 4180 54 25 dem
2468 4179 191 29 Wochenmärkt
2686 4181 85 31 laufte
2797 4184 57 25 eine
2878 4183 106 26 Kundin
3010 4184 41 24 ein

2148 4212 120 25 lebendes
2282 4213 85 27 Huhn.
2401 4214 36 24 Er
2451 4214 28 29 iſt
2495 4222 36 17 an
2546 4214 42 30 ſich
2605 4215 62 26 nicht
2683 4216 190 31 ungewöhnlich
2891 4218 44 24 der
2951 4217 101 27 Sandel

2148 4246 45 25 mit
2211 4247 121 25 lebenden
2351 4247 135 28 Hühnern,
2502 4248 53 24 und
2568 4251 31 21 es
2616 4249 70 25 wäre
2703 4251 60 28 auͤch
2776 4250 56 25 kein
2849 4250 74 26 Wort
2941 4250 111 26 darüber

2147 4286 31 23 zu
2201 4280 135 27 verlieren,
2359 4286 74 21 mwenn
2456 4281 61 30 nicht
2542 4281 45 25 das
2613 4282 79 31 Huhn
2716 4282 24 29 ſo
2762 4283 145 28 anbaltend
2929 4283 122 33 gegadert

2148 4313 77 25 hütte.
2269 4314 37 25 Es
2331 4314 43 27 hat
2418 4315 62 31 nicht
2507 4322 50 18 nur
2601 4317 132 30 gegadert.
2777 4317 37 25 Es
2839 4317 45 29 hat
2910 4318 74 31 ſogt
3009 4319 42 24 ein

2148 4346 40 26 Ei
2210 4348 122 31 geleht
2356 4362 31 5 —
2411 4349 52 32 und
2487 4349 182 31 ausgerechtet
2693 4350 29 24 in
2745 4350 55 25 dem
2826 4351 159 32 Augenblick.
3011 4354 42 22 al?

2147 4380 44 26 der
2204 4381 252 32 Kaufperfeſtt
2470 4382 95 25 wurde.
2596 4383 120 27 Deshalb
2730 4383 28 30 iſt
2773 4391 55 19 nun
2845 4384 43 26 ein
2904 4387 149 30 gewaltiger

2149 4414 87 26 Streit
2260 4416 159 28 entitanden,
2447 4415 45 26 der
2516 4416 79 32 große
2623 4416 89 31 Kreiſe
2740 4417 64 30 zieht
2834 4419 54 24 und
2915 4419 72 31 ſfelbſt
3016 4420 36 24 die

2147 4448 176 26 anerlannten
2348 4448 214 31 Rechtapraktiker
2586 4450 153 32 beſchäfügt.
2778 4450 61 26 Das
2863 4451 41 26 Ei.
2927 4452 26 32 ſo
2977 4453 76 31 ſagen

2147 4480 39 26 die
2206 4482 87 27 einen.
2329 4482 87 31 gehört
2438 4483 55 25 dem
2516 4483 124 31 Händler.
2679 4483 80 27 Denn
2798 4489 29 21 es
2851 4485 89 26 wurde
2962 4487 91 30 gelegt.

2146 4515 77 25 bevar
2239 4515 42 25 der
2298 4516 99 30 vandel
2414 4517 177 31 abgeſchloſſen
2609 4522 63 21 war.
2705 4516 75 30 Nein,
2797 4518 78 31 ſagen
2891 4518 38 27 die
2945 4525 62 20 aude
3015 4526 37 21 rn.

2147 4548 47 25 das
2216 4549 30 25 Ei
2270 4549 86 32 gebört
2378 4550 42 24 der
2443 4550 138 30 Käuferin,
2604 4551 66 24 denn
2693 4551 33 30 ſie
2748 4551 70 30 hatie
2840 4552 47 25 das
2910 4553 79 29 Suhn
3012 4555 40 22 be—

2146 4583 67 25 reits
2232 4583 26 25 in
2278 4584 43 24 der
2340 4583 83 26 Hand.
2460 4583 109 31 Folglich
2589 4585 28 28 iſt
2639 4585 47 24 das
2707 4584 31 26 Ei
2757 4585 43 26 ein
2822 4585 59 26 Teil
2904 4586 45 25 des
2969 4586 82 30 Kauf.

2146 4615 119 31 obiettes.
2301 4616 67 25 Man
2388 4617 42 28 hat
2450 4617 39 25 die
2507 4618 115 27 Geriche
2641 4618 157 31 angerufen,
2818 4626 62 18 man
2903 4619 53 31 ſetzi
2976 4620 74 30 einen

2139 4649 154 30 gewaltigen
2318 4648 114 30 Aprarat
2458 4650 26 24 in
2506 4649 149 32 Bowegung
2680 4664 32 5 —
2734 4653 53 23 und
2807 4651 80 30 ſobiel
2911 4651 60 29 jteht
2997 4651 54 31 feſt:

2138 4681 83 31 dieſes
2243 4683 31 25 Ei
2292 4682 64 26 wird
2376 4682 58 25 eins
2453 4683 45 26 der
2518 4683 136 30 meuerſten,
2673 4684 50 25 das
2743 4684 25 31 je
2786 4685 85 31 gelegt
2892 4687 95 24 wurde.

2145 4740 112 34 Good.
2265 4740 56 34 hy.
2341 4740 95 27 Herr
2454 4741 215 27 Prsident

2193 4789 50 26 Die
2276 4789 81 29 freien
2391 4790 103 32 Bürger,
2526 4791 42 24 der
2602 4790 252 34 Vereinigten
2888 4792 165 27 Staaten

2143 4822 82 30 haben
2248 4823 75 30 ſang⸗
2344 4824 51 24 und
2419 4823 115 32 klanglos
2557 4823 42 25 ein
2621 4824 121 31 Vorrecht
2765 4826 148 31 eingebüßzt,
2935 4827 47 30 auf
3004 4827 48 24 das

2144 4856 32 30 ſie
2196 4863 85 23 genau
2299 4856 24 30 ſo
2342 4856 57 30 ſtols
2418 4863 87 18 waren
2525 4857 46 27 wie
2590 4857 49 25 wir
2657 4862 28 21 es
2705 4858 53 30 ſein
2777 4860 114 28 wurden,
2909 4866 76 19 wenn
3004 4860 49 24 wir

2144 4892 29 22 es
2195 4889 96 29 hätten.
2332 4890 121 25 Gemeint
2477 4890 36 29 iſt,
2536 4891 121 30 jederzeit
2682 4892 53 24 und
2759 4891 25 31 ſo
2807 4892 50 25 viel
2880 4894 43 24 als
2949 4892 102 32 möglich

2143 4923 72 24 dem
2255 4922 250 31 Präſideuten
2546 4924 56 24 dies
2643 4925 101 29 Hand
2783 4932 40 23 zu
2864 4925 186 30 ſchüttenn.

2143 4955 153 30 Ehrenſache
2319 4962 63 21 war,
2406 4955 49 30 daß
2478 4957 48 26 alie
2551 4956 84 26 davon
2659 4957 133 30 Gebrauch
2816 4959 121 29 machten,
2960 4959 39 25 die
3024 4958 27 25 in

2142 4989 43 24 der
2216 4988 166 30 Senatsſtadt
2411 4988 168 31 Waſbington
2609 4989 115 26 weilten.
2767 4990 78 26 Wäre
2876 4999 62 18 man
2968 4994 82 23 etwas

2141 5021 143 30 ſparſamer
2304 5021 45 25 mit
2354 5016 54 42 die
2412 5016 65 42 ſenn
2483 5021 72 31 Recht
2578 5030 188 24 umgegangen,
2787 5024 58 30 noch
2865 5024 76 28 heute
2962 5024 88 26 würde

2742 5057 214 31 räſidentenhand
2990 5058 59 30 nach

2140 5087 111 31 Kräften
2272 5095 31 22 zu
2326 5087 127 32 ſchütteln.
2473 5106 5 5 .

2189 5128 68 25 Aber
2277 5133 82 23 wenn,
2379 5128 46 25 wie
2440 5132 36 21 es
2496 5130 86 29 zuletzt
2603 5129 107 32 geſchah,
2731 5137 33 18 an
2786 5129 84 27 einem
2890 5130 74 32 Tage
2983 5130 66 26 drei⸗

2139 5160 107 31 tauſend
2265 5161 102 30 Bürger
2388 5162 42 25 der
2451 5162 113 25 Sicaten
2586 5164 47 28 mit
2653 5163 71 30 frifch
2744 5163 175 31 gewaſchenen
2939 5164 108 31 Händen

2138 5194 46 25 den
2204 5190 168 43 Prüſidenten
2378 5190 100 43 zwecks
2497 5195 228 32 Entgegennahme
2745 5196 72 25 eines
2838 5196 210 33 Freundfchafts⸗

2136 5228 120 30 beweiſes
2281 5236 30 23 zu
2331 5229 116 29 ſprechen
2474 5230 151 30 wünſchten,
2651 5231 24 29 ſo
2688 5236 60 20 war
2757 5234 30 21 es
2806 5232 35 24 im
2852 5230 134 32 Jntereſſe
3003 5232 43 26 des

2117 5262 183 30 ungeſtörten
2319 5262 127 29 Verlaufs
2466 5262 43 25 der
2530 5262 288 32 Regierungageſchäfte
2839 5264 107 30 rätſam,
2967 5264 99 31 dieſes“

2137 5294 116 31 Privilea
2278 5302 31 23 zu
2334 5296 181 29 vereinfachen.
2553 5295 56 26 Ser
2633 5296 136 29 Präfident
2793 5296 56 30 lätzt
2873 5301 29 21 es
2927 5305 55 18 nun
3007 5297 39 36 bei

3133 1157 49 19 nen
3206 1149 106 32 wälzen.
3336 1150 65 28 Sie
3423 1151 75 31 ſehen
3520 1155 53 22 uns
3596 1151 65 31 nicht
3681 1159 45 21 an,
3746 1152 120 31 trotzdem
3886 1152 57 25 eine
3966 1150 83 31 Schar

3131 1183 195 32 dalbwüchfiger
3344 1184 110 27 Knaben
3473 1185 42 26 als
3538 1184 134 31 „Führer“
3692 1186 143 31 plappernd
3854 1186 53 25 und
3987 1192 61 24 zan⸗

3132 1217 60 28 kend
3215 1219 46 27 mit
3284 1222 54 22 uns
3361 1219 80 31 läuft,
3464 1219 44 26 des
3532 1220 107 30 ſicheren
3664 1219 173 32 Backſchiſch-
3861 1220 91 32 gewiß.
3991 1219 58 27 Und

3131 1252 62 31 auch
3215 1253 64 30 ſonſt
3301 1254 123 31 begegnet
3447 1261 62 19 man
3531 1255 93 25 immer
3648 1255 91 25 wieder
3761 1255 93 30 dieſem
3877 1252 27 28 in
3925 1254 44 31 ſich
3991 1258 56 22 ver⸗

3132 1285 146 31 ſchlofenen
3306 1288 106 31 Geſicht,
3433 1288 90 30 dieſen
3554 1287 101 33 Augen,
3683 1289 39 25 die
3748 1288 56 26 dem
3831 1287 109 33 Weiten
3965 1288 82 31 nichts

3130 1319 77 32 ſagen
3226 1321 51 27 und
3285 1322 71 31 auch
3375 1321 80 32 nichts
3473 1323 77 32 fagen
3570 1322 100 28 woͤllen.
3704 1322 70 27 Dem
3793 1322 104 26 Namen
3915 1321 61 32 nach
3993 1322 55 31 ſind

3131 1352 47 31 das
3199 1354 66 25 alles
3285 1354 159 33 Franzoien,
3463 1360 77 22 wenn
3561 1356 33 30 ſie
3615 1356 62 32 auch
3697 1356 76 28 laum
3794 1357 42 25 ein
3855 1362 66 25 paar
3942 1357 105 30 frangö⸗

3130 1387 68 32 ſiſche
3217 1389 89 27 Worfe
3326 1390 169 30 mißhandeln
3515 1391 98 26 können
3630 1404 35 6 —
3680 1391 63 26 aber
3761 1391 29 26 in
3809 1386 151 36 Wahrheit?
3996 1390 50 28 Die

3129 1421 86 32 Jnder
3238 1423 60 26 und
3312 1423 110 30 Araber,
3445 1425 38 26 die
3505 1424 29 26 in
3556 1425 108 30 lleinen,
3687 1425 251 31 ſchmutzſtarrenden
3959 1424 87 27 Autos

3129 1455 218 32 dorüberrafſeln.
3375 1456 83 31 haben
3487 1459 52 25 alle
3567 1459 42 26 ein
3640 1459 26 31 ſo
3693 1458 144 34 hochmũtig
3865 1458 172 32 überlegenes

3129 1488 113 32 Lächeln.
3283 1491 97 31 Wiffen
3403 1492 33 30 ſie
3461 1492 71 31 mehr
3555 1496 51 22 von
3629 1492 45 26 der
3698 1494 111 26 inneren
3835 1492 211 33 Verworrenheit

3127 1525 65 26 aller
3215 1525 80 32 dieſer
3317 1526 329 34 unzuſammengehörigen
3666 1527 108 33 Dinge?

3176 1565 203 34 Nähmaſchinen
3401 1570 50 29 auf
3472 1568 44 27 der
3536 1568 61 28 Rue
3615 1569 34 26 de
3669 1570 149 29 commerce,
3838 1571 72 31 offen
3931 1569 49 33 auf
4000 1569 44 27 ber

3115 1596 112 44 Straße
3235 1601 154 27 lnatternd.
3404 1602 105 27 Dunkle
3526 1603 120 26 Arbeiter
3662 1603 85 32 hinter
3763 1603 104 33 Bergen
3883 1605 49 25 voll
3948 1605 96 26 bunter

3126 1634 124 36 Kattune.
3291 1635 58 27 Und
3374 1635 121 34 dahinter
3520 1637 115 30 finitere,
3661 1637 104 31 dumpfe
3790 1638 254 32 Verfaufsgewölbe,

3127 1667 38 26 die
3183 1663 87 43 nach
3273 1663 73 43 Oel,
3375 1668 85 33 Seife,
3489 1669 144 32 Parfüms,
3660 1670 217 30 Kolonialwaren
3907 1672 53 25 und
3988 1672 54 25 Ge⸗

3120 1702 109 31 würzen
3254 1702 105 32 riechen.
3400 1703 62 26 Das
3489 1703 176 27 altvertraute
3692 1704 61 25 Bid
3795 1705 75 25 eines
3895 1704 147 32 arabiſchen

3126 1730 230 47 Laffeehauſes-,
3376 1736 132 32 beſiehend
3527 1742 53 22 aus
3598 1740 46 24 ein
3663 1744 65 25 paar
3748 1732 95 42 Tafſen
3855 1738 60 27 unb
3936 1732 77 42 eine
4027 1748 14 18 r

3126 1768 186 34 Waſſerpfeife,
3337 1779 46 18 um
3410 1772 38 31 die
3476 1772 38 26 die
3540 1771 81 31 Gäſte
3647 1773 104 26 lauern.
3794 1773 58 26 Und
3879 1774 92 25 wieder
3998 1774 44 26 der

3126 1803 115 32 ſtumpfe.
3267 1805 61 29 roia
3357 1805 174 32 Bogengiebel
3557 1807 75 25 einer
3663 1806 177 33 Maſhrabieh,
3869 1807 66 32 nicht
3963 1807 79 32 echter

3124 1839 43 24 als
3186 1839 27 25 in
3230 1837 81 27 Kairo
3329 1838 60 27 oder
3408 1840 67 29 Port
3493 1839 77 28 Said.

3173 1875 68 26 Man,
3267 1875 45 30 hat,
3338 1878 112 24 anderes
3474 1879 134 25 erwartet.
3630 1871 101 45 Vielle
3735 1871 65 45 icht
3806 1880 112 32 weniger
3944 1880 96 26 Orient

3125 1912 52 24 und
3200 1909 69 27 mehr
3292 1911 97 30 Afrika.
3428 1911 104 31 Jrgend
3553 1914 84 25 etwas
3660 1913 171 30 Beſonderes,
3852 1919 57 25 was
3931 1923 52 17 nur
4005 1923 36 18 an

3125 1942 42 39 der,
3199 1944 119 30 Schwelle
3348 1947 73 24 eines
3451 1944 261 34 Regerkaijerreiches
3740 1947 44 31 ſich
3811 1948 124 31 ereignen
3965 1948 75 26 fann.

3124 1975 69 31 Nicht
3210 1979 134 29 arabiiche,
3362 1979 124 26 wallende
3503 1979 150 28 Gewaͤnder
3672 1981 54 26 und
3742 1982 104 30 türtiſch
3864 1978 173 40 aufgebogene

3125 2010 107 37 Schuhe.
3263 2011 70 31 Nicht
3354 2014 46 25 das
3418 2014 84 32 ſanfte
3518 2014 98 31 Geſicht
3634 2016 43 25 der
3694 2015 187 33 Singhalefen.
3914 2016 126 31 Underes,

3123 2044 301 34 Fremduxwüchſigeres.

3168 2078 44 38 Da
3233 2078 27 30 ijt
3279 2079 47 26 der
3347 2079 94 26 Markt.
3479 2080 56 36 Der
3555 2082 85 25 runde
3661 2081 93 27 Giebel
3776 2082 45 26 der
3842 2082 113 32 Moſchee
3975 2083 62 30 ſteht

3123 2111 113 28 darüber
3252 2114 46 25 mit
3316 2114 86 29 ſeinen
3420 2114 87 27 beiden
3526 2115 125 27 Altanen.
3684 2116 107 26 Dattel.
3810 2118 54 25 und
3882 2118 155 31 Delpalmen

3123 2145 111 32 raſcheln
3257 2147 114 28 beſtaubt
3397 2150 53 24 und
3474 2149 70 28 dürr.

3124 2179 74 33 Salz.
3234 2180 148 31 Spelunken
3403 2184 44 25 der
3465 2183 206 31 Eingeborenen,
3689 2184 109 31 Sũtien,
3818 2186 38 27 die
3874 2189 52 22 aus
3944 2186 94 28 Reſten

3118 2218 49 21 von
3195 2214 71 31 Hola,
3292 2214 76 28 Blech
3394 2216 54 25 und
3476 2215 177 32 Papierfetzen
3697 2217 248 34 zuſammengeklebt
3973 2218 63 31 ſind,

3123 2247 124 37 umgeben
3268 2249 58 26 eine
3350 2250 87 30 arbſze,
3452 2250 82 30 flache
3558 2250 98 31 Bfüte,
3678 2259 44 18 um
3745 2252 38 27 die
3805 2251 114 28 Kamele
3936 2254 100 31 labern.

3124 2279 102 28 Weiber
3254 2281 123 30 kommen,
3404 2285 41 25 die
3474 2285 205 31 gelbgeſtreiften
3700 2285 117 27 Maäntel
3846 2287 46 31 feft
3921 2295 45 18 um
3998 2288 38 26 die

3111 2310 146 47 Schuitern
3279 2314 41 43 ge
3323 2324 86 24 zogen·
3440 2326 53 17 um
3516 2318 78 31 Niich
3625 2320 55 31 und
3698 2320 151 32 Buſchholz
3872 2328 32 25 zu
3934 2322 102 30 kaufen.

3122 2349 105 30 Schöne,
3245 2350 107 30 jchlanke
3371 2352 150 30 Biſcharies,
3539 2354 46 24 den
3603 2354 178 31 langitieligen
3799 2354 96 26 Kamm
3913 2356 48 25 wie
3975 2356 60 26 eine

3121 2382 81 32 Feder
3219 2385 27 25 in
3265 2388 43 22 der
3326 2385 93 30 Haube
3437 2386 69 29 ihres
3525 2387 116 32 flokigen
3659 2387 199 32 Kraushaares,
3875 2390 81 27 haben
3975 2391 60 28 auf.

3120 2418 139 30 geipannte
3296 2419 204 32 Gagellenhäute
3538 2421 123 31 gebracht.
3715 2421 70 27 Man
3822 2423 115 31 verlauft
3974 2424 62 31 auch

3121 2451 123 30 Schmud,
3261 2452 94 29 Pieile.
3373 2454 147 29 Elfenbein,
3536 2454 81 32 junge
3634 2454 117 29 Kamele.
3785 2456 57 26 Und
3857 2470 33 20 —
3907 2458 46 26 wie
3971 2466 64 18 man

3120 2486 54 31 ſagt
3197 2499 32 6 —
3251 2487 57 30 nach
3331 2489 97 24 etwas:
3454 2488 173 27 Sttaven.

3176 2519 147 31 Abeſſinien
3349 2521 44 25 übt
3420 2521 59 27 noch
3504 2521 144 26 Sklaverei.
3691 2523 209 32 Sausſtiaverei,
3925 2525 37 25 die
3988 2525 46 31 ſeit

3128 2552 214 30 Jahrhunderten
3362 2553 43 32 ſich
3424 2555 163 29 jortvererbt,
3605 2556 86 25 indem
3711 2565 66 22 ganz
3796 2556 97 32 einfach
3914 2559 37 24 die
3970 2567 64 17 neu⸗

3123 2589 142 34 geborenen
3288 2587 97 26 Kinder
3406 2589 93 25 wieder
3518 2588 44 26 der
3581 2589 206 31 Herxenfamilie
3808 2592 137 31 zugehörig
3967 2593 62 29 jind,

3123 2619 37 36 die
3177 2619 67 30 ſchon
3260 2621 37 24 die
3313 2622 93 24 Eltern
3421 2621 121 32 beſaßen.
3572 2622 41 32 Jn
3629 2622 134 30 Vahrbeit
3779 2624 69 32 heißi
3865 2626 53 24 dies
3931 2625 100 30 Zigent.

3125 2653 42 25 lich,
3184 2660 63 30 nur,
3265 2654 49 35 dab
3334 2654 43 26 der
3393 2653 159 33 abeſſiniſche
3570 2655 89 32 Reiche
3676 2656 64 26 über
3759 2657 89 31 ſichete
3868 2659 161 30 Diennlenie

3123 2686 111 31 verfügt,
3258 2687 37 24 die
3320 2691 49 21 von
3394 2688 53 30 ihm
3473 2688 38 26 die
3535 2688 120 32 Zubehör
3678 2698 60 23 zum
3764 2691 61 25 Bau
3851 2692 72 25 einer
3947 2692 81 31 Hutte

3123 2722 52 34 und
3196 2719 122 29 reichliche
3340 2720 138 33 Nahrung.
3498 2721 107 32 jähtlich
3625 2724 105 30 zumeiſt
3753 2725 63 30 auch
3837 2724 43 26 ein
3902 2725 126 29 Gewand,

3122 2760 55 17 eine
3202 2753 170 27 „Schamma
3395 2755 155 26 belommen.
3591 2756 38 26 Es
3651 2756 31 31 iſt
3706 2757 63 26 nickt
3793 2758 155 30 annähernd
3972 2759 56 31 das.

3121 2788 55 22 was
3196 2787 46 24 wir
3260 2788 80 24 unier
3358 2788 134 26 Sklarerei
3510 2789 139 30 verfteben
3666 2790 53 25 und
3736 2791 64 27 dieie
3820 2791 135 31 Schakala,
3974 2793 53 25 und

3121 2819 221 38 Cunamgiklaven
3361 2822 54 29 find
3429 2822 132 32 eigentlich
3573 2823 126 32 Nũckliche
3714 2823 146 33 Menſchen.
3876 2825 37 26 die
3926 2825 100 26 Leines.

3120 2856 69 34 wegs
3211 2854 152 32 übermäßig
3384 2862 33 24 zu
3439 2855 117 28 arbeiten
3576 2861 158 27 bezwurigen
3756 2858 111 25 werden.
3903 2859 68 25 Aber
3991 2860 35 30 ſie

3119 2885 79 31 jind
3214 2887 95 32 Hörige
3327 2889 54 24 und
3396 2889 101 26 bleiben
3514 2892 29 23 es
3561 2890 69 30 auch,
3646 2897 62 19 man
3725 2889 67 27 kann
3810 2892 34 29 ſie
3857 2892 95 30 kaufen
3971 2892 54 25 und

3119 2919 73 25 —
3218 2920 79 31 —
3349 2929 63 17 ⏑
3429 2923 133 24 —
3791 2925 28 24 —B—B“
3835 2924 80 26 —

3118 2953 87 37 allein.
3244 2953 130 32 Lielleicht
3400 2955 28 28 ift
3451 2955 48 26 daa
3521 2956 61 26 gild
3603 2957 77 25 eines
3702 2958 179 30 gevierteilten
3905 2955 119 30 Mannes

3119 2994 26 17 in
3165 2987 72 26 einer
3261 2987 100 33 Straße
3382 2994 51 20 von
3454 2989 113 31 Diibuti,
3587 2991 44 24 ein
3655 2990 167 32 ſchrecliches,
3843 2992 78 31 rohes
3943 2993 81 31 Ding.

3119 3021 46 24 das
3195 3025 49 20 von
3274 3021 47 25 den
3355 3021 130 32 Farbigen
3518 3023 47 26 mit
3586 3023 119 32 grötztem
3727 3024 132 32 Jntereſfe
3890 3026 135 31 betrachtät

3117 3053 95 29 wurde,
3227 3055 57 26 weil
3301 3059 30 21 es
3344 3057 59 24 eine
3414 3056 163 31 vbeiſiniſche
3594 3057 171 33 Hinrichtung
3780 3059 136 30 darſtellte
3930 3062 94 27 etwas.

3118 3090 55 34 was
3205 3088 46 27 mit
3285 3088 57 26 dem
3367 3089 117 30 Schicial
3517 3091 73 25 eines
3615 3091 115 26 Skladen
3754 3106 33 5 —
3811 3093 60 25 oder
3895 3093 128 26 Sttaven.

3116 3122 112 24 xäubers
3250 3121 240 33 zuſammenhängt.
3529 3123 80 26 Denn
3632 3124 62 31 auch
3717 3125 74 31 heute
3814 3126 60 29 noch
3894 3127 62 25 wird
3977 3128 45 25 ein

3115 3153 58 26 Teil,
3198 3155 42 31 der
3264 3155 170 37 Leibeigenen
3456 3157 47 28 auf
3527 3157 89 26 dunzte
3642 3157 82 59 —
3745 3155 86 41 auber
3840 3159 116 32 Landes
3980 3168 41 23 ge⸗

3115 3186 91 31 bracht,
3228 3189 106 31 gelangt
3358 3189 59 31 nach
3435 3190 120 25 anderen
3580 3190 100 27 Teilen
3722 3190 90 34 Afrilas,
3836 3193 61 27 nach
3921 3194 99 30 Jndien

3117 3221 52 24 Jnd.
3197 3222 96 33 weiter,
3331 3222 65 29 ehme
3425 3222 25 31 je
3482 3222 93 27 wieder
3604 3224 28 25 in
3662 3224 38 26 die
3730 3225 99 27 blauen
3858 3227 82 35 Verge
3971 3232 50 21 ron

3115 3253 146 29 Abelſinien
3285 3255 227 32 zurüdazufinden.

3165 3288 37 25 Es
3223 3288 134 26 dämmert.
3395 3289 42 31 Jn
3458 3290 47 25 den
3526 3291 240 32 unbeichreiblichen
3787 3293 134 28 Gerucken
3923 3284 51 46 die
3981 3295 39 31 ſes

3115 3319 199 39 Negermarktes
3343 3323 85 30 ruhen
3456 3324 118 31 gedurdia
3604 3325 39 26 die
3670 3315 118 48 Kamele,
3803 3327 127 31 feufacn
3963 3329 57 30 Adch

3115 3360 92 31 immer
3206 3351 68 44 die.
3285 3351 111 44 Weiber.
3432 3357 65 31 Salz
3518 3358 105 30 leuchtet
3645 3358 98 28 drüben
3765 3365 49 20 von
3834 3361 43 25 der
3895 3361 79 29 Kůüite
3992 3362 29 25 in

3116 3391 98 34 weiben
3239 3388 105 31 Haufen,
3377 3390 118 30 herüber.
3536 3391 56 26 Der
3618 3392 90 25 Abend
3742 3393 72 31 löſcht
3848 3394 37 25 die
3920 3394 102 26 dunkel.

3116 3421 138 31 ſchwarzen
3280 3422 127 31 Geſichter
3432 3427 60 26 aus,
3537 3432 51 19 nur
3616 3425 124 30 Schatten
3777 3428 45 27 mit
3861 3428 160 31 glünzenden

3117 3450 91 46 Augen
3226 3456 57 37 und
3303 3455 109 32 Zähnen
3436 3458 132 25 wandern.
3582 3458 74 31 durch
3662 3451 63 46 die
3738 3458 132 34 ſtaubigen
3893 3460 129 32 Siraben.

3104 3483 62 46 Ein
3185 3482 95 39 weißes
3299 3490 121 30 depdar
3436 3490 70 30 ſpafi
3525 3491 125 33 trübſelig
3664 3495 53 23 aus
3735 3493 84 27 einem
3837 3494 110 32 Seniter.
3973 3494 50 26 Um

3103 3517 51 47 die
3169 3517 123 47 Lanien
3317 3524 48 31 auf
3389 3524 44 25 der
3456 3524 224 32 Balmenterraſſe
3702 3526 45 26 des
3771 3527 94 30 Sotels
3888 3528 133 31 Francais

3115 3556 105 31 beginnt
3241 3557 48 24 mit
3312 3556 122 32 ſcharfem
3458 3558 99 26 Sirren
3580 3558 45 26 der
3647 3559 74 33 Tanz
3745 3561 44 25 der
3812 3561 137 25 Mosllios.

3163 3589 57 25 Und
3236 3590 31 25 da
3280 3603 35 6 —
3332 3591 47 24 mit
3392 3592 87 24 einem
3496 3592 75 25 Male
3587 3606 26 6 —
3612 3593 88 25 wird
3713 3594 117 31 echteftes
3847 3594 87 31 Afrila
3951 3595 70 31 fühl-

3114 3620 56 39 bar.
3205 3622 57 26 Und
3281 3623 28 29 iſt
3330 3624 106 32 plötzlich
3455 3624 125 29 drücend.
3599 3626 164 31 bedrangend
3782 3628 65 30 nahe
3867 3631 76 23 unier
3964 3629 55 25 dein

3116 3656 144 31 ühenden
3287 3657 68 26 Gelb
3383 3658 72 25 eines
3480 3658 323 32 Wüftenabendhimmels,
3829 3662 44 25 der
3899 3662 67 30 ſchon
3994 3664 26 23 in

3117 3688 77 32 Nacht
3218 3689 116 31 verſintt,
3360 3691 122 30 während
3508 3695 51 22 aus
3586 3693 57 25 dem
3670 3692 65 32 Golf
3760 3698 50 22 von
3837 3695 117 30 Tadiura
3983 3696 38 25 de

3116 3723 64 30 erite
3198 3723 137 32 Jlutwelle
3354 3725 47 25 wie
3421 3725 42 26 der
3482 3725 127 34 Atemaug
3631 3727 70 26 einer
3721 3728 84 32 freien
3824 3729 53 25 und
3894 3729 127 33 befteien⸗

3115 3757 48 29 den
3182 3756 68 29 Welt
3268 3757 177 33 hereinbricht.

3103 3838 158 65 N
3260 3834 138 88 Ch̊
3436 3834 45 88 t᷑.

3112 3941 84 26 einem
3215 3941 148 30 Kopfnicken
3384 3942 145 29 bewenden,
3549 3940 89 29 womit
3656 3940 25 33 je
3700 3943 59 30 nach
3779 3943 99 29 Bedarf
3895 3942 62 33 zehn
3978 3942 41 26 bis

3112 3974 104 26 taulend
3242 3975 135 30 Menſchen
3404 3975 47 28 auf
3477 3976 99 25 einmal
3603 3976 136 30 abgefpeiſt
3765 3977 109 27 werden.
3916 3976 103 25 Gerade

3112 4008 126 28 Amexita,
3264 4013 40 20 wa
3329 4009 38 24 die
3393 4008 162 31 Handarbeit
3580 4009 46 29 tier
3653 4010 34 24 im
3711 4008 118 31 Anſehen
3856 4010 67 29 ſteht,
3950 4009 69 29 hätte

3111 4040 81 32 längit
3209 4041 59 30 auch
3284 4039 38 27 bei
3341 4041 45 26 den
3404 4041 171 30 Zeremonien
3593 4043 48 24 das
3657 4042 111 31 Grüßen
3786 4042 151 29 vereinfacht
3955 4047 65 20 wer⸗

3111 4074 47 24 den
3177 4074 105 28 müifen.
3318 4074 120 26 Niemals
3459 4075 89 25 würde
3566 4075 41 25 ein
3633 4074 82 26 Mann
3724 4076 58 27 wie
3802 4075 154 30 Taylor,
3976 4077 44 23 der

3110 4107 47 24 das
3177 4106 214 31 Tayfor⸗Syſtem
3413 4107 128 29 erfunden
3561 4108 52 29 hat,
3634 4108 108 32 tanſend
3763 4107 133 31 Menſchen
3918 4108 101 31 einzeln

3110 4140 37 27 die
3171 4140 74 29 Hand
3269 4140 119 34 reichen.
3414 4141 38 25 Er
3473 4140 88 26 würde
3561 4136 140 42 wahrſche
3708 4136 88 42 inlich
3804 4140 145 30 verfahren,
3972 4142 46 23 wie

3109 4180 62 18 man
3191 4173 72 29 heute
3284 4173 68 29 ſchon
3372 4174 28 24 in
3418 4172 156 30 vornehmen
3593 4173 123 27 Berliner
3733 4174 87 25 Klubs
3839 4174 122 30 verfähri.
3980 4180 40 19 wo

3110 4206 47 29 auf
3177 4207 59 29 gute
3257 4206 91 26 Sitten
3368 4213 86 24 genau
3474 4206 106 31 geſehen
3599 4207 73 28 wird.
3709 4206 40 30 Jn
3770 4207 82 29 dieſen
3872 4206 84 26 Kluhs
3978 4208 41 23 be⸗

3109 4238 79 32 grüßzt
3205 4246 60 18 man
3283 4240 58 24 eine
3357 4240 79 30 grotze
3453 4238 94 27 Runde
3564 4239 73 31 durch
3653 4240 41 24 ein
3714 4239 134 32 klaſſiſches
3866 4239 154 32 Auftlopfen

3109 4272 47 29 auf
3181 4272 36 25 die
3242 4272 159 30 Tiſchplarte.

3160 4305 65 26 Was
3253 4308 63 22 aber
3344 4307 47 24 den
3421 4305 211 32 amerikaniſchen
3661 4305 171 31 VPräfidenten
3862 4306 101 29 angeht,
3992 4306 26 30 ſo

3109 4337 108 27 nehmen
3236 4337 37 26 die
3294 4338 64 30 fonſt
3377 4338 33 31 ſo
3421 4338 149 31 praktiſchen
3591 4339 103 31 Aürger
3714 4340 43 24 der
3776 4346 83 19 neuen
3880 4340 66 25 Welt
3966 4340 52 25 ihm

3109 4371 47 25 das
3177 4370 148 30 Kopfnicken
3346 4372 67 25 übel.
3452 4372 58 26 Viel
3533 4372 79 25 lieber
3633 4372 110 27 möchten
3766 4372 48 30 ſie,
3828 4373 49 31 daß
3898 4380 26 18 er
3944 4372 74 32 jeden

3107 4403 56 32 Tag
3181 4404 46 25 mit
3244 4404 72 27 einer
3332 4404 192 33 geſchwollenen
3542 4405 76 31 Hand
3635 4405 171 32 herumläuft.

3110 4452 69 27 Dio
3196 4452 112 33 tcrobe
3327 4454 133 28 Pauao.

3155 4493 59 26 Das
3244 4494 442 35 Frederikshorg-Theater
3715 4497 28 27 m
3773 4497 244 33 Kopenhagen

3107 4528 27 30 iſt
3156 4534 48 20 von
3226 4528 55 26 dem
3306 4529 176 30 Schauſpieler
3504 4531 118 24 Emile
3644 4530 94 30 Wolf
3760 4532 124 30 gepachtet
3906 4532 111 26 worden.

3108 4563 52 23 und
3185 4565 27 22 es
3238 4561 78 30 ſollen
3343 4563 145 30 Luitſpiele,
3513 4563 94 30 Poſſen
3631 4564 53 25 und
3708 4564 143 29 Operetten
3877 4568 51 22 aus
3952 4566 66 24 aller

3107 4594 100 30 Herren
3234 4595 102 26 Länder
3360 4595 105 32 geſpielt
3491 4596 110 25 werden.
3644 4597 48 25 Als
3720 4597 62 25 aber
3807 4598 44 24 der
3877 4597 139 30 Spielplan

3107 4627 35 30 fir
3162 4629 52 23 und
3234 4627 77 33 jertig
3331 4633 64 23 war,
3416 4627 54 34 kam
3491 4629 44 25 der
3555 4629 68 30 Serr
3643 4629 230 32 Jörgenſen,
3892 4631 55 24 dem
3969 4631 48 24 das

3105 4660 111 27 Theater
3240 4660 97 32 gehört,
3361 4662 47 29 mit
3434 4661 95 30 ſeinem
3555 4660 149 30 Automobil
3729 4663 179 31 vorgefahren.
3948 4663 69 32 Serr

3105 4692 145 33 Jörgenſen
3275 4694 78 29 nahm
3377 4695 38 25 die
3439 4694 146 31 Luſtſpiele.
3607 4694 93 32 Voſſen
3724 4697 53 24 und
3797 4696 143 30 Operetten
3964 4701 52 21 aus

3106 4728 65 23 aller
3194 4727 101 30 Serren
3319 4728 101 25 Länder
3442 4728 26 24 in
3491 4727 96 31 ſeinem
3609 4728 149 26 Automobil
3781 4729 48 25 mit
3851 4730 58 30 nach
3931 4729 85 31 Hauſe

3107 4760 53 24 und
3186 4759 85 29 prüfte
3299 4760 33 28 ſie
3355 4758 51 31 auf
3432 4760 54 29 ihre
3513 4760 205 31 Brauchbarkeit.
3761 4762 47 25 Bei
3835 4762 43 26 der
3903 4763 113 29 nächſien

3105 4792 245 33 Direftivnsſitzung
3367 4793 98 26 brachte
3482 4801 29 18 er
3528 4794 33 29 ſie
3580 4793 93 26 wieder
3691 4795 56 28 mit,
3765 4794 77 26 baute
3860 4795 31 32 ſie
3909 4796 27 24 in
3954 4796 62 31 zwei

3105 4826 105 31 Haufen
3229 4831 45 20 vor
3293 4826 42 30 ſich
3353 4826 48 30 auf
3420 4827 52 24 und
3491 4826 97 32 ſprach:

3155 4866 90 30 „Dieſe
3268 4866 111 30 Stüce,“
3400 4866 25 30 ſo
3445 4866 83 30 ſprach
3548 4874 36 21 er,
3603 4867 85 26 indem
3708 4876 28 18 er
3755 4869 50 30 auf
3822 4869 45 26 den
3888 4869 127 26 kleineren

3103 4899 105 31 Haufen
3228 4900 72 27 wies,
3321 4900 111 26 „können
3453 4900 47 28 auf
3520 4901 112 24 meinem
3653 4901 111 30 Theater
3783 4902 102 31 geſpielt
3905 4904 110 25 werden.

3104 4932 49 26 Die
3180 4933 113 24 anderen
3322 4933 97 30 müſſen
3447 4933 213 29 verichwinden!“
3703 4934 44 26 Da
3773 4936 48 30 gab'
3849 4936 42 25 der
3916 4935 99 31 Schau⸗

3105 4965 92 29 wieler
3221 4965 70 28 Walf
3319 4966 87 29 Serrn
3435 4965 145 32 Zörgenſen
3609 4973 31 24 zu
3669 4968 138 29 verſtehen,
3836 4968 49 31 daß
3911 4976 29 18 er
3967 4969 47 25 das

3103 4997 112 29 Theater
3238 4999 44 28 für
3304 4998 64 30 dieſe
3392 4998 97 30 Saiſon
3512 4999 127 31 gepachtet
3662 5001 52 24 und
3736 5001 99 30 folglich
3857 5002 45 24 den
3926 5001 88 31 Spiel.

3105 5033 65 27 plan
3190 5038 31 23 zu
3246 5031 148 29 beſtimmen
3418 5031 68 29 habe.
3532 5032 65 28 „Nu,
3623 5037 75 21 wenn
3722 5033 94 30 ſchon,“
3841 5034 81 30 ſprach
3946 5035 68 30 Herr

3103 5063 145 32 Jörgenſen
3264 5064 152 30 verächtlich
3441 5065 52 25 und
3516 5064 48 28 auf
3588 5064 104 32 däniſch,
3718 5067 59 26 „der
3800 5067 213 30 Reſtaurations-

3103 5097 96 25 betrieb
3217 5097 89 31 gehört
3325 5098 59 26 mir,
3403 5098 52 24 und
3476 5097 32 30 ich
3528 5098 121 29 wünſche,
3668 5099 49 30 daß
3736 5099 39 25 bei
3796 5099 81 31 Jhrer
3897 5100 116 26 Drama.

3101 5131 83 31 turgie
3197 5131 49 26 die
3270 5131 144 31 Wirtichaft
3438 5132 64 30 nicht
3527 5140 31 23 zu
3583 5133 59 30 kurz
3667 5133 121 26 kommt!“
3831 5134 44 26 Da
3896 5137 48 30 gab
3968 5137 42 25 der

3104 5163 176 33 Schauſpielex
3301 5164 70 29 Wolf
3393 5164 62 25 llein
3477 5165 39 24 bei.
3538 5165 52 25 und
3612 5165 85 31 ſpielte
3720 5166 37 25 die
3777 5166 51 30 ihm
3849 5159 69 44 vorze
3917 5159 95 44 ſchrie⸗

3101 5197 79 26 benen
3200 5197 95 26 Stücke.
3333 5198 48 27 Sie
3399 5197 87 30 hatten
3505 5197 112 32 ſämtlich
3635 5199 165 29 mehrere
3818 5199 193 32 Zwifchen—

3100 5230 86 29 abte.
3223 5231 55 24 Und
3299 5230 46 26 das
3365 5231 28 29 iſt
3412 5238 56 17 nun
3488 5230 43 26 der
3552 5231 103 28 Grund,
3674 5232 116 28 weshalb
3809 5233 35 25 im
3864 5233 146 31 Frederiks.

3089 5264 196 30 borg⸗Theater
3308 5272 31 24 zu
3363 5264 172 33 Kopenhagen
3561 5267 47 24 das
3631 5265 139 31 Vublikum
3794 5269 126 29 abendlich
3945 5270 64 25 drei⸗

3101 5295 52 37 mial
3175 5299 42 24 ins
3237 5297 82 35 Foyer
3339 5297 105 31 geſchickt
3464 5299 72 26 wird.
3874 5303 28 24 B.
3923 5303 37 24 M.

386 5717 364 147 frouameg
811 5764 142 81 TIls

338 5441 240 82 —
687 5442 246 108 —
975 5443 262 84 —

1022 5540 269 9 —
1524 5535 419 10 —
2926 5432 72 125 —
3048 5460 93 71 —

327 5566 199 109 vvA
540 5597 77 41 S
632 5597 105 42 au
760 5597 50 42 m
836 5566 124 109 ell
968 5576 264 66 OMNO
1276 5566 233 109 Mãc
1526 5566 83 109 iv
1672 5583 123 60 l
1807 5580 403 81 Aισ
2426 5566 373 109 aum
2934 5584 138 61 m
3106 5581 120 65 an
3264 5566 207 109 Aισ
3488 5566 110 109 en
3661 5566 245 109 απ¶'τ

3439 5474 439 61 WMn

2057 6210 7 12 8

1761 6253 71 7 rr
2104 6251 423 20 n
2634 6256 43 17 —

3101 5955 36 28 ——
3204 5973 23 2 —
3415 5973 116 8 L32332.

3580 2150 61 29 Der
3666 2151 89 27 Boden
3780 2152 95 31 glitzert
3900 2153 63 30 weiß
3988 2158 63 20 von.

4280 3844 9 95 —
4282 3802 23 22 *

4281 4655 16 10 E

4282 4822 7 21 —
4282 4781 4 18 —
4283 4744 3 13 —
4281 4683 10 42 —
