3630 5617
0 987 12 22 —
0 840 13 64 —
0 795 4 11 æ

180 257 113 34 Paltor
318 255 205 44 Haſentamp
549 255 103 32 durch
677 254 72 32 eine
767 251 183 45 Anſprache
975 252 65 32 und
1068 251 70 32 eine
1159 247 96 41 Reri-

177 305 105 32 tation
308 303 51 32 die
384 301 271 33 veihnachtliche
678 298 183 43 Stimmung
887 296 291 34 hervorzaubern.

272 347 66 34 Der
356 346 181 35 Gemeinde
562 357 40 21 zu
620 347 73 31 dem
715 342 314 46 bedeutungsvollen
1045 341 91 45 Tage
1160 342 95 32 herz-

178 394 110 33 lichlte
314 392 274 35 Glucvunſche!
638 390 42 33 Es
706 390 34 33 iſt
764 391 84 31 noch
873 389 89 32 mcht
982 387 73 34 ſehr
1071 387 98 44 lange
1183 387 71 39 het,

177 445 87 28 etwa
288 439 18 33 6
333 440 79 31 oder
437 438 17 32 7
480 437 115 38 Jahre,
632 436 62 33 daq
730 434 166 34 Millionar
924 433 107 34 Bönm
1069 434 83 32 noch
1188 443 66 22 von

176 485 206 43 Walishbay
407 482 231 38 herüberkam,
673 492 53 22 um
753 482 61 31 den
838 479 303 44 Swakopmundern
1167 479 87 34 dann

176 533 67 32 und
279 541 106 27 want,
425 528 165 33 vielleicht
629 527 65 33 alle
734 526 134 33 Monate
909 526 120 33 einmal
1067 526 58 32 das
1161 524 96 33 Mort

177 576 118 36 Gottes
321 587 37 22 zu
385 575 200 33 verkunden.
633 572 70 33 Erſt
723 571 87 34 Herr
823 571 141 39 Vedder,
990 573 62 31 den
1078 572 56 31 vir
1158 570 97 33 Ruręa-

176 623 62 32 lich
266 622 143 32 ſcheiden
437 620 107 38 ſahen,
583 619 182 33 übernahm
796 628 34 23 es
857 617 113 45 ſpater,
1008 617 106 33 neben
1154 616 101 32 ſeiner

175 668 252 33 Miſſionsarbeit
456 676 42 23 an
532 666 63 32 den
622 664 258 45 Eingeborenen,
913 664 85 32 auch
1031 664 59 31 der
1112 664 141 31 veissen

176 713 244 45 evangelilehen
446 711 218 34 Chriltenheit
687 720 63 23 von
768 709 244 43 Svatopmund
1036 708 218 44 regelmassig

175 772 41 22 zu
241 761 165 42 predigen.
461 757 107 33 Dafür
600 758 57 31 hat
688 766 74 23 mag
795 766 40 22 an
868 754 116 34 dieſem
1017 753 142 45 Felftage
1185 754 67 32 inm

174 807 86 32 noch
286 805 173 33 befonders
485 814 38 23 zu
550 803 142 32 danben.
740 800 100 34 Einen
866 802 115 32 dritten
1009 799 173 34 Markitein
1208 800 43 32 im

175 851 110 34 Leben
303 852 58 32 der
379 849 180 34 Gemeinde
578 849 100 32 bildet
696 848 59 33 das
773 847 173 33 Eintreften
966 845 130 34 unſeres
1114 846 138 43 jeteigen

176 897 137 38 paſtors,
349 897 55 32 mit
438 897 71 30 dem
542 905 35 22 es
604 894 61 33 ſich
692 905 38 21 zu
757 903 98 34 regen
880 893 144 44 begann.
1083 890 66 34 Soll
1177 900 75 23 man

175 944 229 32 allvertrautes
428 939 247 35 wiederholen?
731 938 72 34 Wie
831 938 91 43 eifrig
947 940 68 31 und
1038 938 216 42 warmheraig

176 989 62 33 ſich
279 988 83 32 herr
395 986 209 43 Halenkamp
640 985 101 33 ſeiner
776 983 281 44 ſeeliorgeriſehen
1092 983 161 43 Tatigkeit

174 1035 90 32 nicht
288 1044 70 28 nur,
396 1034 73 31 nein
506 1033 88 32 auch
631 1033 59 31 der
724 1031 135 44 übrigen
887 1030 104 44 Dinge
1021 1030 155 37 annahm,
1200 1028 52 33 die

174 1080 113 34 unſere
313 1078 182 35 Cemeinde
520 1077 162 38 betrafen,
708 1077 79 33 veiſ
814 1078 49 31 ein
887 1077 99 42 jeder,
1015 1076 57 31 der
1095 1073 157 44 Sabop-

175 1127 100 32 mund
299 1126 108 32 kennt.
455 1123 118 35 Seiner
598 1123 147 33 Tatbraft
772 1123 62 32 und
866 1124 51 30 nie
946 1121 220 33 ermudenden
1190 1119 62 33 Ar-

173 1172 67 33 beit
266 1172 32 32 iſt
324 1182 35 22 es
384 1181 59 23 vor
467 1170 98 33 allem
592 1180 39 22 zu
659 1170 137 37 danken,
828 1168 61 33 das
915 1168 52 32 die
992 1166 182 35 Gemeinde
1197 1175 54 23 am

173 1216 150 45 Sonntag
353 1219 60 30 den
447 1215 119 34 ſtolzen
599 1214 90 35 Stein
721 1216 58 32 der
806 1212 231 35 Grundmauer
1063 1213 56 33 des
1144 1221 108 23 neuen

175 1263 237 35 Gottesfauſes
444 1262 155 41 einiügen
626 1261 82 37 dart,
742 1261 60 32 den
834 1261 123 31 vierten
988 1258 175 34 Markitein
1196 1257 58 34 aut

174 1311 71 31 dem
263 1308 337 43 Entvicklungswege
613 1308 59 32 des
688 1299 217 56 evangeliſch-
916 1305 192 33 tirehlicheg
1123 1303 130 33 Lebens

174 1364 138 24 unserer
337 1353 104 34 Stadt.
493 1353 70 33 Uad
590 1363 93 22 venn
711 1353 82 31 nach
813 1352 112 42 langer
942 1350 204 33 muhevoller
1164 1348 88 34 Bau-

173 1403 63 31 zeit
261 1402 56 31 der
340 1399 100 34 Turm
466 1399 58 33 des
551 1397 256 37 Gotteshauses,
838 1398 59 32 das
928 1398 58 31 vir
1014 1395 147 44 Sonatag
1193 1395 58 33 be-

172 1447 160 44 gründen,
356 1456 62 33 gen
446 1444 141 33 Himmel
614 1449 83 38 ragt,
734 1452 92 24 venn
845 1441 243 43 Swalopmund
1113 1443 58 30 mit
1185 1441 66 32 Sei-

172 1503 75 22 dem
267 1491 161 38 irehlein
451 1492 85 32 dann
565 1492 74 31 dem
666 1489 301 33 heranſteuernden
996 1486 179 34 Seefahrer
1197 1487 53 31 ein

174 1540 74 31 echt
274 1538 173 32 deutsches
473 1536 184 34 Stadtebild
686 1545 39 23 an
753 1534 236 33 afrikanischer
1016 1532 100 38 (uste
1140 1533 109 37 bietet,

175 1595 39 23 so
240 1585 115 32 vollen
383 1585 56 31 wir
463 1593 62 22 uns
544 1593 63 22 von
628 1580 126 34 Herzen
775 1580 121 33 freuen.
937 1579 43 33 lt
1005 1579 83 32 doch
1106 1579 57 32 der
1181 1576 71 35 Bau

174 1632 108 31 dieses
320 1629 111 33 Heims
467 1628 53 33 für
557 1628 62 32 den
657 1627 247 43 evangelischen
938 1623 229 35 Gottesdienst
1199 1625 53 31 ein

173 1675 202 45 Spiegelbild
393 1676 58 31 der
469 1674 245 42 Entmickelung
739 1674 57 31 der
813 1672 176 32 deutschen
1009 1669 176 44 Siedelung
1209 1679 43 23 an

173 1732 138 23 uùscter
326 1720 111 38 (üste.
464 1719 60 34 Mit
543 1720 72 32 dem
632 1718 213 33 Deutschtum
864 1718 110 32 wuchs
991 1717 52 32 die
1059 1714 191 39 Gemeinde,

174 1768 66 33 und
265 1767 63 33 fest
352 1768 59 31 wie
438 1767 57 31 der
519 1765 100 33 Turm
648 1765 57 32 des
731 1763 242 35 Gotteshauses
1008 1763 62 32 den
1099 1760 152 35 Sturmen

174 1815 158 36 trotxeno,
371 1816 94 40 möge
502 1812 87 32 auch
626 1812 58 31 der
721 1809 163 34 Deutsche
922 1810 31 31 in
978 1807 149 34 Südvest
1159 1809 93 31 seine

174 1860 156 32 deutsche
356 1858 58 33 Art
439 1859 64 31 und
529 1856 159 44 Sprache,
713 1857 92 32 seine
822 1855 98 33 lLiebe
943 1864 75 24 zum
1037 1853 214 33 Deutschtum

173 1906 128 32 allezeit
327 1905 184 36 bewuhren,
539 1904 60 32 das
624 1903 94 32 vwalte
745 1900 95 35 Gott]

299 2005 131 55 Aus
471 2003 146 56 dem
661 2000 462 70 Sehutagebiet.

264 2135 42 4 —
348 2107 107 41 Uber
497 2114 65 32 die
608 2112 175 36 German
817 2111 42 34 S.
884 2111 62 33 W.
973 2109 44 34 A.
1053 2109 197 34 Diamond

174 2162 251 33 investment
449 2160 68 34 Co.
580 2158 71 34 Wir
675 2159 106 32 haben
810 2167 58 23 uns
893 2156 187 45 vergeblich
1105 2157 145 36 bemüht,

174 2212 102 29 etwas
300 2208 142 32 näheres
468 2206 83 33 über
577 2206 61 32 den
654 2203 134 34 Verlauf
813 2205 56 31 der
894 2200 358 36 Geselischafter-Ver-

173 2254 189 42 sammlung
386 2263 38 22 zu
460 2251 165 38 erfahren,
662 2252 49 31 ein
739 2249 129 33 Bericht
903 2251 39 30 ist
976 2249 86 32 noch
1089 2248 87 32 nicht
1200 2257 52 23 er-

173 2301 168 32 schienen.
390 2298 100 36 Alles,
515 2307 70 23 was
611 2298 85 31 noch
721 2297 242 41 nachzutragen
988 2293 110 38 bleibt,
1134 2295 42 31 ist
1199 2294 52 32 die

172 2345 255 44 wenigsagende
445 2343 188 38 Nachricht,
661 2342 60 33 dab
741 2342 49 32 die
811 2340 322 43 Geschattsführung
1150 2339 102 33 ein&t-

173 2392 114 32 weilen
325 2392 29 30 in
390 2391 60 31 den
479 2389 138 33 hHanden
655 2390 55 30 der
743 2388 84 32 alten
856 2385 194 34 Direttoren
1081 2385 169 37 verbleibt,

173 2447 70 24 was
271 2436 159 34 natürlich
457 2436 185 41 ebensogut
668 2436 49 30 ein
737 2432 314 34 Vertrauensvotum
1078 2431 172 37 bedeuten,

173 2485 60 31 wie
260 2484 48 31 die
337 2481 261 43 Unmöglichleit
623 2481 161 32 beweisen
813 2479 93 39 känn,
935 2479 124 32 andere
1086 2477 99 33 Leute
1210 2487 40 22 au

174 2528 118 38 finden,
319 2529 51 31 die
395 2528 101 32 beteit
521 2529 122 35 waren,
670 2527 49 31 die
745 2524 191 33 verfahrene
961 2522 104 38 Earre
1089 2532 60 24 aus
1176 2523 73 32 dem

173 2573 154 35 Schmuts
352 2584 40 22 au
417 2574 127 32 viehen.

437 2665 115 41 Post
581 2663 96 41 und
707 2639 280 80 relegraph.

266 2739 30 33 lin
324 2738 227 38 Marientai,
580 2736 39 33 So
657 2737 62 32 Rm.
755 2736 144 33 nördlieh
934 2745 62 22 von
1034 2733 142 37 Gibeon.
1211 2735 41 31 ist

173 2796 54 23 am
259 2786 25 31 l.
311 2784 183 33 Dezember
524 2783 82 32 1910
633 2783 72 31 eine
723 2782 195 32 Poststation
937 2781 154 32 errichtet
1107 2780 143 36 worden.

174 2833 52 31 die
251 2832 69 32 sien
348 2831 55 31 mit
440 2830 57 32 der
532 2828 175 33 Annaume
731 2829 66 31 und
821 2827 156 43 Ausgabe
1001 2836 65 22 von
1094 2825 157 45 gewöhn-

174 2877 107 33 lichen
297 2877 64 32 und
376 2875 315 44 eingeschriebenen
707 2872 278 45 Brieisendungen
1005 2872 66 33 und
1096 2872 55 32 mit
1177 2872 72 31 dem

173 2922 149 34 verkaur
347 2932 61 22 von
445 2920 295 34 postwertreichen
775 2918 134 34 betasst.
959 2916 60 34 Die
1043 2927 83 23 neue
1157 2917 94 32 Post-

173 2969 131 36 anstalt,
332 2969 51 31 die
408 2968 57 32 der
491 2966 204 33 Postanstalt
719 2967 30 30 in
776 2964 128 34 Gibeon
930 2964 154 43 zugeteilt
1116 2964 133 32 worden

174 3016 52 36 ist.
251 3014 105 32 erhält
382 3012 285 43 Postverbindung
692 3012 98 32 durch
817 3013 70 30 eine
913 3011 63 31 alie
1008 3009 36 33 14.
1070 3008 89 45 Tage
1184 3018 64 23 von

174 3059 130 36 Gibeon
333 3061 40 30 im
399 3058 184 33 Anschluss
608 3068 42 22 ani
676 3058 50 32 die
753 3056 172 34 Posttarre
960 3065 62 23 aus
1057 3053 194 38 Eeetmans-

174 3108 89 41 noop
288 3105 194 43 abgehende
508 3103 196 43 Reiterpost.

265 3189 41 5 —
332 3169 90 32 Nach
449 3168 226 43 Vereinigung
703 3168 57 31 der
783 3165 305 35 Sudairikanischen
1114 3164 137 34 Staaten

174 3227 59 23 zur
259 3215 129 38 „Union
413 3213 33 35 or
462 3213 105 34 Soumh
587 3213 131 33 Arricau
745 3217 101 28 treten
873 3213 41 32 im
941 3210 312 34 Patcetverbeent

173 3263 162 32 zveischen
363 3258 420 46 Deuisch-Sũdwestatriba
816 3259 62 32 und
904 3258 71 32 dem
1002 3260 248 41 vorgenannten

173 3306 248 36 Staatenbunde
448 3305 153 44 iolgende
625 3305 219 42 Anderungen
870 3306 62 30 ein.

268 3352 58 33 Die
352 3352 244 33 Postanstalten
621 3352 60 32 des
706 3349 244 45 Schutigebiets
976 3349 139 33 nenmen
1142 3348 109 33 fortan

175 3399 120 34 pakete
331 3398 82 33 nach
446 3396 108 37 Natal.
590 3395 284 45 Orangefreistaut
907 3396 63 32 und.
995 3394 183 33 Transvaal
1212 3404 39 22 zu

175 3445 179 33 denselben
386 3443 111 33 Taxen
532 3443 66 32 und
631 3448 95 27 unter
757 3442 175 32 denselben
959 3439 293 45 Versendungsbe-

173 3492 188 42 dingungen
380 3499 40 23 an
439 3490 59 31 wie
516 3489 123 32 Pakete
659 3489 81 32 nach
760 3488 57 32 der
827 3486 216 45 Rapkolonie.
1080 3485 172 44 Derartige

174 3536 198 43 Sendungen
407 3535 130 33 werden
575 3544 63 22 von
677 3533 159 44 Kapstadt
869 3532 55 34 àui
959 3533 73 32 dem
1071 3532 182 43 Landvege

174 3581 290 37 weiterbelõrdert.
483 3580 157 33 vodureh
660 3581 70 31 eine
748 3579 201 33 bedeutende
965 3577 289 45 Beschleunigung

176 3630 31 31 in
233 3630 58 31 der
316 3627 228 43 Beiorderung
569 3626 111 32 erzielt
704 3626 90 32 wird.

268 3672 59 34 Die
354 3673 229 41 Beförderùng
616 3672 83 32 über
734 3671 147 39 Lorenco
908 3669 159 43 Marques
1100 3671 56 31 mit
1189 3670 64 32 den

175 3720 146 34 diretten
348 3718 179 43 Dampfern
562 3719 59 31 der
648 3715 243 35 Osiarrikalinie
923 3716 103 33 bleibt
1050 3715 48 33 als
1123 3715 132 33 zweiter

175 3765 145 44 Leitweg
344 3765 169 33 bestehen.

383 3868 126 78 Aus
554 3866 490 97 Sualopmund.

268 4012 41 5 —
338 3991 65 34 Der
436 3991 284 43 Swakopmunder
745 3989 310 37 Frauenverein.
1080 3989 176 43 Abteilung

174 4040 61 32 des
262 4037 257 34 Frauenvereins
554 4047 75 22 Lom
665 4040 91 29 roten
783 4035 104 38 reuz
921 4035 52 33 jüt
1006 4036 51 32 die
1083 4034 172 38 Rolonien.

177 4085 215 33 veranstaltet
409 4093 52 23 am
482 4082 148 44 Montag.
658 4083 58 32 den
751 4082 48 32 19.
818 4081 192 37 Derember,
1036 4081 219 43 nachmittags

177 4131 17 32 4
232 4130 69 34 Unr
336 4131 70 31 eine
441 4127 376 34 weinnachtsfeier
847 4129 54 31 mit
935 4126 237 42 Bescheerung
1204 4126 53 33 für

176 4177 180 42 diejenigen
377 4174 128 38 Rinder.
525 4175 52 32 die
596 4175 62 31 den
673 4173 235 43 leindergarten
924 4172 180 34 besuchen.
1140 4172 115 33 Neben

177 4224 62 31 den
267 4220 135 38 Neinen
436 4222 72 31 sind
535 4220 84 33 auch
648 4219 98 33 deren
774 4219 118 33 Mütter
916 4218 52 33 bei
993 4219 60 32 der
1079 4217 99 37 feier,
1204 4218 52 32 die

176 4269 32 32 in
250 4269 63 32 den
353 4265 280 39 Räumlichkeiten
676 4265 58 33 des
772 4264 256 44 Eindergartens
1068 4263 187 38 Stattiindet.

176 4314 143 32 herrlien
358 4312 233 32 villkommen.
641 4309 67 34 Der
743 4309 235 45 Kindergarten
1017 4310 102 32 selbst
1154 4309 102 33 bleibt

175 4369 76 23 vom
284 4359 46 32 17.
357 4357 184 34 Dezember
565 4358 51 32 bis
642 4366 71 23 zum
746 4356 48 33 15.
818 4356 127 33 lunuar
969 4356 227 42 geschlossen.

366 4457 98 42 aAus
494 4457 113 41 dem
640 4455 421 43 Gemeindeleben.

174 4516 357 48 Sitzungsbericht
564 4522 76 33 des
672 4520 337 35 Gemeinderates
1041 4518 213 36 Omaruru.

282 4586 158 44 Sonntag.
471 4587 61 32 den
565 4586 48 32 ll.
642 4584 77 34 Det.
752 4584 90 37 1910.
872 4584 125 33 abends
1025 4584 18 32 8
1072 4583 77 33 Uhr.

271 4641 65 33 ber
367 4641 319 43 Bürgermeister
716 4640 151 42 begrüsst
901 4640 161 32 zunächst
1091 4640 61 31 den
1186 4638 69 34 Ge—

178 4688 182 33 meinderat
390 4688 50 31 als
470 4697 38 22 zu
543 4691 110 28 ersten
686 4684 88 34 Male
806 4696 40 22 an
878 4687 149 42 eigenem
1061 4683 95 34 Tisch
1190 4686 66 31 uad

176 4734 56 33 aut
258 4734 136 41 eigenen
419 4731 137 35 Stühlen
583 4733 130 41 tagend.

268 4778 133 34 Sodann
426 4779 77 31 vird
531 4780 53 30 ein
602 4777 177 33 Schreiben
799 4777 56 32 des
873 4776 286 34 Gouvernements
1183 4786 72 23 ver-

178 4826 102 33 lesen.
306 4827 30 30 in
368 4825 71 31 dem
471 4825 59 31 der
562 4823 183 34 Gemeinde
778 4823 165 43 mitgeteilt
976 4823 89 34 wird.
1098 4823 79 31 dass
1205 4823 51 31 sie

179 4880 65 24 nun
282 4871 51 31 die
368 4869 50 33 für
451 4870 50 31 die
538 4868 122 34 Schule
692 4870 222 40 notwendigen
948 4866 233 35 Grundstuücke
1215 4879 39 21 zu

218 4916 67 43 hig.
302 4926 60 33 pro
381 4913 257 43 Quadratmeter
656 4913 164 33 etverben
841 4917 95 29 kann.
987 4912 60 34 Die
1074 4911 182 35 Gemeinde

177 4962 84 33 sollẽ
287 4971 189 23 zusammen
496 4963 56 30 mit
570 4962 72 31 dem
664 4959 133 34 Distrikt
815 4959 129 35 Schule.
965 4958 22 33 i
991 4960 265 44 enrerwohaung

178 5008 66 32 und
271 5006 174 34 bensionat
472 5007 166 32 erstellen.
689 5004 68 34 Das
782 5004 268 34 Gouvernement
1079 5007 105 30 werde
1216 5016 38 21 zu

181 5053 125 33 beiden.
334 5054 60 31 den
421 5052 113 32 jrüher
559 5052 50 32 für
635 5053 50 31 die
710 5051 118 33 Schule
855 5052 96 31 allein
978 5052 30 31 in
1028 5046 153 55 Aussicht
1196 5061 59 34 ge-

178 5099 128 32 stollten
333 5097 166 34 Luschuss
524 5108 64 22 von
621 5097 102 32 14000
752 5097 93 32 Mack
871 5097 214 33 überweisen.

272 5143 41 33 Es
338 5146 110 31 wurde
474 5144 229 32 beschlossen.
728 5144 50 31 die
799 5141 230 34 Grundsticke
1047 5142 50 32 iur
1114 5143 50 31 die
1187 5141 68 34 Ge-

181 5190 129 32 meinde
336 5200 38 22 zu
400 5189 167 33 erverben
597 5190 63 31 und
685 5190 116 31 sobald
826 5189 49 32 als
909 5188 153 42 möglich.
1095 5189 54 31 mit
1181 5189 74 31 dem

180 5234 72 34 Bau
280 5236 56 31 des
361 5234 228 33 Schulhauses
615 5245 40 21 zu
688 5235 171 42 beginnen.
909 5233 57 33 Mit
998 5235 74 31 dem
1105 5233 150 33 Berirks-

180 5285 50 29 rat
256 5283 68 30 sich
352 5283 48 29 ins
426 5280 190 33 Benehmen
645 5290 38 22 zu
709 5288 119 27 setzen.
849 5281 38 31 ist
906 5279 198 43 unmoglich.
1123 5280 42 31 da
1182 5280 73 32 det-

179 5327 93 32 selbe
298 5327 111 33 bisher
435 5327 86 32 aicht
541 5327 29 30 in
592 5324 223 44 Erscheinung
838 5331 145 37 getreten
1012 5328 49 31 ist.
1080 5326 82 32 doch
1180 5325 74 36 Soll.

180 5373 118 32 sobald
325 5374 50 30 die
401 5372 211 42 Möglichkeit
639 5372 146 42 vorliegt.
813 5373 53 30 mit
891 5371 190 32 demsetben
1113 5373 28 30 in
1175 5370 80 33 Ver-

1309 249 148 44 bindung
1478 251 147 42 getreten
1651 249 140 32 werden.
1839 246 166 35 Bedauert
2029 247 88 38 vird,
2143 247 78 32 dass
2245 245 53 33 bei
2315 245 69 45 den

1309 297 157 43 geringen
1485 293 136 39 Mitteln,
1641 295 51 32 die
1708 294 59 32 der
1784 292 182 35 Gemeinde
1982 302 60 24 zur
2052 290 195 47 Verſugung
2257 291 127 39 stehen,

1310 342 52 32 die
1387 339 113 35 fruher
1529 340 98 34 allein
1658 338 53 34 für
1742 339 52 33 die
1824 338 120 35 Schule
1975 338 243 44 versprochene
2250 336 134 34 Summe

1310 397 67 23 nun
1386 387 100 32 auch
1510 387 88 32 noch
1622 385 53 34 für
1705 385 63 33 den
1799 383 73 35 Bau
1902 385 58 33 des
1992 383 217 34 Pensionates
2240 384 58 32 mit
2327 382 57 33 be-

1293 433 139 38 stimmt
1450 433 56 32 ist.

1400 477 110 34 Durch
1537 477 61 33 den
1624 476 245 33 Pensionatbau
1892 476 80 32 vird
1997 476 51 32 ein
2079 476 150 32 weitarer
2258 473 126 34 zukaut

1309 534 64 23 von
1400 524 17 32 2
1445 522 167 34 Parzellen
1645 523 195 43 notwendig.
1889 521 118 34 Dieser
2037 519 62 35 soll
2131 530 64 24 von
2228 520 59 33 der
2317 518 66 35 Ge-

1312 571 127 32 meinde
1463 578 60 23 aus
1548 568 201 43 stattiindęn.

1401 613 68 34 Das
1496 613 270 34 Gouvernement
1788 613 64 33 soll
1879 612 140 45 gebeten
2049 613 141 37 werden,
2222 609 162 46 vorlaurig

1309 661 53 33 für
1374 661 62 32 den
1454 660 200 44 dringenden
1671 658 169 35 Schulbau
1859 660 93 31 einen
1965 657 70 34 Teil
2048 659 57 31 der
2116 657 265 44 versprochenen

1308 706 134 34 Summe
1466 716 39 22 zu
1536 706 215 33 überweisen.
1798 704 124 44 MWegen
1954 705 59 32 des
2044 703 196 34 Pensionats
2271 705 112 30 müsse

1304 757 73 28 erst
1394 753 50 31 die
1461 751 226 43 Lustimmung
1704 751 57 32 des
1780 749 226 35 Bezirksrates
2024 750 202 43 abgewartet
2242 749 139 32 werden.

1311 797 69 34 Das
1404 797 267 34 Gouvernement
1695 796 62 33 soll
1782 807 54 23 um
1862 795 242 44 Ausarbeitung
2130 796 58 32 der
2205 794 100 33 Plane
2326 803 56 35 ge-

1311 845 93 32 beten
1430 844 140 32 werden.

1398 888 68 34 Aus
1492 889 61 32 den
1577 887 209 45 geforderten
1814 886 145 40 Raumen
1985 888 42 32 ist
2054 897 40 22 zu
2124 886 151 38 ersehen,
2304 886 78 32 dass

1309 936 57 32 der
1391 946 37 22 zu
1455 936 201 31 erwartende
1674 933 124 33 Lehrer
1814 935 61 31 das
1898 932 182 34 Pensionat
2094 943 42 22 zu
2158 931 224 34 übernehmeg

1309 982 101 32 hätte.
1460 979 42 34 Es
1535 983 112 29 müsse
1677 979 110 32 ferner
1818 979 83 33 noch
1934 979 203 43 abgewartet
2167 978 140 36 werden,
2340 977 42 33 ob

1308 1028 58 32 der
1392 1024 174 45 Reichstag
1591 1026 51 32 die
1664 1024 53 34 für
1740 1026 90 42 jedes
1857 1023 80 39 Eind
1961 1023 210 45 geforderten
2196 1022 64 34 400
2287 1021 94 34 Mar

1307 1072 215 46 genehmigen
1549 1072 118 32 werde.

1399 1116 51 34 Da
1474 1119 59 31 das
1557 1118 116 43 jet:ige
1698 1115 237 35 Schulzimmer
1960 1126 39 22 au
2024 1114 83 33 lein
2127 1116 52 37 ist,
2195 1113 105 34 Sollen
2318 1123 63 23 Lon

1314 1164 57 33 der
1379 1162 179 35 Gemeinde
1572 1164 18 31 ?
1602 1162 141 33 Limmer
1754 1164 41 31 im
1804 1161 275 34 Purainen'schen
2087 1160 123 39 Hause,
2223 1160 84 33 nach
2319 1158 63 34 Be-

1308 1210 185 44 sichtigung
1505 1209 101 33 dureh
1621 1210 61 32 den
1699 1207 244 39 Gemeinderat,
1958 1207 57 33 aut
2031 1206 162 45 vorlaurig
2211 1206 19 34 6
2247 1205 135 34 Monate

1308 1257 152 44 gemietet
1483 1256 141 32 verden.

1400 1300 66 33 Der
1492 1299 320 45 Bürgermgeister
1836 1300 128 32 machte
1988 1298 185 45 Mitteilung
2190 1299 82 32 über
2288 1299 93 31 einen

1310 1346 78 38 Fall,
1412 1348 31 31 in
1478 1347 72 31 dem
1586 1347 41 31 im
1654 1345 230 43 Widerspruch
1918 1355 72 22 zaum
2018 1347 20 38 S
2064 1344 39 32 47
2124 1344 58 32 der
2200 1343 182 34 Selbstver-

1307 1393 372 42 waltungsverordnung
1694 1392 63 31 ihm
1775 1391 73 43 jede
1866 1390 212 43 Mõglichkeit
2092 1399 198 34 gBenommen
2304 1398 77 29 war,

1307 1439 51 45 die
1386 1439 51 36 „in
1462 1438 255 42 rechtmassiger
1741 1435 185 44 Ausubung
1949 1435 58 33 der
2029 1434 267 45 obrigteitlichen
2315 1432 66 35 Ge-

1306 1484 77 33 walt
1397 1482 202 44 getroffenen
1613 1482 267 43 Anordnungen
1894 1481 204 43 Selbstandig
2112 1480 268 33 durchzusetzen.

1311 1529 66 33 ber
1415 1539 74 22 vom
1530 1528 217 33 kaiserichen
1795 1526 267 35 Gouvernement
2101 1526 280 44 vorgeschlagene

1309 1574 131 38 Modus,
1465 1576 60 31 den
1552 1585 41 22 zu
1610 1573 195 34 Strafenden
1830 1572 156 44 jedesmal
2006 1573 72 32 dem
2097 1571 226 34 Distriktsamt
2344 1582 38 22 zu

1309 1621 137 37 melden,
1478 1622 47 31 sei
1559 1630 61 23 aus
1655 1619 256 33 verschiedenen
1945 1617 158 35 Grunden
2131 1618 87 33 nicht
2249 1618 133 33 tunlich.

1309 1666 42 34 Es
1376 1667 128 32 vwerden
1530 1668 31 30 in
1591 1667 107 31 dieser
1722 1664 150 34 Hinsicht
1888 1666 51 32 die
1956 1665 70 32 sich
2045 1665 207 41 konsequent
2267 1664 115 32 wider-

1308 1713 223 43 sprechenden
1558 1711 261 44 Verordnungen
1846 1710 81 33 über
1950 1711 111 32 diesen
2088 1709 105 34 Punkt
2221 1709 160 33 verlesen.

1399 1757 90 46 kolgt
1511 1758 151 44 geheime
1686 1755 146 45 Sitzung.
1881 1755 90 34 Ende
2001 1755 93 42 lCile.

1469 1858 129 54 Der
1640 1874 165 38 geue
1843 1856 378 55 Reiensetai.

1398 1939 345 46 Die,Norddeutsche
1757 1938 203 45 Allgemeine
1973 1937 159 44 Leitung
2145 1937 239 34 verõffentlicht

1308 1988 93 31 einen
1435 1985 203 45 voriauſigen
1668 1979 177 39 Uberblice
1876 1984 82 33 über
1990 1985 62 32 den
2087 1983 297 46 Etatvoranschlag

1308 2034 57 32 des
1393 2031 134 40 Reiches
1553 2031 52 33 fũr
1629 2033 59 31 das
1712 2030 85 44 Jahr
1826 2030 94 33 1911.

1400 2077 59 34 die
1483 2077 389 42 vorbemerſcungen
1897 2076 156 44 beſagen:

1403 2125 25 32 l.
1456 2123 66 33 Das
1551 2122 198 45 Etatsgeſet?
1774 2122 134 38 enthalt.
1933 2123 60 31 wie
2020 2123 41 31 im
2086 2120 163 45 Voriahre
2267 2140 42 5 —
2327 2123 21 40 8
2362 2120 18 34 6

1308 2171 57 33 des
1392 2169 151 35 Geſetzes
1568 2179 74 23 vom
1668 2168 52 33 2l.
1747 2168 93 33 Marz
1871 2167 80 34 1910
1978 2168 66 32 und
2069 2169 20 39 S
2107 2167 19 33 3
2152 2169 58 31 des
2230 2165 152 35 Ceſetzes

1307 2227 75 22 vom
1405 2216 53 32 22.
1475 2215 68 33 Mai
1566 2214 83 34 1910
1673 2233 43 5 —
1741 2215 51 32 die
1810 2213 229 45 Beſtimmung,
2065 2213 63 33 dab
2153 2215 52 31 ein
2231 2214 153 42 etwaiger

1308 2256 186 39 Uberſchug
1519 2263 32 31 in
1578 2262 62 31 den
1665 2262 137 42 eigenen
1828 2259 204 34 Einnahmen
2057 2260 78 45 des,
2142 2257 117 41 Reichs
2284 2260 101 32 Sovie

1308 2310 51 31 ein
1397 2308 59 32 das
1490 2305 70 35 Soll
1597 2306 262 44 überifeigender
1881 2304 123 45 Betrag
2035 2315 41 23 an
2113 2305 270 43 Uberweisungs-

1309 2354 122 33 ſteuern
1447 2363 57 23 zur
1511 2352 206 44 Abbürdung
1728 2354 57 30 des
1794 2351 213 44 fehlbetrags
2022 2361 60 24 aus
2093 2352 68 32 dem
2172 2349 211 45 Rechnungs-

1307 2400 73 44 jahr
1408 2399 81 33 1909
1514 2410 40 21 au
1581 2399 193 32 verwenden
1801 2397 75 33 ſind.

1398 2445 28 33 2.
1455 2444 66 33 Das
1549 2443 197 44 Etatsgeſets
1771 2444 80 32 wird
1874 2444 72 32 dem
1971 2441 255 40 Reichskanaler
2249 2443 51 31 die
2327 2440 56 34 Er-

1309 2492 206 42 mächtigung
1542 2490 147 43 bringèn,
1715 2491 61 31 den
1795 2500 58 22 zur
1869 2488 291 44 Schuldentilgung
2181 2487 200 34 beſtimmten

1308 2537 121 43 Betrag
1465 2537 162 32 entwedet
1660 2546 74 22 vom
1771 2535 66 33 Soll
1871 2536 57 31 der
1951 2535 136 33 Anleine
2122 2533 259 34 abzuschreiben

1307 2584 82 32 oder
1409 2593 74 22 zum
1510 2581 169 39 Ruckaurf
1709 2591 63 23 von
1798 2580 423 44 Schuldverschreibungen
2247 2591 40 22 zu
2311 2586 95 26 ver-

1307 2629 153 36 venden:
1485 2628 90 32 diese
1594 2626 257 45 Ermachtigung
1868 2626 32 34 iſt
1918 2627 84 33 auch
2021 2626 57 34 auf
2093 2629 61 30 das
2167 2622 216 47 Rechnungs-

1306 2675 73 43 jaht
1408 2673 81 34 1910
1513 2674 217 43 ausgedehat.

1400 2720 29 33 3.
1457 2718 66 34 Der
1548 2718 437 45 Schatzanweisungskredit
2019 2718 77 33 wird
2132 2727 62 24 von
2231 2716 63 34 450
2329 2716 55 34 auf

1308 2766 62 33 375
1398 2765 169 33 Millionen
1594 2764 95 33 Mark
1714 2763 233 44 herabgeſetet.

1398 2811 29 33 4.
1455 2810 64 33 Der
1545 2810 201 33 ordentliche
1779 2808 75 34 Etat
1880 2809 138 33 Schliebt
2047 2811 31 31 in
2109 2808 182 33 Einnahme
2319 2809 65 32 und

1306 2857 156 44 Ausgabe
1487 2858 57 31 mit
1568 2856 22 32 2
1604 2856 69 34 707
1687 2855 68 34 819
1770 2855 69 33 915
1865 2855 116 33 Mar
2005 2855 53 33 ab.

1398 2903 29 33 5.
1455 2901 57 34 Die
1550 2901 228 44 Mehrerträge
1820 2911 60 23 aus
1918 2902 61 32 den
2018 2900 215 33 beſtehendon
2270 2899 111 33 Zöllen

1308 2950 64 32 und
1405 2948 140 34 Steuern
1579 2949 73 31 sind
1686 2947 56 33 auf
1776 2946 42 34 32
1831 2947 62 33 619
1909 2946 64 33 845
2000 2945 95 35 Marb
2130 2955 251 35 angenommen.

1309 2995 151 33 Darüber
1484 2993 30 33 iſt
1542 2995 30 31 in
1598 2994 61 32 den
1687 2992 72 34 Etat
1783 2994 59 32 der
1863 2992 88 33 Lölle
1978 2993 64 32 und
2059 2991 139 35 Steuern
2225 3001 64 23 neu
2314 2992 68 31 ein-

1305 3040 119 45 geſetet
1449 3041 57 31 der
1523 3039 119 44 Ertrag
1663 3049 61 22 aus
1743 3039 58 32 der
1819 3036 566 46 Grunditickserfauvachsſteuer

1308 3089 31 30 in
1366 3085 94 34 Höhe
1485 3096 63 22 von
1580 3084 35 34 18
1644 3085 167 33 Millionen
1837 3084 95 33 Mark
1966 3085 29 31 in
2028 3085 57 32 der
2109 3082 273 44 Vorausſetzung,

1308 3133 61 33 dab
1406 3134 59 31 das
1500 3132 73 32 dem
1610 3129 195 45 Reichstage
1839 3131 209 44 vorliegende
2080 3128 114 35 Geſet:
2229 3130 51 32 die
2312 3138 72 22 ver-

1309 3177 272 44 fallungsmäbige
1606 3176 221 44 Luſtimmung
1853 3177 115 32 erhalt.

1398 3225 29 31 6.
1455 3222 58 34 Die
1547 3222 203 33 Einnahmen
1780 3223 66 32 und
1876 3222 178 44 Ausgaben
2091 3230 63 24 aus
2188 3221 71 32 dem
2295 3219 89 39 Cali-

1306 3270 104 44 geletr
1437 3269 184 45 etſcheinen
1643 3270 56 31 mit
1716 3269 17 31 .
1748 3267 63 33 do0
1824 3267 62 33 co
1907 3268 95 32 Mark
2029 3268 41 31 im
2088 3266 73 34 Etat
2182 3267 58 32 des
2257 3266 127 33 lanern.

1398 3315 29 33 7.
1455 3314 57 33 Die
1541 3308 209 39 Uberſchüſſe
1780 3315 42 31 im
1859 3314 221 33 ordentlichen
2105 3312 76 34 Etat
2214 3312 67 33 ſind
2312 3321 72 23 ver-

1308 3361 181 43 anſchlagt:

1411 3408 32 43 aſ
1469 3407 49 32 bei
1546 3406 58 32 der
1627 3405 73 33 Polt
1723 3405 56 33 auf
1805 3405 36 32 71
1861 3404 61 34 599
1934 3404 64 34 349
2026 3404 105 38 Mark,
2164 3404 29 33 d.
2219 3405 20 32 i.
2262 3413 122 36 gegen-

1470 3452 82 33 über
1581 3451 81 33 1910
1690 3452 92 32 mehr
1812 3446 112 54 18648
1941 3446 55 54 l101
2028 3450 105 37 Mar.

1411 3499 34 43 b)
1470 3499 49 32 dei
1558 3498 59 32 der
1654 3496 287 40 Reichsdruckerei
1978 3495 58 35 aui
2071 3495 17 34 5
2102 3494 64 35 688
2185 3495 54 34 171
2280 3495 104 38 Mark,

1469 3545 31 32 d.
1524 3545 21 30 i.
1570 3544 142 42 weniger
1737 3543 63 33 Sob
1815 3542 62 33 980
1902 3542 107 38 Mark.

1416 3589 29 44 c)
1469 3590 51 32 bei
1536 3589 59 33 der
1606 3588 385 44 Eiſenbahnvernaltung
2002 3587 57 34 aut
2072 3587 35 34 l8
2122 3587 63 34 767
2201 3587 62 34 945
2279 3586 104 39 Mar,

1470 3636 31 32 d.
1525 3637 20 31 i.
1572 3636 92 31 mehr
1689 3635 18 31 2
1721 3634 63 34 659
1798 3634 64 33 775
1887 3633 107 34 Mark.

1310 3682 69 33 Aus
1403 3682 72 32 dem
1502 3681 199 33 bankwesen
1726 3680 132 33 werden
1882 3683 151 30 erwartet
2061 3679 35 33 15
2112 3678 63 34 590
2188 3677 64 35 000
2279 3677 104 40 Mark,

1310 3729 29 31 d.
1366 3729 20 30 i.
1407 3736 104 35 gegen
1545 3726 81 33 1210
1653 3728 143 41 weniger
1821 3725 63 34 892
1897 3726 64 33 000
1988 3725 105 34 Mark.

1400 3773 30 33 S.
1458 3772 64 33 Der
1564 3771 382 39 Keichsinvalidenionds
1992 3771 80 33 vird.
2118 3769 265 35 vorauslichtlich

1312 3817 88 34 Ende
1424 3817 78 34 Juni
1533 3818 76 32 191]
1641 3817 191 43 auigezehrt
1859 3817 71 33 iein.
1983 3817 69 33 Aus
2080 3816 64 33 ihm
2170 3816 129 33 vwerden
2325 3825 61 31 nur

1311 3865 85 33 noch
1414 3863 204 34 Einnahmen
1645 3865 28 31 in
1694 3863 93 33 Höhe
1813 3873 62 24 von
1901 3862 96 34 7479
2000 3857 74 54 812
2092 3861 98 34 Mark
2214 3862 169 43 eingehen.

1312 3909 56 34 Ein
1395 3909 196 33 beſonderer
1615 3908 72 34 Etat
1722 3909 33 33 iſt
1790 3909 51 33 für
1875 3910 53 32 ihn
1966 3909 87 33 nicht
2079 3908 93 32 mehr
2195 3906 189 45 aulgeltellt,

1311 3956 50 33 die
1389 3955 109 33 bisner
1531 3956 71 32 hier
1634 3956 235 32 verrechneten
1905 3954 178 44 Ausgaben
2113 3953 66 33 lind
2204 3950 96 36 unter
2324 3953 60 32 den

1310 4002 187 42 bisherigen
1523 4000 398 44 Rupitelbereichnungen
1947 4001 61 32 den
2034 4000 177 44 Ausgaben
2239 3999 42 32 im
2304 3997 82 43 Spe-

1311 4048 130 32 rialetai
1455 4047 80 32 über
1548 4048 60 31 den
1623 4047 218 43 allgemeinen
1856 4045 249 34 ſenſionsionds
2119 4046 58 31 mit
2190 4044 41 33 32
2244 4044 62 33 479
2323 4043 62 33 8l2

1313 4092 92 34 Mark
1432 4093 255 43 hinzugetreten.

1402 4138 29 33 9.
1459 4137 58 33 Die
1545 4138 223 42 ungedeckten
1796 4136 342 45 Matrikularheitrage
2170 4135 64 33 lind
2258 4136 61 32 wie
2345 4136 40 31 im

1312 4182 142 45 Vorjahr
1478 4184 83 33 nach
1589 4185 71 31 dem
1685 4182 97 35 Satze
1816 4192 62 24 von
1903 4182 42 33 80
1973 4181 136 45 Piennig
2141 4181 51 34 iur
2215 4183 62 31 den
2303 4180 84 43 Nopi

1312 4231 57 32 der
1394 4228 229 45 Bevölterung
1648 4229 55 33 aut
1728 4229 41 33 48
1782 4229 65 33 51l2
1860 4228 63 33 000
1949 4227 95 34 Mark
2070 4228 185 32 bemessen.

1408 4275 48 33 10.
1483 4273 102 34 Unter
1619 4276 51 32 die
1704 4274 177 45 Ausgaben
1925 4273 63 34 ſind
2031 4275 29 31 in
2100 4275 106 31 einem
2248 4274 136 42 eigenen

1311 4320 193 34 Sonderetat
1540 4321 52 32 die
1626 4322 41 31 im
1705 4320 103 33 Jahre
1851 4320 75 32 191]
1966 4320 101 32 durch
2101 4320 51 32 die
2188 4317 197 34 Heeresver-

1313 4366 149 43 ltärkung
1498 4365 228 34 entltehenden
1754 4364 116 38 Noſten
1908 4367 29 30 in
1978 4364 93 33 Höhe
2111 4375 64 22 von
2213 4363 94 34 7905
2322 4363 61 32 717

1313 4411 92 34 Mark
1431 4411 265 43 aufgenommen,
1724 4412 124 32 velche
1874 4410 158 44 Deckung
2060 4420 61 23 aus
2150 4411 72 32 dem
2249 4409 135 44 Ertrage

1311 4459 57 31 der
1393 4456 351 35 MWertzuwachsiteuer
1769 4457 104 33 ſiaden
1900 4457 108 33 ſolleg.

1407 4503 47 33 Jl.
1481 4502 78 34 Eine
1585 4505 180 31 erweiterte
1791 4501 155 45 Fürſorge
1978 4502 51 33 iür
2058 4502 51 33 die
2141 4500 185 34 Voteranen
2354 4500 32 33 iit

1312 4549 51 41 füt
1388 4549 59 33 den
1474 4548 67 34 Fall
1578 4551 29 30 in
1633 4548 148 34 Ausſicht
1814 4558 209 34 genommen.
2079 4548 39 32 dab
2150 4548 51 32 die
2226 4548 81 32 dazu
2336 4556 49 23 et-

1312 4595 214 32 forderlichen
1570 4594 115 37 Roſten
1735 4594 227 44 beretgeſtelii
2009 4594 140 32 verden.
2213 4592 172 33 5000900

1313 4639 93 34 Mark
1437 4639 63 34 ſind
1525 4641 86 32 beim
1639 4639 292 39 Reichsichattamt
1962 4638 123 34 hieriut
2114 4638 163 33 etatiſiert.
2325 4636 62 34 Für

1313 4686 39 32 ſie
1377 4687 77 31 vird
1480 4686 118 33 ebenſo
1622 4688 59 30 vie
1705 4685 50 33 jür
1771 4687 51 31 die
1841 4684 114 38 loſten
1974 4686 59 31 der
2050 4683 336 45 heeresverſtarkung

1311 4733 51 31 die
1390 4730 155 44 Deckung
1574 4742 63 23 aus
1665 4732 74 32 dem
1773 4730 136 45 Ettrage
1937 4732 59 31 der
2022 4729 364 35 Grundvertazuvachs-

1312 4777 103 33 ſteuer
1441 4781 159 29 erxartet

1406 4823 48 32 12.
1480 4822 64 33 Lur
1560 4823 204 43 Abbürdung
1789 4823 59 32 des
1867 4821 212 45 Fehlbetrags
2096 4822 59 32 des
2175 4819 211 45 Rechnungs-

1311 4869 109 43 jahres
1453 4869 78 33 1909
1565 4868 64 33 find
1656 4868 113 32 39671u
1787 4868 63 32 205
1878 4868 93 32 Mack
2002 4867 208 44 vorgeſehen,
2245 4867 51 31 die
2326 4875 60 23 aus

1311 4917 60 30 den
1407 4916 223 31 otdentlienen
1659 4913 125 33 Mitteln
1822 4916 71 30 dem
1931 4912 303 34 Extraordinarium
2270 4919 116 37 zugute

1312 4957 160 51 kommen.

1406 5005 49 32 13.
1480 5004 65 34 Lur
1581 5005 155 43 ſonſtigen
1773 5004 291 43 Schuldentiigung
2098 5003 131 33 werden
2265 5004 118 32 bereit-

1310 5051 140 44 geitollt:

1357 5098 32 39 4)
1412 5107 62 22 von
1502 5098 59 31 der
1586 5095 274 45 Poltrerwaltung
1882 5122 7 6 .

1356 5143 34 41 b)
1412 5153 63 21 von
1502 5144 57 31 der
1586 5140 417 44 Eilenbahnvernaliung.
2079 5140 63 32 613
2158 5140 63 32 496

1361 5196 29 33 c)
1413 5198 63 22 von
1502 5188 220 42 Togggae
2101 5186 41 32 48
2157 5185 63 33 767

1357 5236 32 38 d)
1412 5244 61 23 aus
1499 5235 216 42 allgemeinen
1744 5231 256 40 Reichsmitteln
2032 5231 34 32 19
2080 5230 62 34 918
2159 5231 60 33 994

1407 5280 48 31 14.
1481 5278 60 33 Die
1568 5278 204 33 Einnahmen
1805 5288 61 23 aus
1896 5279 73 31 dem
1996 5276 239 46 Münzgevæinn.
2266 5276 121 32 welche

1313 5326 110 31 bisher
1449 5335 56 23 zur
1530 5323 220 45 Veritarkung
1783 5325 59 31 der
1875 5322 253 33 Betriebsmitſel
2166 5323 57 32 der
2255 5320 132 39 Reichs-

1312 5371 188 42 haupibaſſe
1526 5372 340 30 setιeατèftπlden
1893 5370 75 35 ſind.
1995 5369 96 32 iollen
2118 5379 58 22 aur
2200 5367 187 43 Entlaitung

2044 5093 97 34 2593
2161 5094 59 33 170
2249 5094 94 32 Mack

2441 244 58 34 des
2515 243 325 35 Extraordinariums
2867 245 126 33 dienen.
3041 242 62 34 Die
3120 243 146 34 eiſernen
3284 242 160 35 Beſtande
3455 245 64 32 des

2424 288 136 41 Keichs
2584 290 112 33 haben
2721 289 90 34 Ende
2835 291 56 32 des
2918 288 312 45 Rechnungsjahres
3244 288 91 35 1969
3358 287 161 46 betragen

2445 335 58 34 105
2519 335 65 34 092
2598 335 121 39 230.,67
2744 334 105 35 Mark.
2903 335 70 34 Der
3002 335 138 45 Tugäng
3169 336 44 31 im
3247 333 73 35 Etat
3349 334 53 34 iur
3435 335 84 33 1510

2441 381 35 34 it
2499 380 59 35 aut
2585 380 37 34 I&
2650 380 172 34 Millionen
2845 381 98 34 Mark
2967 381 243 44 verauschlagt.

2535 427 49 33 15.
2611 425 62 34 Die
2697 427 137 33 Anleihe
2865 427 32 33 iſt
2928 427 57 34 auf
3016 427 39 33 97
3069 427 62 33 755
3145 426 64 34 930
3236 425 96 34 Mark
3355 424 162 35 bemellen

2439 482 106 36 gegen
2575 472 54 34 171
2648 472 65 34 849
2730 472 58 34 152
2815 472 95 33 Mark
2935 475 42 31 im
3002 471 152 46 Vorjahr.

2530 518 43 34 Es
2592 518 82 45 folgt
2685 529 67 22 nun
2770 520 72 31 eine
2861 518 383 34 Gesamtũbersicht
3261 517 73 34 des
3353 517 165 33 ordent-

2439 564 133 34 lichen
2599 563 129 34 Etats.
2780 563 101 34 Darin
2915 564 168 34 erfordern
3116 566 50 32 die
3197 562 244 46 AusSgaben
3465 562 55 34 fur

2440 611 61 31 den
2551 608 264 46 Reichstag,
2865 608 361 40 Reichskanzler
3264 609 85 34 und
3388 609 129 32 seine

2440 655 203 40 Ranztei,
2672 656 312 43 Auswartiges
3009 655 110 40 Amt,
3153 655 260 41 Reiehsamt
3437 654 78 33 des

2440 701 191 34 lnneren
2665 702 66 32 und
2762 700 293 45 Verwaltung
3079 702 75 33 des
3181 700 335 41 Reichsheeres

2440 749 181 42 insgesamt
2658 747 65 33 710
2738 747 63 34 850
2818 746 60 34 580
2904 745 97 35 Mark
3037 748 121 42 imehr:
3196 746 175 35 4074908
3398 745 118 45 Marh).

2439 792 61 34 Die
2523 793 183 44 Ausgaben
2730 792 50 34 für
2806 792 499 41 Heeresverſtarkun&.
3333 786 134 55 Reich
3466 786 50 55 S-

2440 839 379 45 militatgerieht.
2875 837 174 34 Marine
3107 839 74 43 (67
3197 840 65 32 212
3278 839 63 33 854
3398 836 117 45 Mar,

2442 883 622 45 Reichsfultizvervaltung,
3090 883 428 40 Reichsschatzamt

2439 940 191 24 zusammen
2650 930 60 33 201
2729 930 58 33 361
2808 929 62 34 235
2888 929 97 34 Mark
3003 931 167 44 Geniger:
3189 930 187 34 24638481
3399 929 118 44 Marh.

2440 975 133 34 ferner:
2587 974 418 37 Reicnslcolonialamt
3023 974 104 44 SSꝰ
3139 976 62 33 50
3216 976 119 45 Marb,
3351 974 122 41 Reich
3484 985 34 23 S-

2439 1022 357 39 eiſenbahnamt,
2846 1020 326 40 Reichsfchuld
3224 1021 294 44 Gerzinlung

2444 1067 58 34 189
2518 1067 144 34 624920
2700 1067 117 44 Maro,
2854 1065 179 46 (Tilgung
3069 1067 40 33 89
3125 1067 62 33 585
3207 1068 61 33 199
3307 1068 95 33 Mark
3436 1067 82 32 oder

2439 1114 94 33 mehr
2568 1112 42 34 54
2628 1113 61 33 158
2706 1113 61 33 476
2801 1112 106 45 Marb)
2944 1113 185 34 zulammen
3166 1112 66 35 280
3247 1113 63 34 320
3325 1114 64 34 019
3421 1111 97 35 Mark

2439 1158 106 45 (mehr
2569 1159 38 34 61
2630 1159 62 40 148
2708 1159 61 34 796
2795 1158 107 45 Marc
2928 1161 65 31 und
3019 1159 126 34 endlich
3176 1157 340 46 Rechaungshot,

2438 1204 314 46 Allgemeiner
2776 1205 348 39 Penſionstond,
3151 1203 277 46 ReichSport-
3453 1204 64 34 und

2438 1251 616 44 Telegraphenverwaltung
3110 1250 75 45 G43
3201 1250 65 34 730
3281 1250 63 35 369
3400 1250 116 44 Marh,

2440 1296 379 40 Reichsdruckerei
2892 1299 66 31 und
3035 1296 482 40 Leichseilenbahnver-

2438 1343 190 43 waltung
2653 1342 204 34 zulammen:
2882 1343 64 33 909
2962 1342 64 33 487
3041 1341 63 35 738
3130 1342 108 33 Mark.
3287 1341 60 34 Die
3363 1342 154 34 Summe

2439 1388 112 33 aller
2590 1387 335 35 tottdauernden
2965 1388 228 44 Ausgaben
3244 1388 127 45 beträgt
3418 1388 99 33 damit

2440 1432 97 35 2389
2553 1433 62 34 795
2633 1433 65 34 907
2724 1433 96 33 Mark
2844 1433 119 43 (nehr:
2989 1433 42 34 83
3045 1433 65 35 667
3129 1433 59 33 137
3214 1432 119 44 Marlo.

2529 1478 42 34 Es
2597 1479 111 44 folgen
2745 1481 50 31 die
2830 1479 242 43 einmaligen
3107 1479 217 42 Ausgaben
3361 1481 56 31 mit
3451 1480 66 31 ins-

2438 1528 129 40 gesamt
2605 1525 143 34 518024
2764 1524 63 35 606
2859 1525 95 34 Mark
2989 1525 154 44 Geniger
3178 1524 41 33 33
3237 1523 141 35 860505
3409 1523 107 45 Marc)

2440 1572 122 32 daraus
2587 1570 67 34 ſind
2678 1582 42 22 zu
2744 1572 191 33 erwahnen:
2961 1570 174 34 Marine
3165 1570 61 33 l4
3242 1568 63 35 286
3321 1570 62 33 828
3410 1570 105 37 MarE.

2440 1616 181 34 Zulchuſ
2639 1617 63 33 für
2719 1616 250 39 Riautlehou
2985 1618 66 32 und
3069 1617 59 33 das
3145 1615 214 35 oſtaſiatilene
3374 1615 142 34 Marine-

2440 1664 228 31 detachement
2705 1663 18 32 7
2738 1662 64 34 708
2822 1663 57 33 160
2917 1663 44 33 M.
2998 1663 66 33 und
3101 1661 418 37 Reichskolonialamt

2444 1708 36 34 19
2496 1707 64 34 616
2576 1707 63 34 559
2666 1708 47 33 M.
2738 1710 168 43 Geniger:
2933 1708 176 34 3177259
3135 1708 67 44 M.).

2530 1753 112 34 Damit
2681 1755 130 44 betragt
2849 1754 66 33 die
2949 1754 171 34 Summe
3159 1755 104 32 aller
3301 1752 216 43 Ausgaben

2440 1799 98 34 2707
2554 1799 144 34 8199138
2746 1800 43 33 M.
2838 1801 81 32 oder
2965 1800 94 32 mehr
3104 1809 106 35 gegen
3260 1800 58 33 das
3358 1798 159 44 Voriahr:

2440 1845 40 34 49
2496 1844 64 35 206
2575 1845 64 34 632
2667 1845 64 40 M.,
2757 1856 68 23 was
2859 1848 30 31 in
2926 1845 143 34 Hinlicht
3101 1846 57 33 àuf
3191 1847 53 31 die
3272 1845 158 44 jahrliche
3455 1843 64 34 Be-

2440 1891 366 45 völkerungszunahme
2831 1893 55 32 des
2915 1890 137 40 Reiches
3077 1901 54 23 um
3156 1893 75 31 eine
3256 1891 126 33 Million
3401 1889 116 35 Seelen

2440 1938 94 33 leine
2558 1937 230 45 Vermehrung
2813 1938 57 33 der
2888 1937 182 45 Ausgaben
3094 1936 57 34 auf
3174 1938 65 32 den
3264 1935 86 45 Nopi
3373 1937 58 32 der
3456 1934 63 35 Be-

2440 1983 181 44 völkerung
2647 1983 162 34 bedeutet.

2531 2028 102 34 Untér
2681 2031 61 32 den
2789 2028 254 35 Einnahmen
3092 2028 64 34 ſind
3204 2030 53 32 die
3296 2027 118 34 Lölle
3462 2028 57 32 mit

2441 2074 63 34 658
2519 2075 59 33 291
2599 2074 65 34 000
2689 2074 45 34 M.
2771 2076 65 33 und
2872 2074 179 35 Steuern
3088 2075 76 32 uand
3201 2074 229 35 Gebühren
3462 2074 58 32 mit

2441 2120 63 35 884
2520 2121 64 33 450
2602 2121 63 33 900
2692 2121 44 34 M.
2769 2120 119 45 (mehr:
2916 2120 41 35 39
2973 2120 64 33 279
3053 2120 63 33 345
3142 2120 57 44 M.)
3226 2120 170 33 bemelſen.
3444 2118 73 35 Von

2441 2168 61 32 den
2527 2168 146 33 anderen
2700 2166 292 45 Einnahmepoſten
3019 2166 82 33 ſeien
3127 2166 188 44 angeführt:
3348 2164 125 41 Beĩ
3416 2160 29 56 c
3444 2160 29 56 h
3485 2175 33 23 S-

2440 2212 88 45 polt
2553 2212 139 36 734461
2713 2212 62 35 600
2802 2212 44 34 M.
2873 2212 117 43 (mehr:
3018 2212 41 33 40
3075 2212 61 33 935
3152 2212 63 33 275
3244 2211 67 43 M..
3348 2210 170 40 Reichs-

2440 2259 234 33 eisenbahn
2721 2258 57 34 Ię8
2794 2259 64 34 893
2873 2258 64 34 000
2978 2258 46 33 M.
3070 2257 120 44 (mehr:
3234 2257 17 33 6
3267 2256 141 34 574000
3450 2256 68 45 M.

2440 2304 461 45 Matrikularbeiträge
2921 2298 105 55 212
3040 2304 64 33 004
3120 2304 63 33 700.
3243 2303 45 33 M.
3347 2302 170 45 Geniger:

2445 2351 36 33 16
2499 2351 61 32 507
2576 2350 64 34 300
2667 2350 69 44 M.).
2784 2350 61 34 Die
2862 2350 170 35 Summe
3054 2350 100 33 aller
3171 2348 255 35 Einnahmen
3445 2348 73 33 des

2440 2396 282 34 ordentlicnen
2748 2395 116 35 Etats
2895 2397 141 44 betragt,
3071 2397 59 31 vie
3163 2397 51 32 die
3250 2396 58 32 der
3340 2394 178 45 Ausgaben

2441 2441 258 35 2707819913
2730 2442 54 40 M.
2828 2444 57 32 das
2927 2442 34 33 ilt
2998 2451 107 36 gegen
3146 2443 59 31 das
3246 2440 142 44 Vorjahr
3427 2442 93 31 mehr

2442 2488 63 33 206
2518 2488 64 33 632
2610 2488 45 33 M.

2532 2533 68 35 Der
2622 2533 404 35 ausserordentliche
3051 2532 93 34 Etat
3177 2532 126 34 fordert
3338 2535 94 30 unter
3460 2541 59 23 ag-

2440 2581 110 32 derem
2585 2579 54 34 für
2674 2581 60 32 das
2760 2578 234 40 Reichsamt
3020 2579 69 32 des
3116 2578 177 33 Inneren
3319 2577 41 34 50
3375 2577 64 33 doo
3454 2576 64 34 do

2442 2626 105 38 Mark,
2583 2626 54 33 für
2671 2627 51 32 die
2757 2625 165 34 Marine
2952 2625 59 34 109
3028 2624 62 34 059
3106 2624 62 34 917
3195 2624 62 38 M.,
3294 2623 226 45 insgelamt

2441 2672 62 33 217
2525 2672 57 33 125
2600 2671 64 33 817
2683 2671 56 39 M.
2764 2672 104 32 denen
2884 2682 43 22 an
2946 2671 253 33 Eingahmen
3217 2680 64 23 nur
3301 2668 138 35 119369
3455 2668 62 34 887

2441 2717 105 34 Mark.
2603 2716 82 34 Der
2712 2717 250 45 kehlbetrag
2985 2727 78 22 von
3090 2716 40 33 27
3146 2716 62 32 755
3227 2715 63 34 980
3315 2714 45 34 M.
3386 2715 134 33 bleibt

2441 2764 201 32 demnach
2668 2764 126 32 durch
2820 2762 177 34 Anleſne
3023 2761 95 34 auiz
3127 2757 219 54 ubringen.

2849 2816 129 44 Gchluß
3003 2816 103 45 folgt.)

2740 2917 476 57 Literarisenes.

2529 3000 141 34 Ein
2689 3001 298 33 interessanter
3003 2999 164 43 Beitrag
3182 3007 76 25 zur
3275 2996 244 36 Geschichte

2441 3054 173 26 unserer
2638 3046 255 34 Diamanten.
2950 3046 43 33 im
3024 3045 269 43 Rolonialverlag
3321 3045 58 32 des
3411 3042 106 33 Herrn

2443 3091 171 35 Susserott
2638 3093 80 33 wird
2742 3093 193 33 demnaehst
2951 3093 51 31 ein
3022 3091 184 33 wertvolles
3232 3100 101 23 neues
3352 3088 91 34 Buch
3468 3098 51 23 er-

2441 3140 170 36 scheinen,
2645 3139 120 33 dessen
2790 3137 177 34 Verfasser
2997 3136 85 34 Herr
3115 3136 56 34 Dr.
3198 3134 240 41 Rohrbach
3468 3136 51 31 ist.

2441 3184 42 34 Es
2523 3185 81 33 wird
2644 3185 74 32 eine
2758 3184 202 44 eingehende
3005 3182 212 44 Darstellung
3257 3182 65 33 und
3366 3181 153 32 ritische

2440 3230 208 45 Würdigung
2678 3230 84 34 aller
2791 3231 57 32 mit
2873 3230 73 32 dem
2972 3228 172 34 Auifinden
3171 3228 60 33 dèr
3256 3226 195 34 Diamanien
3476 3227 43 31 im

2440 3275 233 45 Schutegebſet
2705 3275 388 43 zusammenhangenden
3120 3272 106 45 Dinge
3259 3274 64 32 und
3350 3271 170 35 Gescheh-

2441 3324 88 32 nisse
2555 3322 179 33 enthalten.
2774 3321 44 34 Es
2842 3323 41 32 ist
2906 3321 85 33 wolil
3009 3320 337 37 selbstverstandlich,
3371 3319 79 32 dass
3468 3318 52 32 die

2442 3368 203 45 Erörterung
2664 3369 59 32 der
2739 3367 143 44 Haltung
2898 3368 59 32 des
2973 3366 156 33 früheren
3146 3364 281 35 Staatssekretars
3452 3363 66 33 und

2440 3417 111 30 seiner
2576 3413 222 45 Handlungen
2824 3415 93 31 einen
2942 3413 126 33 breiten
3094 3410 104 40 Raum
3224 3411 59 33 der
3305 3410 214 44 grundlichen

2441 3460 114 33 Arbeit
2579 3461 181 32 einnimmt.
2815 3458 52 34 Da
2890 3458 86 34 Herr
3000 3457 57 34 Dr.
3084 3455 176 41 Rohrbach
3286 3458 57 31 mit
3366 3457 72 32 dem
3463 3464 57 35 ge-

2442 3510 129 41 zamten
2620 3507 33 32 in
2698 3504 129 35 Gestalt
2873 3515 63 23 von
2977 3503 240 39 Dokumenten,
3259 3502 260 44 Telegrammen,

2441 3544 238 52 Ausserungen
2693 3552 66 33 und
2769 3551 188 33 Antmorten
2971 3560 79 23 usv.
3062 3549 232 44 vorſiegenden
3307 3548 212 43 ungeheuren

2442 3597 155 34 Material
2633 3607 54 24 am
2714 3597 115 34 besten
2854 3600 145 30 vertraut
3025 3597 50 36 ist.
3112 3594 72 34 dar?
3217 3604 78 23 man
3329 3595 58 31 mit
3419 3591 102 40 Recht

2441 3643 57 35 auf
2522 3645 60 32 das
2609 3653 85 23 neue
2711 3642 99 35 Mer
2834 3643 55 33 des
2908 3641 272 34 verdienstvollen
3199 3639 142 34 Mannes
3356 3641 165 42 gespannt

2441 3700 80 23 sein.

2727 3778 510 44 Schifisnachnrienten.

2513 3897 35 5 —
2569 3880 40 28 D.
2629 3879 300 36 „Swatopinundu
2957 3880 31 26 ist
3017 3878 44 28 auf
3086 3875 371 34 derLũderitahuchtlinie
3449 3871 24 48 “
3476 3882 43 20 am

2448 3928 37 26 10.
2502 3926 155 29 Derember
2675 3935 53 18 von
2743 3925 150 31 Roiterdum
2915 3925 189 36 abuegangen.
3136 3923 57 28 Der
3206 3921 132 37 Dampier
3356 3921 88 35 bringt
3463 3921 57 27 eine

2443 3976 128 31 grõssere
2593 3971 115 36 Ladung
2725 3971 129 35 Stuckgut
2881 3971 51 27 und
2960 3968 273 30 Eisenbannmaterial
3259 3967 41 28 iur
3318 3961 122 50 Lũderit-
3443 3965 78 28 bucht

2443 4019 50 27 und
2513 4027 42 18 ca.
2579 4018 53 27 400
2653 4018 60 27 chm
2739 4017 129 35 Stucbgut
2893 4016 42 27 ſur
2959 4015 209 36 Svaopmund.
3214 4013 59 28 Der
3301 4011 129 37 Dampier
3456 4012 64 27 vird

2442 4064 127 28 zundchst
2591 4064 24 26 in
2637 4062 203 28 Luderitebucht
2861 4062 118 28 loschen.

2514 4127 124 28 Laut
2659 4126 226 36 telegraphischer
2906 4124 129 35 Meldung
3053 4132 50 19 aus
3118 4122 177 29 Las-Palmus
3314 4122 64 27 wird
3400 4120 28 32 R.
3443 4120 27 29 P.
3487 4121 34 27 D.

2443 4173 157 36 „Adolph
2620 4172 227 29 uoermannu
2877 4172 44 26 mit
2941 4170 171 36 Verspatung
3140 4173 54 24 erst
3214 4177 44 20 um
3279 4167 58 30 29.
3358 4167 80 29 Dex.
3458 4175 62 19 vor-

2442 4219 170 30 aussichtlich
2633 4218 59 29 hier
2711 4218 143 28 eintreffen.

2516 4266 58 29 Der
2595 4264 133 36 Dampier
2753 4265 87 34 bringt
2867 4262 70 29 110
2958 4262 69 29 Pe.
3041 4254 128 50 ſagiere
3190 4260 42 28 iur
3257 4260 51 28 l
3314 4259 135 37 Ropmund
3469 4258 51 28 und

2446 4313 47 27 198
2511 4311 139 37 Truppen.

3285 4406 182 55 enten

2469 4409 545 73 Telegraghiseche
3055 4406 225 56 Naehri

2837 4526 286 37 Habeldienst.

2779 4593 97 31 Reuter
2895 4592 96 27 melde:
3012 4596 75 22 unter
3107 4590 58 27 dem
3191 4589 40 28 13.
3246 4588 165 29 Derember:

2587 4649 144 29 Der
2749 4647 167 30 deuische
2937 4645 191 35 kronprinz
3147 4645 69 28 und
3239 4644 56 30 die
3309 4644 105 28 liron-

2553 4703 199 38 prinzessin
2773 4702 111 29 haben
2907 4700 130 37 Ceulon
3057 4700 195 29 verlassen.

2587 4785 35 6 —
2662 4768 61 29 Ein
2756 4767 106 29 kadel
2892 4773 67 22 aus
2984 4765 116 29 Berlin
3129 4764 73 30 feilt
3234 4764 69 33 mit,
3328 4762 85 29 dass

2552 4821 283 31 Staatssekretar
2866 4828 26 21 v.
2917 4819 196 36 Lindequisi
3150 4820 144 34 gestern
3324 4816 90 29 wãah-

2554 4877 85 30 rend
2666 4877 64 29 der
2749 4875 378 34 Etaisverhandiungen
3157 4873 46 28 im
3230 4872 183 35 ſteiehstag

2552 4932 131 30 ericart
2715 4931 99 33 habe.
2839 4931 157 29 Suüduest
3027 4928 216 30 marschiere
3266 4927 81 35 jetzi
3370 4934 44 20 an

2554 4988 64 29 der
2630 4987 117 36 Spiixe
2762 4986 63 30 der
2838 4985 191 30 deuisenen
3043 4982 276 36 Sehutagebiete.
3353 4980 61 30 Die

2553 5043 195 35 ftegierung
2775 5041 113 29 werde
2914 5040 139 29 ueitere
3077 5037 167 30 Ameihen
3272 5036 142 30 fordern

2553 5099 158 32 müssen,
2735 5097 106 29 damii
2862 5096 62 29 der
2944 5092 321 32 fisenbahnbau
3291 5091 32 29 in
3349 5091 65 29 den

2552 5151 288 37 Senuizgebieten
2864 5149 89 30 niehi
2974 5156 77 21 zum
3067 5145 181 30 Stilistand
3268 5146 147 28 nomme.

2554 5207 69 29 ger
2648 5206 119 29 anbau
2791 5213 67 21 von
2887 5202 240 31 Fetdtruchten
3156 5201 70 28 und
3257 5200 55 29 die
3336 5199 79 30 ver-

2553 5262 111 29 suehe
2679 5261 59 29 mit
2751 5259 352 35 Tabakpilanzungen
3119 5257 43 27 im
3179 5253 235 32 Bamaratand

2553 5317 159 29 müssten
2737 5315 159 35 ermutigi
2917 5313 150 29 werden.
3105 5311 61 30 Die
3191 5311 111 35 frage
3326 5308 88 30 nach

2553 5373 99 28 einer
2678 5371 160 29 waiteran
2869 5368 233 35 huscennung
3133 5367 62 29 cer
3224 5365 191 29 Selbstver-
