3678 6159
435 331 43 33 le
510 334 358 43 Souvernement
900 337 113 45 quil
1046 345 50 27 se
1130 338 152 36 donne
1312 322 87 69 par
1427 340 47 36 la
1508 342 109 47 plus
1643 343 210 41 fervente

435 384 226 41 adhẽsion
685 388 66 39 de
768 389 84 38 son
875 389 281 42 histoire.
1410 410 2 3 Jd

1132 474 28 24 *

1178 500 28 24 *

521 560 42 38 A
611 562 109 49 quel
767 563 242 42 isolement
1056 566 223 49 farouche
1295 556 140 64 veut
1445 582 72 27 on
1556 585 201 38 pousser
1803 577 47 49 la

433 617 220 53 France?
679 621 95 39 Car
796 625 99 37 rien
923 638 56 25 ne
1000 625 46 38 la
1072 626 283 40 detournera
1380 628 58 39 de
1464 630 45 38 la
1535 635 187 38 marone
1747 648 103 26 vers

433 676 46 40 la
503 681 260 47 puissance
789 684 44 35 et
864 682 46 39 la
938 685 252 47 grancteur.
1228 685 104 39 Elle
1362 686 98 40 doit
1490 693 275 46 poursuivre
1796 706 52 27 ce

431 736 81 39 but
537 736 117 39 dans
679 738 272 41 lharmonie
969 741 82 39 des
1071 744 359 40 collaborations
1455 743 390 59 internationales,

430 795 118 39 mais
566 795 140 52 qu'on
730 810 57 27 ne
812 799 66 39 lui
902 800 163 39 assène
1090 814 83 37 pas
1198 802 138 51 après
1360 804 43 38 le
1428 805 211 41 discours
1664 811 62 37 du
1751 821 120 33 ma-

428 854 161 40 rechal
632 856 154 40 Smuts
822 858 82 39 des
947 860 368 41 considérations
1358 863 281 42 discutables
1682 881 79 26 sur
1802 871 44 38 Ile

427 919 358 45 gouvernement
820 918 80 49 qui
937 920 249 50 symbolise
1221 922 45 38 la
1305 922 180 40 France
1522 925 233 42 ternelle.
1795 929 49 39 Si

428 972 118 39 dans
576 974 46 38 la
653 975 117 38 rude
802 975 201 52 epreuve
1028 977 59 40 de
1112 977 129 42 force
1264 992 91 39 que
1385 982 46 38 la
1458 982 157 41 Patrie
1645 988 200 48 soutient

426 1031 403 42 victorieusement
871 1039 158 36 contre
1069 1035 214 42 Pennemi
1325 1041 45 38 et
1411 1041 67 39 les
1498 1032 261 66 traitres,
1760 1060 110 27 nos

428 1090 130 47 amis,
608 1104 84 26 nos
735 1093 146 47 allies,
930 1107 58 26 ne
1036 1098 347 40 reconnaissent
1429 1112 86 38 pas
1562 1100 282 61 pleinement

425 1160 178 27 comme
633 1151 101 39 leur
765 1154 288 49 partenaires
1084 1156 28 50 à
1143 1156 147 40 droits
1317 1158 144 51 égaux
1492 1163 131 38 norre
1654 1177 116 40 pays
1796 1169 46 38 et

424 1219 115 27 ceux
557 1210 80 48 qui
661 1210 44 38 le
724 1210 145 51 dirige
884 1212 120 39 dans
1023 1213 43 38 le
1085 1217 196 45 combat,
1301 1215 72 40 sil
1397 1217 116 41 n'est
1535 1233 85 38 pas
1640 1226 202 38 éntendu

422 1265 108 51 qu'à
560 1267 46 39 la
636 1268 249 41 liberation
916 1271 148 39 mème
1094 1276 212 48 partielle
1340 1276 59 39 de
1432 1282 134 36 notre
1596 1279 241 60 territoire,.

422 1337 116 27 nous
588 1338 160 28 serons
796 1331 256 49 gouvernés
1100 1346 86 38 par
1229 1347 112 26 une
1367 1339 198 39 autorite
1608 1343 243 39 nationale

420 1383 228 51 jouissant
678 1382 107 44 sans
816 1388 187 39 réserve
1028 1389 59 39 de
1111 1395 102 37 tous
1244 1394 67 39 les
1337 1397 216 41 atiributs
1578 1398 58 39 de
1667 1400 46 39 Ia
1738 1414 102 26 Sou-

421 1444 250 47 verainetẽ,
709 1446 124 39 alors
870 1447 67 38 les
974 1447 224 55 Francais
1234 1453 356 42 rechercheront
1626 1458 116 39 dans
1778 1473 63 25 un

418 1503 292 49 patriotisme
736 1506 137 38 étroit
895 1509 48 36 et
968 1508 195 40 exclusif
1193 1511 46 38 la
1269 1511 133 51 place
1426 1514 80 48 qui
1537 1515 100 39 leur
1662 1518 179 40 revient

418 1562 152 48 parmi
595 1562 79 39 les
686 1564 199 49 grandes
910 1565 281 49 puissances.
1382 1570 30 27 —

410 1620 199 58 Que
646 1638 83 27 nos
769 1634 311 44 compagnons
1124 1630 199 40 d'armes
1364 1632 85 39 des
1492 1635 120 40 deux
1653 1645 186 45 guerres

417 1685 186 38 menẽes
637 1688 160 37 contre
829 1685 302 54 VAllemagne
1165 1690 346 44 éternellement
1544 1695 161 41 lance
1735 1699 27 38 à
1793 1699 72 39 Ia

409 1742 235 51 conquete
675 1745 63 38 du
769 1746 183 45 monde,
984 1752 227 46 prennent
1240 1750 143 50 garde
1421 1752 58 38 de
1512 1765 59 27 ne
1604 1767 84 38 pas
1722 1770 116 27 nous

415 1813 195 38 pousser
648 1803 26 38 à
706 1806 125 36 cette
868 1806 200 39 solution
1111 1807 64 39 du
1217 1810 252 50 désespoir.
1516 1812 99 40 Unc
1658 1815 180 41 France

414 1860 163 39 durcie
606 1874 88 38 par
724 1861 247 55 Lepreuve,
998 1867 133 49 aigũe
1158 1879 90 38 par
1277 1870 66 36 les
1369 1869 270 52 déceptions
1670 1877 167 38 consti-

413 1921 170 39 tuerait
619 1933 59 26 en
714 1920 190 53 Europe
941 1936 62 26 un
1039 1924 133 52 foyer
1208 1926 59 39 de
1305 1928 324 42 nationalisme
1662 1934 80 49 qui
1779 1948 57 27 ne

412 1979 143 39 serait
579 1992 85 38 pas
689 1992 108 26 sans
822 1981 301 41 résonnance.
1152 1983 72 41 On
1242 1987 174 40 verrait
1438 1989 124 39 alors
1584 2003 48 26 se
1651 2005 184 28 recons-

411 2036 140 41 tituer
576 2038 83 39 des
684 2039 128 39 blocs
838 2039 189 42 hostiles
1055 2045 111 49 gui
1184 2048 194 47 portent
1402 2060 58 26 en
1487 2061 89 26 eux
1601 2050 45 39 læ
1669 2047 166 60 guerre

412 2109 180 27 comme
619 2097 45 39 lo
690 2099 115 38 nue
823 2103 141 46 porte
990 2100 207 52 loraα

501 2160 63 40 Ce
589 2160 116 52 n'est
730 2174 83 38 pas
834 2163 100 39 cela
955 2177 90 38 que
1065 2167 186 49 veulent
1275 2169 68 39 les
1369 2170 207 40 hommes
1600 2173 59 39 de
1683 2174 153 41 bonne

409 2220 186 40 volonté
621 2233 59 26 au
705 2218 203 53 premier
933 2230 113 45 rang
1065 2224 216 52 desquels
1307 2229 115 39 nous
1447 2234 196 36 mettons
1668 2234 42 37 le
1731 2234 105 39 chef

408 2273 60 43 de
492 2281 47 36 la
562 2280 176 50 grande
758 2280 285 42 democratiẽ
1062 2285 282 40 americaine
1363 2290 47 38 et
1433 2288 402 44 Pextraordinairẽ

407 2336 184 40 homme
625 2339 59 39 de
718 2345 165 44 guerre
918 2340 142 51 qu'un
1094 2342 154 40 destin
1281 2344 240 43 favorable
1558 2350 134 50 place
1726 2352 27 38 à
1786 2352 47 39 la

407 2392 93 43 tete
526 2397 58 38 de
610 2396 226 53 VEmpire
861 2399 311 52 britannique.
1200 2402 144 54 Qu'ils
1364 2408 249 38 entendent
1633 2412 44 36 et
1696 2409 135 51 qu'iis

408 2454 215 54 écoutent
659 2456 224 52 Popinion
919 2460 205 49 anglaise
1162 2462 93 49 qui,
1293 2475 87 38 par
1417 2476 72 29 ses
1523 2461 184 46 leaders
1742 2481 90 27 aux

408 2519 348 51 communes
677 2514 90 67 et
794 2519 86 48 par
917 2518 43 38 le
998 2522 185 41 concert
1219 2523 217 38 unanime
1473 2525 59 38 de
1570 2538 51 26 sa
1657 2539 172 38 presse,

395 2574 252 39 reconnaĩit
671 2574 125 43 daus
830 2576 41 37 le
907 2576 55 53 C.
977 2576 50 40 F.
1049 2577 49 39 L.
1121 2578 53 39 N.
1209 2578 341 44 lindiscutable
1580 2590 250 45 gouverne-

383 2636 150 52 ment
564 2633 58 39 de
653 2633 46 39 la
731 2634 195 41 France.
960 2635 220 55 Qu'ils
1125 2629 77 70 se
1206 2643 289 47 comportent
1519 2643 28 38 à
1572 2642 174 53 Fgard
1771 2646 59 39 de

403 2692 47 39 la
477 2692 182 39 France
678 2705 58 27 en
754 2699 164 46 guerre
944 2707 177 40 comme
1147 2697 40 38 si
1207 2697 307 43 Clemenceau
1535 2701 110 41 était
1664 2716 166 28 encore

403 2750 109 41 leur
531 2752 192 39 associ.

493 2816 69 39 De
595 2815 166 41 Gaulle
792 2829 90 26 aux
912 2817 167 40 heures
1113 2819 67 39 les
1214 2820 103 49 plus
1352 2823 208 40 sombres
1594 2838 58 27 ne
1686 2827 142 40 douta

403 2887 85 38 pas
520 2875 103 51 plus
656 2875 58 39 de
745 2876 46 39 la
822 2875 174 41 défaite
1028 2877 59 38 de
1117 2876 311 55 VAllemagne.
1455 2894 90 39 que
1576 2884 43 39 le
1680 2887 148 49 grand

403 2933 316 40 bonhomme“
752 2936 80 49 qui
858 2947 113 27 avec
999 2936 126 39 Foch
1150 2950 135 27 mena
1311 2951 57 27 en
1397 2937 115 43 1978
1536 2942 47 40 la
1607 2945 220 40 coalition

401 2988 281 44 victorieuse
708 2993 59 39 de
793 2984 161 67 Pautre
965 2994 117 53 cõtẽ
1108 2995 63 39 du
1196 2996 134 41 Rhin.

390 3199 132 75 La
580 3202 278 72 caſte
912 3200 582 80 americaine
1537 3206 113 76 l.-

489 3348 63 39 LUs
577 3350 103 37 sont
705 3347 296 41 décidément
1033 3349 334 55 incorrigibles.
1401 3352 71 40 On
1498 3355 67 39 les
1589 3357 237 52 imaginait

398 3408 218 38 accables
646 3418 109 28 sous
784 3408 46 51 le
856 3410 140 49 poids
1021 3409 58 50 de
1105 3409 124 38 leurs
1253 3408 163 48 fautes,
1443 3416 241 40 attendant
1708 3419 117 39 dans

398 3465 219 40 lanxieté
642 3465 175 40 l'heure
842 3467 58 52 de
926 3467 46 38 la
996 3467 237 39 reddition
1258 3469 82 39 des
1367 3476 217 47 comptes.
1614 3475 126 40 Nous
1766 3490 58 27 ne

396 3537 117 27 nous
548 3526 242 50 guerirons
828 3525 121 39 donc
985 3526 167 51 jamais
1189 3526 59 38 de
1284 3532 134 36 notre
1454 3536 241 37 naivete..
1735 3535 88 40 Ces

397 3584 250 39 messieurs
672 3584 219 50 viennent
916 3585 59 38 de
999 3587 189 37 trouver
1212 3587 101 37 leur
1339 3588 181 41 chemin
1544 3591 59 40 de
1633 3593 189 42 Damas

381 3643 86 39 Tis
487 3645 168 49 jouent
681 3643 47 39 lo
754 3646 127 36 corte
906 3645 294 45 américdine.

471 3709 85 37 De
581 3707 81 51 qui
686 3708 369 50 parlons-nous?
1080 3706 69 49 Ne
1177 3706 143 42 l'avez
1326 3723 131 41 vous
1481 3713 108 52 dejà
1614 3716 207 41 deviné?

396 3766 40 38 Il
464 3766 131 51 s'agit
623 3766 60 38 de
711 3779 76 26 ces
812 3767 386 50 parlementaires
1223 3769 80 49 qui
1329 3781 48 27 se
1403 3774 238 50 croyaient
1666 3777 155 38 minis-

394 3828 95 37 tres
514 3837 86 39 par
625 3826 229 39 vocation.
893 3825 62 39 IIs
981 3837 58 27 ne
1063 3825 345 44 manifestaient
1437 3842 85 38 pas
1546 3832 207 52 toujours
1777 3835 44 38 le

395 3886 129 37 souci
555 3883 146 40 detre
732 3883 250 52 quelquun
1013 3886 118 37 mais
1155 3885 57 39 ils
1242 3888 230 40 voulaient
1497 3889 97 42 etre
1618 3893 202 51 quelque

395 3944 150 51 chose.
572 3943 141 39 Aussi
736 3944 404 39 virevoltaient/
1083 3939 84 62 ils
1165 3944 64 38 du
1253 3947 234 40 ministère
1510 3950 82 40 des
1610 3950 211 42 finances

394 4003 28 37 à
448 4003 121 39 celui
594 4001 84 40 des
704 4002 209 54 colonies
932 4003 27 37 à
985 4003 148 38 moins
1152 4015 90 39 que
1262 4005 120 39 celui
1404 4007 84 38 des
1512 4011 220 48 pensions
1751 4011 70 43 fut

393 4062 44 38 le
472 4061 100 40 seul
606 4063 79 48 qui
721 4062 88 38 soit
843 4061 220 40 demeurè
1096 4065 181 37 vacant.
1315 4065 80 49 Au
1421 4064 134 51 reste,
1589 4072 231 49 pourquoi

393 4119 275 53 s'exprimer
692 4133 87 38 par
804 4115 201 64 enigme,
1017 4120 61 39 de
1099 4120 280 54 Chautemps
1404 4125 26 37 à
1456 4125 59 39 de
1535 4115 188 64 Monzie
1762 4142 58 26 en

392 4183 192 47 passant
614 4191 86 38 par
730 4178 183 41 Mistler
943 4182 50 36 et
1020 4178 202 53 Georges
1249 4174 197 68 Bonnet,
1479 4185 58 38 ils
1570 4185 248 53 figuraient

393 4238 119 40 dans
548 4242 104 37 tous
689 4238 67 39 les
793 4238 219 39 cabinets.
1060 4238 61 39 Le
1164 4246 306 45 programme,
1507 4238 46 45 la
1589 4247 229 40 tendance

391 4298 228 51 politique
643 4298 69 38 les
736 4297 240 39 laissaient
1000 4296 310 42 indifferents.
1340 4300 64 39 Ce
1429 4303 81 49 qui
1534 4303 66 40 les
1626 4306 232 40 intéeres-

392 4358 90 39 sait
517 4356 154 41 c'etait
704 4356 43 38 le
783 4354 307 52 portefeuille,
1123 4368 119 39 pour
1275 4359 43 38 le
1352 4361 187 49 surplus
1571 4363 57 39 ils
1663 4377 153 40 comp-

355 4416 182 40 taient
574 4428 80 27 sur
690 4415 102 39 leur
832 4414 205 41 subtilité
1079 4414 193 52 diesprit
1313 4429 120 39 pour
1473 4419 200 51 justifier
1714 4425 105 39 leur

398 4468 451 63 cameleonesquen
850 4472 248 53 carrière.
1130 4474 64 38 Is
1224 4487 30 38 y
1271 4476 351 50 réussissaient,
1655 4483 33 37 il
1708 4483 110 44 faut

390 4531 44 38 le
458 4524 313 54 reconnaitre,
787 4544 130 27 assez
942 4532 108 38 bien
1068 4534 46 37 et
1137 4532 58 39 ils
1214 4534 213 40 auraient
1452 4547 61 38 pu
1538 4542 279 45 poursuivre

390 4588 110 42 sous
523 4590 110 46 Pœil
658 4590 165 40 amusé
842 4591 83 39 des
950 4592 285 49 spectateurs
1259 4592 125 40 leurs
1409 4596 273 49 acrobaties,
1705 4601 40 38 si
1768 4601 47 40 la

388 4655 166 46 guerre
579 4649 160 41 n'etait
763 4661 149 28 venue
936 4651 207 38 montrer
1167 4650 102 39 leur
1292 4651 353 44 malfaisance.

1090 4735 78 54 **

386 4831 157 48 Le
579 4832 360 52 gouvernement
975 4830 60 39 de
1071 4830 63 40 M.
1174 4831 117 40 Paul
1328 4832 226 54 Reynaud
1590 4842 224 49 comptait

387 4891 97 39 lors
505 4890 70 39 de
606 4891 46 38 la
682 4889 191 40 bataille
905 4889 58 39 de
996 4890 179 39 France
1205 4891 230 51 plusieurs
1465 4897 259 49 specimens
1754 4900 59 40 de

388 4945 119 44 cette
538 4948 179 53 espèce.
755 4948 74 39 Au
859 4952 204 37 moment
1086 4948 64 40 du
1174 4951 120 50 repli
1318 4952 28 38 à
1370 4940 164 68 Tours,
1545 4956 72 45 ils
1642 4956 171 48 etaient

385 5020 122 39 pour
543 5008 54 52 la
625 5006 269 51 résistance.
933 5007 30 38 à
998 5008 250 39 Bordeaux
1284 5009 59 48 ils
1379 5012 369 43 commencèrent
1783 5017 29 38 à

385 5061 172 46 faiblir.
586 5066 67 40 La
672 5066 224 52 présence
914 5065 63 39 de
994 5066 146 40 Laval
1157 5067 255 51 expliquait
1429 5070 100 39 leur
1547 5071 264 47 hesitation.

386 5126 91 40 Les
502 5128 264 49 arguments
791 5125 64 38 du
879 5122 163 43 traitre
1072 5136 57 28 ne
1160 5127 299 49 manquaient
1488 5142 85 38 pas
1597 5130 60 41 de
1683 5131 128 41 force

385 5197 119 41 pour
535 5185 85 39 des
652 5184 207 40 hommes
883 5184 81 50 qui
993 5185 287 51 remplacent
1310 5184 157 41 l'idéal
1497 5200 86 39 par
1607 5190 46 39 la
1678 5192 131 39 satis-

384 5244 178 40 faction
580 5243 60 40 de
659 5246 53 38 ce
730 5242 137 54 qu'ils
887 5246 193 48 pensent
1100 5243 97 40 etre
1220 5243 126 39 leurs
1370 5245 203 57 intérèts.
1601 5248 209 41 L-Alle-

386 5313 167 41 magne
584 5301 358 55 triomphero“,
985 5302 299 52 proclamait
1304 5301 166 53 Pagent
1512 5304 213 46 dHitler.
1769 5309 40 39 II

383 5361 152 41 fallait
560 5363 133 38 avoir
717 5363 47 39 la
787 5361 66 40 foi
878 5360 120 41 dans
1020 5363 68 38 les
1113 5359 232 41 destinées
1369 5362 59 40 de
1452 5364 47 38 la
1522 5366 150 50 patrie
1691 5378 118 39 pour

383 5434 60 26 ne
468 5433 85 38 pas
579 5421 229 41 admettre
832 5434 59 27 en
914 5420 99 52 juin
1040 5419 114 40 1940
1178 5421 47 38 la
1248 5420 194 43 victoire
1466 5422 84 41 des
1575 5425 157 55 nazis.
1742 5425 67 48 Or

384 5492 77 28 ces
486 5481 248 39 messieurs
759 5481 239 40 banissent
1022 5480 60 41 de
1105 5479 125 40 leurs
1254 5479 197 41 reflexes
1475 5480 169 43 lidéal.
1670 5483 63 40 IIs
1754 5498 53 28 se

382 5538 185 46 flattent
597 5538 149 46 d'etre
776 5539 83 41 des
889 5539 224 41 réalistes.
1152 5538 220 41 Dautant
1402 5540 104 51 plus
1536 5554 91 39 que
1658 5543 149 42 Laval

382 5598 323 50 poursuivait:
725 5599 198 43 Petain
944 5598 119 46 nest
1080 5597 145 54 qu'un
1241 5602 243 48 parovent,
1504 5610 121 31 nous
1641 5616 167 33 serons

384 5657 68 39 les
476 5656 248 40 veritables
748 5658 194 39 mattres
966 5658 58 40 die
1049 5658 48 39 la
1118 5657 234 41 France“.
1385 5658 101 57 Que
1509 5660 101 40 leur
1634 5662 172 52 impor-

381 5717 87 46 tait
492 5727 92 40 que
607 5715 48 39 la
674 5715 186 44 France
880 5716 71 41 fut
974 5716 181 52 grande
1171 5730 60 27 ou
1240 5719 178 49 petite,
1436 5719 118 39 libre
1576 5733 60 27 ou
1658 5734 148 34 asser-

382 5767 99 66 vie,
496 5775 59 38 ils
585 5772 347 43 nientendaient
962 5787 91 39 que
1081 5775 294 42 ladmirable
1403 5784 323 45 promesse:“
1739 5782 68 40 des

1888 4199 369 48 Souvernement.

1921 349 246 39 veritables
2203 353 251 41 maitres.
2500 356 270 41 Lioccasion
2806 358 111 52 ëtait
2951 362 110 51 trop
3094 365 130 43 belle.
3268 372 64 40 La

1923 405 191 48 France,
2146 409 105 46 bah,
2283 412 87 39 elle
2404 414 113 40 était
2547 417 170 47 battue,
2748 418 58 39 ils
2836 417 75 53 niy
2943 401 249 73 pouvaient
3203 424 86 45 ric

1922 463 68 39 La
2023 466 304 52 Republique,
2362 472 33 37 il
2431 486 31 39 y
2495 487 28 26 a
2555 476 79 38 les
2657 477 142 38 crises
2836 478 352 51 ministérielles,
3223 500 111 28 avec

1921 522 147 46 Laval
2099 538 177 28 comme
2303 530 217 47 Duce“,
2546 534 56 38 ils
2633 538 154 36 seront
2812 535 245 43 d'eternels
3065 538 267 55 ministres.

1920 576 191 70 Hesiter
2126 587 162 53 serait
2323 584 112 45 ſolie
2471 594 57 43 et,
2571 592 108 40 dieu
2715 596 155 45 merci,
2908 598 56 37 ils
3007 611 57 26 ne
3107 604 102 36 Sont
3250 600 83 58 Pas

1920 639 82 40 des
2027 642 94 39 don
2152 643 256 54 Quichotte.
2441 649 237 52 Pourquoi
2707 652 179 40 refuser
2915 655 265 42 Varmistice
3202 661 132 49 puis-

1919 710 90 39 que
2045 702 44 37 le
2126 705 236 39 maréchal
2404 708 66 38 Ls
2508 721 170 29 couvre
2717 706 58 44 en
2817 712 239 44 affirmant
3099 716 237 52 quHitler

1901 759 268 39 cccordera
2207 775 88 26 une
2331 771 282 46 suspension
2634 770 45 41 d
2688 770 165 39 'ormes
2886 773 121 40 dons
3044 775 290 42 linonneurι

1917 815 61 40 Et
2003 816 108 42 c'est
2137 819 125 39 ainsi
2293 822 135 51 qu'ils
2460 837 48 26 se
2538 826 244 53 joignirent
2812 830 27 37 à
2871 830 164 42 Petain
3065 837 268 39 manœuvre

1917 875 164 51 depuis
2123 877 267 54 longtemps,
2434 895 101 27 com
2546 899 67 25 mc
2657 887 61 40 Po
2754 888 142 40 Gtabli
2932 892 45 38 l
3016 893 223 49 brochure
3275 896 58 39 de

1914 935 159 54 Frano
2105 935 174 49 Lireur,
2314 952 86 37 par
2434 941 66 39 les
2534 948 384 49 propagandistes
2949 952 127 38 nazis
3107 967 118 37 pour
3255 968 76 26 en-

1915 993 174 39 trainer
2125 995 46 38 la
2208 996 180 41 France
2425 999 117 40 dans
2583 1003 46 38 la
2671 1004 222 41 Honteuse
2936 1011 301 49 capitulation
3273 1016 58 39 de

1915 1051 279 42 Rethondes.

2610 1120 27 24 X

2562 1144 28 25 X
2657 1148 28 23 *

2001 1198 68 40 La
2093 1199 272 42 désillusion
2390 1204 139 40 suivit
2552 1203 294 53 apothéose.
2882 1209 115 40 Bien
3022 1208 135 62 qu'ils
3173 1221 63 34 ne
3265 1218 65 38 lui

1911 1263 186 35 eussent
2121 1272 87 37 par
2233 1262 285 40 marchandè
2543 1265 101 38 leur
2667 1266 221 53 précieux
2910 1272 143 48 appui
3077 1284 118 38 pour
3219 1266 110 65 qu'il

1912 1317 173 39 achève
2115 1319 47 38 la
2192 1319 84 38 IIle
2303 1321 292 52 Republique
2621 1337 177 26 comme
2823 1326 33 38 il
2880 1330 126 37 avait
3030 1334 230 38 assassinè
3285 1336 46 38 la

1911 1379 164 46 patrie.
2119 1376 166 56 Laval
2306 1380 67 38 les
2417 1384 235 48 congedia.
2699 1383 356 55 Qu'allaient-ils
3098 1389 232 43 devenir?

1912 1434 158 46 Laval,
2109 1436 92 37 bon
2236 1438 175 48 prince,
2448 1440 102 39 leur
2587 1439 201 43 accorda
2825 1445 82 38 des
2945 1451 383 47 compensations,

1910 1491 95 38 Uun
2028 1491 70 40 fut
2122 1496 178 50 envoyé
2320 1496 27 37 à
2366 1495 306 55 Mashington
2691 1513 177 28 comme
2887 1508 326 47 representant
3227 1504 102 60 per-

1910 1552 162 44 sonnel
2106 1552 63 37 du
2203 1554 248 46 matechal,
2486 1555 164 42 Vautre
2683 1560 66 39 vit
2782 1560 196 42 s'ouvrir
3008 1564 42 40 le
3081 1567 134 38 tiroir
3245 1568 84 39 des

1910 1607 137 40 fonds
2078 1615 173 35 secrets
2281 1624 120 41 pour
2431 1613 112 50 qu'il
2573 1610 123 44 fasse
2726 1620 204 48 paraitre
2961 1636 63 24 un
3054 1623 183 50 journal
3269 1627 59 38 où

1910 1679 58 26 en
1987 1667 218 51 egrenant
2231 1682 72 27 ses
2327 1674 254 46 souvenirs,
2602 1675 33 37 il
2654 1675 131 41 allait
2806 1679 153 39 bruler
2974 1684 102 48 tout
3097 1696 52 27 ce
3168 1697 90 38 que
3278 1698 49 26 sa

1909 1725 212 51 jeunesse
2146 1728 192 40 ardente
2363 1731 125 38 avait
2513 1733 199 38 adoré...

1998 1784 180 53 Malgrè
2204 1789 112 53 cela,
2343 1800 90 38 que
2455 1789 59 39 de
2536 1797 187 45 regrets.
2750 1792 102 40 Eux
2877 1797 80 48 qui
2982 1810 58 25 ne
3065 1796 264 61 songeaient

1908 1842 140 50 qu'au
2077 1848 197 47 pouvoir
2305 1858 48 27 se
2385 1850 216 49 voyaient
2632 1849 209 42 confiner
2871 1855 117 37 dans
3020 1856 82 40 des
3133 1846 192 69 emplois

1909 1903 302 40 subalternes.
2251 1905 239 42 Comment
2526 1912 240 36 retrouver
2800 1913 26 36 à
2861 1909 151 55 Vichy
3046 1927 63 27 un
3143 1920 184 38 capinet

1908 1961 310 41 ministẽriel?
2247 1964 72 38 En
2345 1970 187 36 servant
2556 1963 270 47 fideèlement
2851 1972 42 37 le
2920 1972 144 39 chet?
3099 1974 62 40 Ce
3186 1979 141 37 serait

1898 2020 294 52 imprudent.
2213 2022 62 40 IIs
2292 2023 237 51 prefèrent
2547 2026 42 39 le
2608 2028 171 39 double
2803 2029 88 50 jeu.
2919 2029 318 56 LAllemagne
3257 2039 69 35 est

1905 2077 133 48 forte,
2060 2084 159 43 certes,
2240 2084 117 37 mais
2375 2081 302 54 l'Angleterre
2696 2091 120 35 reste
2835 2088 184 40 debout.
3039 2091 149 48 Alors,
3208 2095 117 38 dans

1906 2138 83 38 des
2009 2140 185 38 articles
2214 2152 59 26 on
2286 2146 138 35 vante
2443 2144 46 37 la
2509 2145 346 48 collaboration,
2871 2150 260 47 cependant
3145 2153 116 39 dans
3279 2155 51 40 la

1906 2199 322 39 conversation
2253 2212 59 26 on
2337 2213 57 25 ne
2420 2202 250 51 desespère
2700 2217 85 38 pas
2810 2206 58 38 de
2898 2205 222 53 lEmpire
3150 2211 173 40 britan-

1906 2257 151 50 nique.
2091 2257 67 39 La
2184 2258 73 38 vie
2282 2258 115 40 mest
2421 2272 86 38 pas
2532 2263 38 36 si
2597 2264 176 50 simple.
2806 2265 39 37 A
2872 2267 109 47 quoi
3006 2267 92 38 bon
3121 2269 202 49 prendre

1904 2316 123 48 parti
2051 2328 86 38 par
2163 2329 90 26 une
2277 2319 197 38 attitude
2498 2315 107 44 sans
2633 2335 211 27 nuances.
2878 2323 87 40 Les
2996 2319 86 45 lois
3113 2330 171 38 raciales,

1904 2385 59 26 on
1995 2376 66 37 les
2092 2376 215 50 explique
2338 2389 107 27 sans
2474 2377 67 39 les
2572 2392 275 39 approuver,
2874 2383 46 38 la
2945 2384 295 50 déportation
3265 2401 57 25 en

1902 2431 268 54 Allemagne
2208 2448 59 25 on
2260 2427 92 64 en
2380 2437 149 50 parle
2565 2438 43 39 le
2628 2427 161 64 moins
2830 2442 214 49 possible,
3088 2456 59 26 on
3182 2446 136 41 laisse

1901 2496 218 45 pourtant
2134 2494 115 38 dans
2269 2506 83 26 son
2370 2494 184 59 journal
2573 2499 182 48 publier
2769 2503 103 36 tous
2891 2501 66 37 les
2973 2505 346 50 communiqués

1902 2552 126 38 nazis
2053 2553 255 50 preparant
2333 2554 66 37 les
2424 2557 195 38 travaux
2637 2556 152 45 forcés
2814 2571 117 38 pour
2952 2571 51 26 ce
3022 2562 79 48 qui
3122 2563 197 41 subsiste

1902 2609 58 38 de
1979 2611 273 51 population
2276 2612 169 40 valide.
2472 2613 59 40 Et
2556 2617 105 47 puis
2685 2617 46 39 la
2754 2624 163 44 guerre
2944 2617 173 41 évoſue.
3144 2620 175 42 LAlle-

1901 2675 164 44 magne
2059 2660 78 72 ne
2150 2664 208 57 gagnera
2379 2672 113 50 plus.
2520 2672 67 40 La
2609 2676 108 48 paix
2736 2677 58 38 de
2814 2678 278 49 compromis
3110 2683 209 45 pourrait

1901 2721 109 71 peut
2021 2729 109 39 etre
2155 2729 150 50 regler
2328 2741 51 28 ce
2403 2730 171 41 conflit.
2593 2725 100 63 Qui
2718 2736 141 39 serait
2883 2736 103 49 piĩus
3012 2737 192 49 quaĩitie
3229 2752 89 38 que

1901 2798 76 27 ces
2002 2789 247 38 messieurs
2273 2800 118 37 pour
2416 2790 46 38 la
2487 2791 252 51 négocier?
2775 2793 145 39 Laval
2945 2797 44 37 et
3014 2796 42 38 le
3082 2797 152 42 maréc
3241 2785 77 61 hal

1898 2847 262 51 paraissent
2189 2859 59 27 en
2279 2846 269 50 desaccord,
2574 2850 131 47 tiens,
2730 2853 131 45 tiens,
2889 2852 108 41 cest
3021 2858 109 46 peut
3148 2855 101 40 etre
3274 2858 44 38 le

1900 2908 202 37 moment
2121 2905 59 39 de
2205 2902 159 42 reunir
2383 2919 89 26 une
2491 2910 255 39 assemblée
2772 2912 247 46 nationale,
3043 2914 67 38 les
3134 2914 106 50 jeux
3259 2915 60 39 de

1898 2963 47 38 la
1975 2965 227 50 politique
2227 2966 46 38 et
2303 2965 64 38 du
2397 2965 173 41 hasard
2600 2971 270 48 pourraient
2900 2983 343 28 recommencer
3273 2977 45 50 et

1899 3034 59 27 au
1989 3023 111 39 bout
2127 3023 63 39 de
2221 3023 47 39 la
2289 3024 173 48 partie.
2494 3027 79 49 qui
2605 3029 88 41 sait?
2709 3029 111 42 ils
2850 3032 374 40 recouvreraient
3249 3033 73 38 les

1898 3079 261 39 ministères
2178 3083 100 36 tant
2299 3081 201 50 espérés.
2527 3083 122 40 Mais
2673 3085 145 40 Abetz
2843 3088 107 48 tape
2976 3099 77 26 sur
3078 3087 66 39 les
3170 3088 147 51 doigts

1898 3138 59 39 de
1983 3137 177 46 Pétain,
2185 3140 98 38 tout
2302 3143 155 36 rentre
2477 3142 117 39 dans
2617 3142 172 41 Pordre
2808 3146 44 37 et
2877 3144 56 39 ils
2953 3157 49 27 se
3020 3148 214 38 trouvent
3258 3148 58 39 de

1897 3209 212 28 nouveau
2134 3209 107 26 sans
2266 3199 184 50 emploi.

1986 3255 135 40 Voici
2152 3255 293 53 qu'apparaĩt
2476 3258 43 38 le
2551 3259 215 51 supréme
2797 3261 165 49 espoir.
2990 3260 72 40 On
3093 3262 236 40 chuchote.

1897 3314 28 38 à
1950 3314 151 52 Vichy
2125 3326 91 39 que
2246 3314 297 52 VAmérique,
2568 3319 249 39 redoutant
2846 3320 46 37 la
2915 3323 127 37 toute
3071 3322 245 49 puissance

1897 3373 59 39 de
1990 3372 85 40 LU.
2098 3373 51 38 R.
2171 3373 45 40 S.
2239 3373 43 41 S.
2318 3375 267 40 faciliterait
2619 3378 47 38 la
2699 3377 207 40 création
2940 3379 27 37 à
2996 3378 177 52 TOuest
3206 3379 111 41 d'un

1896 3432 195 51 barrage
2094 3428 118 64 anti
2228 3433 251 40 bolchevik
2504 3435 113 38 dont
2644 3436 46 39 la
2716 3437 179 38 France
2921 3440 44 36 et
2989 3438 43 39 le
3057 3428 156 64 Reich,
3225 3428 86 64 ca-

1895 3491 174 39 mouflè
2093 3502 58 28 en
2182 3484 297 54 democratie,
2511 3495 202 39 seraient
2743 3496 67 38 les
2840 3495 172 51 piliers.
3045 3495 118 40 D'ou
3187 3498 125 39 vien-

1894 3547 109 42 nent
2029 3562 75 26 ces
2128 3551 189 40 bruits?
2348 3550 298 55 Qu'importe,
2679 3566 75 26 ces
2785 3555 247 39 messieurs
3063 3554 250 53 sarrange-

1893 3611 105 38 ront
2015 3607 119 52 pour
2158 3609 100 39 leur
2278 3610 179 39 donner
2477 3613 299 38 consistance.
2802 3612 63 39 IIs
2890 3615 237 38 saisissent
3151 3613 162 41 Vocca-

1878 3668 117 39 sion
2026 3667 59 39 de
2115 3679 146 28 nouer
2292 3680 89 27 une
2411 3670 215 39 nouvellte
2650 3671 208 50 intrigue.
2886 3671 72 47 Et,
2983 3675 99 37 tout
3106 3674 207 46 aussitõt,

1893 3726 56 44 ils
1980 3724 298 43 s'abouchent
2303 3739 112 27 avec
2441 3727 83 40 des
2554 3729 384 46 intermédiaires,
2970 3733 235 49 recoivent
3230 3732 83 40 des

1891 3784 233 39 visiteurs.
2153 3784 66 39 De
2243 3786 80 50 qui
2343 3797 75 27 ces
2438 3787 155 38 missi
2613 3786 247 41 dominiciu
2879 3790 284 39 tiennent-
3100 3780 75 69 ils
3187 3791 135 54 leurs

1892 3842 255 39 mandats?
2172 3843 63 46 Ils
2248 3843 284 46 verifieront
2556 3846 124 51 leurs
2705 3848 219 50 pouvoirs
2951 3861 61 25 un
3038 3853 132 35 autre
3195 3849 115 51 jour.

1893 3901 67 39 La
1985 3900 180 39 France
2189 3901 222 40 souffrira
2437 3903 59 39 de
2521 3916 75 27 ces
2621 3906 428 52 maquignonnages.
3083 3907 87 40 Ces
3194 3921 116 37 mes-

1881 3960 159 39 sieurs
2070 3964 195 46 pensent
2295 3964 179 37 surtout
2504 3962 28 38 à
2563 3975 88 26 eux
2682 3966 45 37 et
2757 3976 50 27 se
2837 3965 282 49 persuadent
3149 3979 90 38 que
3270 3968 40 50 si

1880 4021 131 38 cette
2047 4019 320 39 merveilleuse
2403 4020 192 40 histoire
2631 4021 263 41 réussissait
2935 4024 57 38 ils
3034 4036 57 26 ne
3133 4026 175 49 risque-

1891 4079 150 38 raient
2065 4078 103 50 plus
2193 4078 67 38 les
2285 4080 198 37 conseils
2507 4080 59 38 de
2590 4086 162 45 guerre
2771 4081 59 38 de
2854 4082 46 38 la
2919 4082 178 40 France
3120 4084 188 49 libeérée,

1890 4138 45 38 et
1969 4136 149 39 mème
2151 4137 349 50 pourraientils
2531 4151 168 27 encore
2729 4139 131 51 jouer
2892 4155 60 24 un
2986 4141 98 40 rõle
3119 4142 114 40 dans
3264 4145 44 38 le

2535 4254 124 54 *

1977 4341 70 40 Ne
2080 4354 201 39 prenons
2315 4354 84 39 pas
2434 4354 76 27 ces
2544 4343 273 40 billevesées
2836 4357 73 27 au
2940 4339 223 58 tragique,
3194 4347 112 39 elles

1889 4401 229 39 serviront
2142 4401 255 40 seulement
2415 4402 27 38 à
2461 4403 172 49 grossir
2658 4402 43 39 le
2727 4403 180 40 dossier
2932 4405 59 39 de
3015 4406 45 38 la
3084 4405 220 40 trahison.

1888 4457 114 41 Ise
2026 4462 110 48 peut
2161 4472 91 38 que
2276 4460 43 39 le
2344 4461 205 48 docteur
2557 4453 216 65 Gœbbels
2774 4463 91 50 ait
2875 4453 164 65 trouve
3060 4465 154 49 parmi
3236 4464 69 38 les

1887 4517 108 39 hors
2014 4518 46 38 la
2078 4517 63 39 loi
2160 4518 373 44 internationaux
2552 4516 97 42 des
2653 4512 290 63 Américains
2962 4520 112 51 quil
3092 4522 210 49 emploie,

1887 4587 177 28 comme
2088 4576 34 38 il
2140 4577 297 39 embauchait
2454 4590 63 26 un
2536 4578 266 40 Ferdonnet
2821 4591 59 26 ou
2898 4592 62 24 un
2979 4578 119 39 John
3116 4580 220 50 Amery.

1887 4633 112 41 Cela
2017 4647 58 27 ne
2093 4635 215 53 prẽsente
2327 4648 179 27 aucune
2524 4637 302 50 importance.
2853 4636 68 39 La
2937 4642 163 45 guerre
3118 4649 57 26 ne
3194 4639 110 47 peut

1885 4705 51 27 se
1961 4694 216 39 conclure
2201 4706 90 39 que
2315 4695 195 50 parila
2528 4695 308 52 copitulation
2856 4707 114 26 sans
2988 4694 238 40 condition
3246 4695 57 39 de

1886 4751 360 52 lAllemagne“,
2279 4753 46 39 la
2354 4752 199 41 formule
2582 4756 69 37 est
2681 4753 64 38 du
2774 4751 238 51 président
3043 4752 258 49 Roosevelt,

1885 4822 84 28 son
1978 4805 183 66 peuple
2185 4823 58 27 ne
2267 4812 46 38 la
2338 4812 260 39 dementira
2621 4823 97 39 pas.
2745 4809 109 40 LU.
2867 4809 51 39 R.
2931 4809 43 40 S.
2991 4809 43 40 S.
3060 4814 46 45 et
3129 4812 67 39 les
3221 4826 79 41 na-

1882 4869 122 40 tions
2028 4870 130 39 unies
2183 4869 342 52 naccepteront
2548 4882 85 38 pas
2657 4868 181 40 d'autre
2862 4869 212 41 solution.

1974 4926 323 53 LAngleterre
2328 4929 89 39 sait
2441 4939 90 39 que
2561 4928 46 38 la
2631 4926 200 49 Manche
2855 4940 58 26 ne
2942 4926 156 42 Pisole
3113 4930 104 51 plus
3242 4930 58 39 de

1876 4976 240 61 EFurope
2149 4986 104 55 Elle
2283 4988 237 43 surmonte
2550 4986 43 39 le
2619 4986 174 52 danger
2817 4988 165 38 mortel
3006 4989 81 49 qui
3116 4988 61 39 i'a
3207 5001 92 26 me-

1883 5044 148 39 nacẽe
2062 5044 136 51 grace
2234 5045 26 37 à
2299 5057 84 27 son
2418 5044 318 51 indomptable
2770 5045 200 40 ténacité
3003 5058 108 27 sans
3147 5047 152 46 doute,

1882 5103 117 38 mais
2023 5103 126 38 aussi
2179 5113 142 40 parce
2345 5115 92 39 que
2466 5102 69 41 les
2559 5104 154 39 usines
2739 5104 84 39 des
2848 5105 53 40 U.
2924 5104 43 39 S.
2987 5104 53 39 A.
3067 5107 45 36 et
3136 5104 66 38 les
3227 5117 72 26 ar-

1882 5158 130 43 mẽes
2025 5173 156 27 russes
2203 5163 104 37 sont
2324 5173 173 28 venues
2516 5162 26 38 à
2563 5174 83 28 son
2665 5175 201 27 secours.
2892 5162 105 39 Elle
3021 5175 58 27 ne
3103 5166 196 46 permet-

1881 5221 72 44 tra
1977 5231 85 39 pas
2081 5219 33 38 à
2139 5218 300 54 lAllemagne
2458 5221 60 39 de
2542 5221 46 39 la
2612 5224 165 45 mettre
2802 5222 27 38 à
2848 5232 212 28 nouveau
3081 5232 60 27 en
3165 5221 132 51 peril.

1881 5277 60 40 Et
1971 5277 46 40 la
2049 5271 175 47 Russie
2243 5279 81 50 qui
2355 5292 29 26 à
2414 5279 143 40 brulẽ
2580 5292 52 28 sa
2661 5283 138 40 terre.
2823 5280 174 39 detruit
3027 5292 72 26 ses
3130 5281 167 46 usines,

1880 5335 200 41 couchẽs
2113 5349 107 27 sous
2254 5349 92 27 une
2378 5336 122 42 forèt
2534 5338 59 39 de
2630 5339 127 39 croix
2793 5338 59 39 de
2857 5331 131 63 bois
3003 5351 90 27 ses
3124 5340 174 42 soldats

1879 5391 317 55 magnifiques.
2230 5397 117 39 croit
2364 5409 67 27 on
2463 5395 168 53 qu'elle
2661 5397 176 40 veuille
2863 5397 163 40 laisser
3059 5411 73 27 au
3153 5399 145 42 Reich

1878 5455 44 39 le
1954 5456 150 48 temps
2137 5454 60 40 de
2233 5454 195 42 souffler
2462 5468 120 39 pour
2614 5455 112 52 qu'il
2757 5457 158 50 puisse
2947 5457 227 52 préparer
3207 5472 91 27 une

1877 5513 214 40 nouvelle
2104 5514 279 52 agression?

1967 5571 154 42 Hitler
2146 5586 28 27 a
2197 5574 141 52 voulu
2362 5586 91 27 une
2477 5574 115 40 lutte
2616 5574 28 38 à
2675 5575 134 45 mort,
2839 5574 64 39 lui
2928 5577 45 38 et
2997 5588 52 27 sa
3074 5571 151 56 clique
3249 5577 44 37 la

1878 5631 209 41 subiront
2105 5635 45 37 et
2170 5645 52 27 ce
2240 5645 59 28 ne
2318 5633 104 40 sont
2439 5628 86 56 pas
2545 5632 97 40 iles
2663 5632 221 40 malins“
2896 5633 59 40 de
2973 5636 103 38 tous
3094 5635 67 38 les
3179 5644 115 40 pays

1877 5690 64 40 du
1951 5678 179 70 monde
2146 5683 92 60 qui
2264 5705 58 27 en
2346 5689 218 55 essayant
2588 5691 59 40 de
2672 5704 49 27 se
2746 5704 168 28 sauver
2940 5694 67 38 les
3034 5692 259 40 sauveront.

2665 5785 198 53 Jacques
2887 5773 354 52 VINTRAS.
