2686 4432
168 179 34 4 —
225 162 41 36 Jn
306 161 183 34 ULopenhagen
530 161 46 34 hat
623 160 40 27 ein
712 159 165 35 lutheriſcher

113 202 185 28 Weltkonvent
318 202 98 32 getagt,
438 207 33 19 an
494 199 58 27 dem
575 196 143 36 Delegierte
748 206 52 19 aus
831 196 45 33 faſt

109 239 148 34 ſämtlichen
279 237 119 28 Ländern
421 237 42 27 der
484 235 70 29 Erde
570 236 169 36 teilnahmen.

168 308 31 3 —
222 290 136 36 Zwiſchen
381 290 193 34 Griechenland
614 290 52 28 und
689 287 186 36 Räterußland

109 331 27 27 iſt
157 331 40 26 ein
219 337 78 20 neuer
318 328 229 37 Handelsvertrag
584 327 186 36 abgeſchloſſen
807 333 68 20 wor—

108 369 56 34 den,
186 368 43 27 der
251 376 24 20 u.
306 376 24 18 a.
372 367 101 34 gewiſſe
496 366 174 35 Sicherheüten
712 373 80 26 gegen,
835 363 40 27 die

95 387 229 57 boiſchewiſliſche
342 404 144 35 Agitation
508 406 25 27 in
549 403 192 35 Griechenland
763 401 111 34 enthält.

164 475 27 4 —
190 458 73 35 Jn
285 458 114 35 Angora
421 458 46 34 ſoll
488 459 54 27 eine
565 456 208 34 Verſchwörung,
815 455 59 33 auf⸗

107 497 93 35 gedeckt
222 497 105 28 worden
348 497 62 35 ſein,
432 497 38 27 die
493 496 43 33 ſich
557 503 79 26 gegen
660 494 46 26 den
737 492 135 35 türkiſchen

108 534 122 29 Diktator
252 535 99 28 Kemal
372 520 102 49 Baſchä
496 534 109 33 richtete.

164 605 31 3 —
211 588 86 29 Ueber
307 591 54 24 200
373 587 127 34 ſpauiſche
513 585 126 35 Offiziere
654 585 52 31 ſind
716 594 89 25 wegen
823 584 51 28 Be—

107 628 128 34 teiligung
257 636 33 18 au
312 627 58 27 dem
387 625 105 34 kürzlich
511 624 187 34 ſtattgehabten
712 623 97 35 Putſch
822 632 52 19 aus

107 667 43 27 der
171 664 98 29 Armee
290 663 123 33 entlaſſen
436 662 115 29 worden.

164 734 26 3 —
190 716 79 29 Die
293 716 184 35 Beziehungen
500 716 120 35 zwiſchen
640 715 167 34 Südſlawien
822 714 51 27 und

105 756 149 35 Vulgarien
277 756 84 35 haben
385 755 43 34 ſich
452 754 99 35 infolge
582 754 80 35 zahlr.
700 753 174 35 bulgariſcher

106 793 244 33 Demouſtrationen
363 801 79 26 gegen
454 793 45 27 den
513 792 196 35 Nachbarſtaat
724 792 149 33 verſchärft.

160 863 37 3 —
220 845 60 29 Das
303 846 85 28 Urteil
409 854 80 26 gegen
512 846 46 27 den
591 846 163 35 ehemaligen
787 844 86 34 polui⸗

102 886 70 34 ſchen
195 884 217 37 Finanzminiſter
434 882 171 37 Ezechowicz,
627 883 106 35 welcher
762 883 43 27 der
824 881 50 29 Ei⸗

103 922 215 36 genmächtigkeit
339 923 51 27 und
421 922 160 35 mehrfacher
610 921 264 35 Budgetüberſchrei—

102 965 97 31 fungen
233 960 137 35 aſgeklagt
407 969 65 24 war,
496 961 27 31 iſt
565 960 42 28 bis
647 968 45 27 zur
713 958 158 36 Einholung

101 1000 72 27 eines
195 999 168 34 Gutachtens
385 999 45 27 des
453 998 91 35 Sejms
566 1001 105 32 vertagt
693 998 116 28 worden.

160 1068 32 3 —
216 1051 60 29 Das
309 1052 159 34 eſtländiſche
492 1051 245 32 Miniſterkabinett
778 1050 27 33 iſt
846 1050 25 27 in

102 1091 97 28 vollem
222 1089 128 35 Beſtande
371 1089 212 36 zurückgetreten.

158 1160 36 3 —
215 1143 56 28 Am
294 1142 133 36 Dienstag
449 1144 46 34 hat
524 1142 43 28 der
608 1151 62 18 neue

101 1182 122 34 Landtag
244 1182 66 34 ſeine
333 1182 58 31 erſte
414 1181 106 35 Sitzung
542 1180 167 35 abgehalten.

159 1251 33 3 —
215 1234 62 28 Aus
300 1235 56 26 dem
379 1233 89 28 Süden
492 1232 203 36 Räterußlands
720 1231 90 35 kehren
843 1231 25 27 in

102 1273 110 34 nächſter
233 1272 62 35 Seit
315 1272 114 35 mehrere
453 1272 111 34 hundert
595 1269 173 36 ſchwediſcher
786 1269 84 28 Kolo⸗

100 1311 88 34 niſten,
210 1311 74 26 deren
308 1310 232 34 Wirtſchaftslage
580 1309 147 33 unhaltbar,
766 1316 103 26 gewor—

99 1349 47 27 den
169 1349 36 34 iſt,
235 1349 25 26 in
297 1348 41 35 ihr
360 1347 174 28 Mutterland
574 1346 94 35 zurück.
728 1344 43 29 Es
814 1345 53 33 ſind

100 1385 197 36 Nachkommen
320 1395 51 19 von
394 1385 149 35 Schweden,
573 1385 39 27 die
648 1384 44 34 ſich
733 1392 49 19 vor
822 1383 46 33 faſt

98 1427 55 24 500
174 1424 107 35 Jahren
304 1425 26 27 in
351 1423 129 36 Rußland
503 1423 155 35 angeſiedelt
680 1423 96 34 haben.

155 1494 26 3 —
181 1476 105 36 Nach
323 1477 171 35 dreijähriger
516 1476 212 35 Unterbrechung
771 1475 27 33 iſt
841 1475 25 27 in

98 1517 70 27 einer
189 1515 82 35 Reihe
304 1516 195 34 mexikaniſcher
522 1515 109 34 Kirchen
672 1518 75 24 unter
788 1522 79 25 unge—

98 1554 106 35 heurem
227 1554 133 35 Andrans
390 1554 43 27 der
455 1553 186 35 Bevölkerung
680 1553 94 27 wieder
797 1551 71 29 Got⸗

97 1592 120 32 tesdienſt
239 1592 158 35 abgehalten
421 1592 114 28 worden.

710 1140 160 35 eſtländiſche

373 1713 217 74 Jnland.

152 1813 66 36 Der
239 1812 114 45 geſuch
390 1813 59 29 des
492 1810 219 37 ſchwediichen
732 1809 133 37 Känigs

96 1852 35 29 in
145 1850 90 37 Rigg
257 1852 27 31 iſt
306 1852 26 27 in
353 1851 68 35 jeder
438 1850 112 36 Hinſicht
571 1850 125 34 glänzend
718 1849 146 32 verlaufen.

97 1888 52 29 Der
171 1889 91 35 Koönig
284 1890 52 33 traf
358 1897 44 20 am
424 1888 163 29 Sounabend
609 1888 73 35 früh,
714 1888 50 26 mit,
805 1887 57 26 dem

95 1927 78 35 Zuge
194 1936 52 19 aus
269 1926 86 29 Beval
384 1927 147 34 kommend,
572 1927 26 26 in
639 1926 101 34 unſerer
762 1924 103 36 Haupt—

96 1966 63 32 ftadt
180 1966 40 26 ein
243 1966 51 27 und
316 1966 99 34 verließ
436 1966 29 32 ſie
487 1974 44 18 am
552 1964 123 34 Sonntag
697 1963 86 27 abend
814 1963 49 27 mit

96 2004 56 27 dem
173 2003 121 35 Kreuzer
313 2003 153 35 „Sverige“.
517 2001 49 29 Die
589 2002 78 28 Stadt
689 2010 58 19 war
773 2001 90 34 feſtlich

94 2042 46 27 mit
161 2042 191 33 lettläudiſchen
384 2041 52 27 und
473 2041 177 34 ſchwediſchen
672 2039 107 37 Fahnen
822 2047 42 25 ge—

94 2079 137 35 ſchmückt;
263 2080 109 34 überall,
413 2088 42 19 wo
496 2080 43 32 ſich
581 2080 42 25 der
644 2078 91 34 Konig
776 2077 86 35 zeigte,

94 2118 88 27 wurde
204 2127 26 18 er
267 2125 52 20 von
361 2115 229 37 unüberſehbaren
614 2115 245 35 Menſchenmaſſen

93 2156 49 27 mit
164 2156 162 34 begeiſterten
349 2155 144 35 Hochrufen
532 2155 121 34 begrützt.
706 2153 155 36 Herrliches,

92 2193 84 28 klares
200 2194 217 27 ZSommerwetter
449 2194 158 34 begünſtigte
642 2193 49 27 alle
712 2191 150 37 Feſtveran—

93 2232 147 34 ſtaltungen
262 2232 43 27 der
327 2232 88 27 beiden
439 2230 85 36 Tage,
555 2232 38 26 die
628 2231 67 27 allen
716 2229 145 35 Rigenſern

93 2270 53 27 und
168 2270 72 34 wohl
262 2270 62 34 auch
346 2270 55 27 dem
425 2270 84 34 hohen
532 2269 67 30 Gaſt
621 2269 60 34 noch
719 2269 78 33 lange
835 2268 26 26 in

91 2308 112 34 ſchöner,
226 2308 168 34 freundlicher
414 2307 172 33 Erinnerung
616 2307 102 26 bleiben
750 2305 110 28 werden.

147 2367 46 29 25
215 2366 106 37 Jahre
343 2368 44 29 im
409 2367 200 36 chuldieuſt
638 2367 58 28 der
717 2365 144 36 Geimat.

91 2405 55 28 Am
172 2409 20 31 1.
215 2405 63 35 Zuli
300 2405 84 28 blickte
405 2406 43 27 der
469 2405 112 34 deutſche
604 2404 195 34 Bildungschef
834 2403 26 27 in

91 2443 129 35 Cettland,
244 2443 204 35 Wolfgang
473 2442 263 36 Wachtsmuth,
759 2442 47 33 auf
825 2443 35 24 25

92 2482 89 34 Jahre
211 2482 202 34 pädagogiſcher
443 2482 50 27 und
525 2480 214 36 ſchulpolitiſcher
761 2479 97 34 Tätig—

91 2520 47 28 keit
158 2520 96 35 zurück.
296 2519 65 36 Herr
384 2519 200 36 Wachtsmuth,
606 2520 42 27 der
680 2519 44 33 ſeit
745 2519 58 26 dem
840 2521 19 30 .

91 2557 112 35 Januar
225 2559 23 27 d.
273 2557 32 35 J.
328 2567 33 18 an
383 2558 43 27 der
448 2558 83 34 Spitze
560 2558 46 27 des
648 2556 129 34 deutſchen
800 2555 60 28 Bil—

91 2597 190 34 dungsweſens
303 2597 26 27 in
351 2596 120 28 Lettland
493 2596 71 35 ſteht,
594 2596 70 27 weilt
694 2603 19 25 z.
735 2594 46 34 Gt.
813 2594 47 33 auf

91 2690 21 24 te
146 2687 94 33 Stadt,
263 2686 48 28 das
349 2685 48 28 alte
420 2685 144 34 Städtchen
587 2684 105 37 Gorges
723 2685 32 27 du
777 2684 82 34 Loup,

91 2731 50 22 von
164 2725 120 32 Griechen
306 2724 59 33 einſt
386 2724 41 27 als
450 2723 110 28 Kolonie
581 2723 139 36 gegruͤndet
744 2745 5 4 .
772 2745 4 3 .
800 2744 4 4 .
828 2723 31 26 da

90 2763 53 32 ſind
165 2763 48 27 wir
243 2762 58 33 auch
325 2762 71 27 oben.
439 2761 230 36 Maultierwagen,
692 2760 46 28 mit
757 2760 99 32 duften—

90 2801 46 28 den
158 2800 143 29 Gewinden
330 2799 148 37 geſchmückt,
521 2799 126 36 begegnen
670 2802 60 24 uns.
772 2797 87 29 Wein—

88 2839 59 36 ſelig
170 2839 38 28 die
229 2838 137 35 Jnſaſſen!

145 2877 55 28 Der
222 2875 155 37 Marktplatz
399 2881 50 23 von
471 2874 131 29 Gourdon
624 2875 27 34 iſt
673 2874 93 36 winzig
788 2874 69 33 klein,

88 2915 59 34 nach
170 2915 54 28 dem
246 2914 127 36 Abgrund
410 2920 51 22 von
493 2913 159 36 ſchützendem
674 2912 184 36 Felsgemäuer

88 2953 130 36 umgeben.
261 2952 130 36 Mühſelig
416 2952 28 34 iſt
474 2952 38 27 ein
534 2950 169 37 Zickzackpfad
745 2952 26 26 in
812 2950 45 28 den

88 2991 62 36 Fels
172 2992 130 36 gehanen:
325 2990 78 36 „Weg
427 2990 43 27 des
493 2989 196 35 Paradieſes“.,
721 2988 63 34 Alſo
810 2989 47 27 wir

88 3031 84 27 kamen
205 3029 37 28 die
265 3028 76 28 breite
361 3028 102 35 Skraße
486 3050 61 5 ...
590 3022 131 52 Monſieur
747 3026 111 28 l'Abbee

87 3069 48 34 ſitzt
156 3070 73 25 unter
260 3067 53 28 dem
353 3067 101 27 uralten
476 3065 177 29 Olivenbaum
675 3065 33 28 im
723 3064 134 33 Schatten,

88 3106 38 28 die
147 3105 76 28 Alten
247 3105 43 28 des
311 3104 113 36 Fleckens
446 3113 43 19 um
519 3104 53 34 ſich.
612 3104 52 27 Die
686 3103 99 28 Kinder
807 3102 51 36 küſ—

87 3144 41 34 ſen
150 3144 52 36 ihm
243 3143 133 36 andächtig
419 3142 37 28 die.
487 3142 87 35 Hand.
616 3141 129 28 Gourdon,
788 3141 70 27 kennt

88 3183 59 30 noch
177 3181 50 29 kein
268 3180 71 34 Gas,
366 3180 62 28 keine
436 3175 178 52 Elektrizitäͤt,
643 3180 49 27 kein
714 3179 143 35 Telephon,

86 3224 27 24 es
136 3220 59 36 liegt
216 3221 142 26 verträumt
394 3219 47 28 wie
462 3219 45 33 auf
546 3218 67 28 einer
642 3217 119 35 Vorftufe
802 3226 55 27 zum

87 3258 127 36 Himnſel!
255 3257 45 28 Da
322 3259 56 26 tönt
399 3257 49 28 mir
476 3256 109 36 Plötzlich.
629 3255 160 44 „Valenzia
832 3256 25 27 .in

88 3296 38 28 die
147 3296 91 36 Ohren
260 3312 36 4 —
317 3295 200 35 Grammophon
540 3312 32 2 —
597 3275 36 59 die
652 3295 93 35 jungen
775 3293 83 28 Mäd⸗

87 3335 70 33 chen!
199 3334 60 28 Nur
280 3334 59 34 fort,
361 3334 40 35 ehe
423 3333 37 29 die
481 3342 79 28 ganze
581 3332 140 29 Romantik
738 3332 120 34 vielleicht

87 3369 100 43 zerſtört
233 3334 59 66 ei

143 3410 57 28 Wir
231 3410 88 34 fahren
343 3410 83 27 weiter
463 3410 59 33 nach
545 3409 101 35 Graſſe.
689 3408 61 36 Hier
792 3409 64 27 kann

85 3457 61 20 man
169 3448 37 28 die
248 3448 86 35 heißen
356 3447 106 33 Wochen
504 3447 161 36 verbringen.
706 3447 41 31 Jn
769 3446 87 35 Felſen

87 3487 113 36 gehauen
240 3487 77 34 ſtehen
341 3486 37 27 die
400 3485 99 36 Häuſer
530 3486 42 34 feſt
604 3485 252 35 aneinandergefügt.

87 3525 49 28 Am
157 3524 127 36 Sonntag
307 3523 110 35 waſchen
440 3524 37 28 die
498 3523 103 35 Frauen
625 3524 25 27 in
672 3523 42 28 der
745 3523 112 36 öffentli—

86 3564 54 32 chen
163 3563 147 35 Felshöhle,
334 3562 37 28 die
391 3571 59 19 man
464 3562 46 28 mit
536 3561 157 37 Waſchhaus
714 3561 142 36 bezeichnet.

86 3601 92 35 Graſſe
200 3601 28 33 iſt
250 3601 37 28 die
308 3600 85 28 Stadt
430 3600 41 28 der
501 3599 121 29 Blumen.
657 3599 109 36 Flieder,
790 3600 66 32 Klee,

85 3639 158 35 Tuberoſen,
266 3638 125 34 Veilchen,
414 3639 65 28 alles
502 3639 88 33 duftet,
613 3638 72 36 blüht
713 3647 30 26 zu
780 3637 78 36 ſeiner

85 3677 59 36 Zeit
166 3677 51 29 und
239 3678 84 32 erfüllt
347 3677 36 28 die
405 3676 95 33 Nächte
521 3677 46 28 mit
594 3678 72 26 kaum
697 3676 161 36 erträglicher

85 3715 131 33 Schwüle.
257 3715 50 28 Die
329 3715 96 35 großen
447 3715 274 35 Parfümfabrikanten
744 3714 113 37 beziehen

86 3760 50 21 von
159 3753 53 35 hier
233 3753 38 28 die
293 3753 86 35 Eſfenz
409 3757 49 24 aus
500 3753 46 28 den
578 3753 135 36 gepreßten
736 3752 120 32 Blimen,

86 3792 38 27 die
145 3800 61 20 man
237 3791 26 28 in
285 3790 179 35 Schweinefett
508 3793 58 34 legt,“
608 3791 49 28 das
697 3791 71 36 ihren
790 3791 67 33 Duft

85 3830 145 34 aufnimmt.
271 3830 117 35 Traurig
387 3824 112 46 ſtimmt
514 3833 26 24 es
557 3830 71 35 jeden
643 3828 213 35 Blumenfreund,

85 3869 60 35 ſieht
182 3877 60 19 man
285 3868 37 27 die
344 3866 171 37 Lagerräume
555 3868 46 28 mit
623 3867 142 29 Millionen
807 3874 50 21 von

85 3906 143 34 ſterbenden
251 3905 128 36 Blumen;
410 3905 68 34 heute
509 3906 59 33 noch
610 3912 51 23 von
698 3906 159 35 gebräunten

85 3944 129 35 Mädchen
236 3953 29 27 zu
288 3944 103 35 rieſigen
413 3943 184 29 Blütenballen
627 3944 230 37 zuſammengetra—

84 3992 57 27 gen,
162 3983 55 34 ſind
239 3984 31 32 ſie
290 3991 105 27 morgen
428 3981 70 35 ſchon
539 3983 67 33 welk,
649 3983 115 28 bräunen
804 3982 53 34 ſich,

84 4021 125 35 verweſen
233 4044 4 4 .
263 4044 4 4 .
269 4017 23 43 .

142 4059 69 28 Man
234 4060 64 28 kann
321 4059 26 28 in
370 4058 92 35 Graſſe
484 4058 173 29 wundervolle
678 4058 107 34 Wochen
803 4065 54 22 ver⸗—

84 4097 79 29 leben.
186 4098 39 27 Es
248 4099 27 33 iſt
297 4097 63 33 nicht
382 4100 76 30 teuer,
481 4096 66 28 wird
570 4097 70 28 kaum
666 4104 50 21 von
739 4097 118 28 Auslän⸗

84 4136 62 28 dern
168 4136 151 36 aufgeſucht,
343 4136 51 27 und
417 4135 37 27 die
476 4134 161 33 abendlichen
659 4135 96 37 Gänge
784 4135 72 33 durch

83 4175 39 28 die
144 4175 149 35 wogenden,
316 4174 134 34 duftenden
474 4172 192 34 Blumeufelder
697 4175 63 26 kann
797 4183 60 19 man

83 4213 111 28 niemals
224 4212 133 37 vergeſſen.
400 4211 55 29 Mit
487 4212 67 28 einer
582 4211 123 36 winzigen
728 4211 129 37 Gebirgs—

83 4252 69 35 bahn
174 4251 100 33 erreichf
315 4259 60 20 man
407 4250 83 36 Nizza
533 4250 110 33 bequem,
685 4256 72 22 wenn
797 4259 59 19 man

83 4291 70 28 dann
174 4289 54 28 und
251 4296 76 21 wann
350 4289 94 28 einmal
466 4289 25 28 in
515 4288 38 28 die
576 4288 78 37 große
677 4287 65 28 Welt
765 4288 92 36 hinun—

82 4333 37 26 ter
140 4328 103 35 möchte.

948 155 107 29 Urlaub
1077 157 25 27 in
1126 154 181 36 Deutſchland.
1362 154 41 36 Jn
1423 154 195 34 Anerkennung
1639 153 81 35 ſeiner

949 194 147 32 Verdienſte
1119 202 44 19 um
1186 194 39 27 die
1247 193 111 35 deutſche
1380 193 92 34 Schule
1496 193 46 34 hat
1564 192 38 27 die
1634 192 88 34 philo⸗

947 232 129 35 ſophiſche
1097 231 124 37 Fakultät
1243 232 43 28 der
1308 232 162 32 Univerſttät
1493 229 82 29 Boun
1597 229 47 28 den
1667 228 55 36 Zu⸗

947 271 71 27 bilar
1040 279 59 26 zum
1121 269 185 35 Ehrendoktor
1327 272 122 26 ernannt.

1003 330 324 38 Miedererrichtung
1380 332 60 29 des
1481 328 239 37 Landeswehr⸗

946 369 189 30 dentmals.
1176 368 69 30 Eine
1267 379 45 19 am
1333 369 107 37 Freitas
1463 370 43 26 der
1535 375 183 27 vergangenen

948 407 96 35 Woche
1067 409 25 27 in
1115 406 73 36 Riga
1210 408 169 35 ſtattgehabte
1402 406 240 35 auͤßerordentliche
1665 404 54 29 Ge⸗

946 447 278 34 neralverſammung
1266 448 45 26 des
1343 446 148 33 Baltiſchen
1523 443 195 35 Landeswehr⸗

945 485 105 27 vereins
1080 485 47 35 hat
1167 486 49 26 mit
1257 484 212 34 überwiegender
1493 482 142 36 Mehrheit
1677 482 42 27 be⸗

945 523 128 35 ſchloſſen,
1096 523 181 34 unverzüglich
1307 523 38 27 die
1368 521 176 28 Horarbeiten
1576 530 44 25 zur
1643 520 75 28 Wie⸗

946 562 190 33 dererrichtung
1178 562 45 26 des
1264 562 168 33 geſprengten
1464 558 254 35 Landeswehr⸗-Ge⸗

946 599 139 33 denkſteins
1108 600 48 33 auf
1186 599 57 27 dem
1269 598 199 35 Waldfriedhof
1498 598 25 26 in
1547 596 111 36 Angriff
1688 605 29 26 zu

945 638 123 35 nehmen.

1001 698 60 36 Die
1083 697 329 36 Volkasabſtimmung
1434 702 100 29 gegen
1561 695 52 29 die
1634 694 82 35 gau⸗

945 737 37 29 de
987 737 122 35 siehr.
1161 735 52 29 Der
1235 735 146 29 Nationale
1404 733 127 28 Verband
1562 733 154 35 eutlaſſener

944 774 112 35 Krieger
1078 775 45 35 hat
1145 774 102 35 erklärt,
1270 775 52 34 daß
1343 782 25 18 er
1389 773 38 27 die
1446 771 269 34 Volksabſtimmung

944 813 65 27 über
1049 813 47 27 den
1119 793 216 59 Gefezesdureg,
1386 811 43 27 der
1469 810 38 27 die
1548 809 166 35 ehemaligen

944 851 249 35 Landeswehrleute
1234 859 51 19 von
1327 852 41 25 der
1400 848 209 34 Landzuteilung,
1650 855 65 20 aus—

944 889 123 35 ſchließen
1090 890 64 34 will,
1177 889 65 31 nicht
1272 888 145 32 mitmacht.
1456 902 34 3 —
1533 884 51 29 Der
1606 885 108 34 Antrag

944 928 27 32 iſt
993 928 97 27 bereits
1120 928 58 26 dem
1200 924 326 37 Heutral-Wahlkomitee
1562 924 152 35 eiugereicht

944 965 124 33 worden;
1091 965 38 27 die
1151 964 144 35 Agitation
1324 972 44 27 zur
1389 961 163 36 Erreichung
1590 963 43 27 der
1674 970 38 21 La.

948 1006 58 30 110.
1018 1005 56 24 000
1095 1002 201 35 Unterſchriften
1327 1001 83 33 dürfte
1452 1001 25 27 in
1520 1000 110 35 nächſter
1652 1000 62 35 Heit

943 1042 137 33 beginnen.
1103 1057 35 3 —
1160 1040 40 35 Jn
1224 1041 42 27 der
1284 1040 69 36 Betze
1374 1048 80 25 gegen
1475 1039 39 27 die
1532 1038 181 35 Laudeswehr
1735 1053 6 3 —

942 1082 39 25 tuf
1018 1080 44 33 ſich
1103 1088 65 25 ganz
1210 1079 139 33 beſonders
1391 1078 38 26 die
1460 1076 252 35 Sozialdemokratie

942 1117 104 35 hervor.
1107 1116 51 29 Ob
1180 1116 38 28 die
1240 1116 139 34 neuerliche
1420 1115 292 34 ultra⸗chauviniſtiſche

943 1154 92 29 Taktik
1056 1156 42 27 der
1120 1154 98 37 herren
1241 1164 51 18 von
1316 1154 67 28 links
1412 1154 47 27 mit
1487 1153 75 28 deren
1593 1153 121 34 angebli⸗—

942 1193 68 33 chem
1023 1192 112 29 Streben
1156 1193 62 34 nach
1238 1192 266 34 Völkerverſöhnung
1527 1192 51 27 und
1600 1192 111 33 ewigem

940 1230 108 37 Frieden
1079 1231 263 35 zuſammenſtimmt,
1373 1230 91 34 ſcheint
1506 1230 29 32 ſie
1577 1229 66 34 nicht
1683 1237 29 26 zu

940 1270 144 26 kümmern.
1123 1268 56 29 Es
1201 1270 49 33 gilt
1272 1269 27 35 ja
1323 1277 58 26 nur,
1412 1268 39 27 die
1480 1268 78 27 übleu
1582 1266 129 35 Jnſtinkte

940 1307 42 26 der
1005 1306 92 36 Maſſe
1119 1307 161 34 aufzureizen
1304 1308 51 27 und
1378 1307 43 33 ſich
1445 1305 111 34 dadurch
1578 1306 55 26 eine
1656 1304 55 29 Ge—

939 1345 137 35 folgſchaft
1097 1354 29 26 zu
1148 1346 161 33 gewinnen;
1330 1346 32 26 da
1384 1345 60 33 darf
1474 1352 62 19 man
1568 1344 48 33 auf
1637 1343 75 28 Lon⸗

939 1383 104 35 ſequenz
1066 1384 52 27 und
1140 1383 79 34 Logik
1240 1384 93 34 getroſt
1354 1383 101 27 einmal
1477 1381 148 35 verzichten.

1039 1518 288 76 Goldiuger
1371 1518 235 68 Chronik.

995 1619 134 37 Wieder
1168 1620 125 30 einmal
1333 1620 58 30 der
1426 1619 172 36 Kahnban.
1640 1617 69 30 Eine

939 1657 81 36 Reilſe
1041 1659 210 34 goldingenſcher
1273 1657 231 36 Organifationen
1534 1659 85 32 plant,
1661 1658 47 26 wie

939 1697 48 26 wir
1010 1696 89 35 hören,
1122 1697 72 27 einen
1226 1697 146 34 großzügig
1413 1697 152 34 angelegten
1588 1695 120 35 Agitati⸗

938 1734 163 35 onsfeldzug,
1132 1743 45 18 um
1219 1735 38 27 die
1280 1734 151 35 Regierung
1473 1743 29 26 zu
1534 1734 174 34 veranlaſſen,

937 1772 96 34 endlich
1055 1773 100 27 einmal
1189 1772 57 27 dem
1278 1772 108 35 Projekt
1426 1773 68 27 einer
1517 1772 191 35 Bahnverbin—

936 1810 70 34 dung
1030 1810 42 34 für
1085 1809 155 35 Goldingen
1262 1811 112 32 ernſtlich
1397 1811 82 34 näher
1499 1819 29 25 zu
1542 1813 90 24 treten.
1673 1808 33 29 U.

936 1857 23 18 a.
983 1849 66 26 wird
1092 1847 97 33 darauf
1229 1848 183 34 hingewieſen,
1453 1848 52 34 daß
1546 1848 38 26 die
1626 1856 80 18 neuen

939 1885 183 36 Bahnbauten
1146 1887 25 27 in
1194 1886 113 27 Tivland
1329 1885 194 35 ausſchließlich
1538 1885 42 27 der
1601 1884 106 35 Jnitia⸗

935 1926 52 26 tive
1008 1925 43 27 der
1072 1925 121 34 örtlichen
1217 1924 285 33 Selbſtverwaltungen
1534 1932 29 25 zu
1596 1923 112 27 verdan⸗

934 1962 43 28 ken
999 1963 81 33 ſeien;
1104 1963 95 27 immer
1221 1962 93 28 wieder
1336 1962 88 34 hätten
1448 1961 92 27 Städte
1576 1961 53 27 und
1652 1960 55 29 Ge—

934 2001 118 27 meinden
1078 1999 196 35 Deputationen
1306 2001 62 33 nach
1393 1998 71 36 Riga
1495 1999 128 34 entſandt,
1668 1999 38 27 die

934 2039 46 27 den
1003 2039 197 35 maßgebenden
1223 2038 134 34 Perſonen
1399 2038 140 34 ſchließlich
1580 2037 125 35 geradezu

934 2077 74 34 läſtig
1031 2077 138 34 geworden
1200 2077 82 33 ſeien;
1304 2077 60 33 doch
1404 2077 98 34 ſpreche
1543 2075 43 27 der
1607 2074 97 35 Erfolg

934 2115 42 32 für
999 2115 63 33 diefe
1086 2114 138 36 Methode.
1266 2114 41 35 Ju
1331 2114 164 35 Goldingen,
1517 2114 43 27 der
1591 2114 113 34 einzigen

933 2153 148 31 Kreisſtadt
1103 2153 147 33 Lettlands,
1273 2153 38 27 die
1333 2153 61 34 noch
1416 2152 67 34 nicht
1511 2161 34 18 an
1584 2151 49 27 das
1656 2150 50 29 Ei⸗

933 2191 168 36 ſenbahnnetz
1123 2187 186 53 augeſchloſſen
1332 2192 36 34 iſt,
1392 2191 66 33 habe
1480 2199 63 18 man
1564 2190 44 34 ſich
1646 2190 58 27 bis⸗

934 2230 44 32 her
1001 2230 50 27 viel
1072 2238 29 26 zu
1125 2230 84 33 wenig
1232 2238 44 18 um
1284 2210 84 57 dief⸗
1392 2228 210 34 lebenswichtige
1620 2226 84 38 Frage

933 2267 162 34 gekümmert
1116 2268 51 27 und
1190 2268 44 33 ſich
1257 2267 47 27 mit
1326 2267 53 27 dem
1400 2267 57 33 ſehr
1479 2266 123 33 langſam
1639 2267 65 32 fort—

932 2305 170 33 ſchreitenden
1138 2304 63 28 Bau
1243 2305 42 26 der
1306 2302 130 36 Chauſfee
1459 2304 62 33 nach
1552 2302 151 34 Schrunden

931 2342 130 34 zufrieden
1082 2342 121 34 gegeben.
1226 2340 48 29 Die
1302 2341 183 32 intereſſierten
1508 2339 196 35 Organiſatio—

933 2388 46 19 ſen
1003 2380 94 27 wolleſt
1121 2388 52 19 nun
1196 2380 50 27 mit
1266 2380 67 27 allen
1358 2378 113 29 Mitteln
1509 2379 47 33 auf
1593 2377 38 28 die
1654 2377 50 29 Re—

932 2419 110 33 gierung
1064 2419 51 26 und
1138 2419 46 26 den
1207 2417 121 35 Landtas
1351 2416 137 29 einwirken
1513 2417 51 27 und
1606 2417 97 34 hoffen,

932 2457 25 26 in
980 2457 67 34 nicht
1068 2457 67 33 allzu
1164 2456 84 34 ferner
1269 2455 62 35 Heit
1354 2454 147 36 Erhörung
1537 2463 30 26 zu
1608 2454 94 34 finden.

988 2516 172 36 Anläßlich
1183 2517 59 29 des
1274 2515 220 37 ſchwediſchen
1515 2513 188 38 Künigebe⸗

934 2555 106 35 ſuches
1070 2555 26 27 in
1128 2555 102 33 unſerer
1253 2554 157 35 Bauptſtadt
1441 2555 88 34 hatten
1571 2554 64 34 auch
1676 2555 25 25 in

933 2593 154 33 Goldiugen
1128 2593 39 27 die
1209 2593 102 33 meiſten
1344 2592 99 37 Häuſer
1473 2591 230 37 Flaggenſchmuck

932 2631 130 34 angelegt.

988 2691 119 36 Bport.
1157 2690 174 35 Sonuabend,
1353 2691 24 28 d.
1401 2695 24 24 6.
1447 2690 65 34 Juli
1533 2699 25 18 a.
1599 2698 20 20 c.
1661 2691 41 26 be—

931 2730 95 33 ginnen
1066 2729 38 27 die
1145 2729 179 34 diesjährigen
1346 2728 357 36 Fußball-Meiſterſchafts—

930 2767 86 34 fpiele.
1057 2766 53 34 Jm
1133 2767 78 30 erſten
1230 2766 74 34 Spiel
1326 2766 43 27 der
1390 2766 77 28 erſten
1487 2765 94 28 Kunde
1600 2765 102 34 kämpft

931 2805 72 35 heute
1026 2814 44 18 um
1094 2808 15 24 s
1131 2803 59 37 Uhr
1211 2805 102 27 abends
1344 2805 38 27 die
1406 2799 100 66 Otium
1512 2799 190 66 Mgnnſchaft

929 2851 79 27 gegen
1032 2844 46 26 den
1102 2842 83 29 Gold.
1206 2842 189 37 Fußballklub.
1489 2858 36 3 —
1546 2840 38 29 AH.

986 2904 132 36 Volitik
1129 2905 62 29 mit
1203 2902 254 37 Tätlichkeiten.
1497 2902 61 29 Das
1580 2902 121 29 Austra⸗

929 2952 48 25 gen
1007 2942 145 34 politiſcher
1176 2941 403 36 Meinungsverſchiedenheiten
1622 2942 80 34 pflegt

929 2982 77 27 leider
1029 2981 40 27 bei
1092 2988 52 19 uns
1161 2989 29 25 zu
1212 2979 86 28 Lande
1336 2979 91 35 häufig
1467 2980 26 27 in
1516 2979 114 37 Formen
1672 2989 29 26 zu

929 3019 144 34 geſchehen,
1114 3018 38 27 die
1193 3017 82 28 keiner
1315 3017 95 35 Partei
1440 3016 98 37 Nutzen
1580 3018 121 35 bringen,

926 3058 76 34 wohl
1024 3058 62 26 aber
1108 3057 42 27 der
1171 3056 148 35 politiſchen
1342 3055 75 35 Keife
1439 3057 42 26 der
1514 3056 76 27 dabei
1613 3055 90 29 Betei⸗—

930 3096 79 34 ligten
1042 3096 39 26 ein
1105 3094 228 35 Armutszeugnis
1370 3095 147 29 ausſtellen.
1558 3093 55 29 Ein
1655 3096 45 26 als

930 3132 163 31 Nationaliſt
1116 3132 140 28 bekannter
1277 3133 152 34 Goldinger
1450 3133 27 32 iſt
1499 3133 98 34 neulich
1638 3133 63 35 nach

930 3172 82 27 einem
1036 3170 144 35 Vortrage,
1202 3171 46 26 den
1270 3180 25 18 er
1316 3171 37 27 im
1368 3170 212 34 Blode-Geſinde
1603 3171 99 28 unweit

930 3210 42 27 der
993 3208 86 29 Stadt
1100 3210 121 34 gehalten
1244 3209 78 35 hatte,
1345 3218 53 19 von
1420 3210 62 34 zwei
1513 3209 98 35 jungen
1634 3209 65 28 Leu—

930 3251 40 24 ten
992 3246 147 34 überfallen
1162 3247 51 27 und
1234 3247 27 34 ſo
1282 3248 92 34 ſchwer
1405 3248 152 34 verprügelt
1584 3247 117 35 worden,

930 3286 51 34 daß
1014 3295 25 18 er
1073 3286 44 34 ſich
1157 3286 26 26 in
1224 3286 116 34 ärztliche
1363 3285 182 34 Behandlung
1587 3285 113 34 begeben

929 3325 96 34 mußte.

985 3382 244 38 Analück⸗fall.
1270 3383 51 29 Der
1333 3384 206 36 Polizeibeamte
1550 3384 27 28 C.
1590 3385 25 27 in
1627 3384 74 28 Rau⸗

929 3423 52 35 ken,
1004 3424 42 26 der
1067 3423 85 34 ſeinen
1177 3421 209 32 Dienſtrevolver
1408 3424 153 34 hervorzos,
1578 3432 125 19 verwun⸗

930 3462 53 27 dete
1004 3462 44 34 ſich
1071 3461 122 35 dadurch,
1233 3461 52 35 daß
1326 3463 42 26 der
1391 3461 95 35 Abzug
1526 3470 46 19 am
1594 3461 108 34 Loppel

929 3499 110 36 anhakte
1061 3499 53 28 und
1137 3499 43 34 ſich
1203 3500 39 26 ein
1266 3499 85 36 Schuß
1373 3509 52 18 aus
1457 3500 41 27 der
1539 3499 162 35 entſicherten

931 3538 90 35 Waffe
1042 3538 98 28 entlud.
1183 3536 47 29 Die
1252 3537 86 36 Uugel
1361 3539 84 34 drang
1477 3539 57 26 dem
1557 3537 144 36 Poliziſten

929 3577 26 27 in
977 3577 46 27 den
1047 3575 99 34 Bauch.
1188 3575 27 28 C.
1239 3578 86 26 wurde
1358 3577 62 35 nach
1444 3576 97 29 Mitau
1578 3576 123 35 geſchafft

929 3616 52 26 und
1003 3616 38 26 im
1071 3614 119 34 dortigen
1211 3613 205 36 Uraukenhaufe
1453 3616 69 26 einer
1545 3614 156 35 Operation

929 3656 165 32 unterzogen,
1124 3652 29 33 iſt
1174 3652 85 34 jedoch
1291 3662 44 18 am
1359 3652 133 36 Dienstag
1533 3653 47 27 den
1602 3653 99 36 Folgen

929 3692 80 33 ſeiner
1033 3690 194 34 Verwundung
1249 3692 109 34 erlegen.

986 3752 68 30 Gin
1075 3750 207 37 Meſſerheld.
1324 3751 53 28 Der
1413 3753 44 26 als
1480 3750 139 32 Randaliſt
1661 3752 42 27 be⸗

928 3791 91 27 kannte
1042 3789 34 29 R.
1099 3790 128 34 verfuchte
1264 3791 25 27 in
1317 3792 43 26 der
1383 3789 86 35 Nacht
1492 3798 52 19 von
1567 3788 134 36 Dienstag

929 3830 47 33 auf
999 3828 145 35 Mittwoch
1177 3827 151 36 wiederholt
1369 3829 48 27 mit
1459 3828 56 28 dem
1557 3828 46 34 auf
1643 3828 58 27 dem

930 3867 163 34 Marktplatz
1150 3865 210 35 dejourierenden
1404 3867 172 34 Schutzmann
1619 3865 84 29 Streit

929 3906 174 34 anzufangen.
1146 3904 54 27 Als
1241 3913 25 19 er
1307 3906 44 33 ſich
1392 3914 80 25 gegen
1542 3904 59 36 Uhr
1644 3904 58 28 dem

929 3944 175 27 mittlerweile
1126 3943 188 35 aufgezogenen
1338 3943 172 35 Schutzmann
1533 3942 35 29 .
1595 3943 107 35 näherte

930 3983 51 26 und
1003 3982 45 35 ihn
1070 3990 30 26 zu
1123 3981 139 34 beläſtigen
1284 3983 117 33 begann,
1438 3982 145 34 verhaftete
1625 3982 78 34 dieſer

929 4021 46 27 den
999 4020 136 36 Hooligan
1150 4020 51 27 und
1223 4020 94 34 ſchickte
1336 4021 44 33 ſich
1398 4029 44 26 an,
1460 4020 45 35 ihn
1524 4029 44 26 zur
1586 4018 117 37 Polizei⸗

929 4059 85 34 wache
1045 4067 29 26 zu
1115 4058 119 35 ſchaffen.
1276 4057 160 36 Unterwegs
1479 4059 141 31 ſimulierte
1661 4058 42 28 der

930 4096 154 36 Verhaftete
1107 4097 72 26 einen
1202 4095 57 38 Fall
1280 4098 52 26 und
1353 4106 57 26 zog,
1446 4098 42 27 als
1530 4097 42 27 der
1594 4095 110 36 Poliziſt

929 4136 45 35 ihn
997 4144 63 19 vom
1083 4134 115 35 Pflaſter
1219 4135 131 35 aufheben'
1388 4136 99 34 wollte,
1527 4136 40 27 ein
1591 4133 112 36 Meffer,

929 4175 49 26 mit
999 4174 58 27 dem
1079 4182 26 19 er
1136 4173 56 27 dem
1216 4173 171 36 Schutzmann
1427 4174 116 34 mehrere
1570 4172 85 36 Stiche
1677 4174 26 27 in

929 4212 46 28 den
998 4212 75 35 Lopf
1095 4212 124 34 verſetzte.
1261 4211 134 37 Letzterem
1412 4213 95 34 gelang
1527 4220 28 20 es
1573 4212 131 36 ſchießlich

928 4251 50 27 mit
1000 4250 69 36 Hilfe
1106 4251 73 27 eines
1209 4249 216 37 Nachtwächters
1466 4250 43 28 der
1532 4249 97 37 Wach⸗
1651 4251 53 28 und

929 4288 271 37 Schließgeſellſchaft,
1222 4289 47 27 den
1290 4289 127 28 tobenden
1440 4288 34 30 R.
1495 4298 29 26 zu
1568 4290 137 28 überwäl⸗

929 4328 69 34 tigen
1021 4328 52 27 und
1095 4328 49 34 auf
1165 4327 39 28 die
1226 4326 190 37 Polizeiwache
1437 4336 29 27 zu
1488 4327 123 36 bringen.
1656 4327 49 30 Die

1839 199 403 39 Bacdeſtostiime

1942 252 325 40 Gacefaosen

2044 307 50 37 —
2252 303 27 53 &—ꝙ
2296 310 52 35 —

2149 361 372 39 Gacemitizen

2127 419 198 63 Cosdc

1898 478 186 37 Coldingen,
2107 477 173 32 Vibousche
2302 481 52 30 Sic
2372 483 89 35 c.

1791 624 187 35 Verletzungen
2001 625 46 27 des
2069 623 241 36 Polizeibeamten,
2331 625 44 27 der
2405 626 43 34 ſich
2485 628 83 33 ſofort

1789 664 62 33 nach
1875 663 44 27 der
1943 661 251 37 Dingfeſtmachung
2226 663 46 28 des
2295 661 131 29 Rowdies
2447 665 27 26 in
2500 667 67 32 ärzt⸗

1789 702 59 34 liche
1886 700 181 36 Behandlung
2109 701 94 35 begab,
2244 701 53 33 ſind
2338 701 225 35 glücklicherweiſe

1789 740 66 32 nicht
1877 739 121 35 ſchwerer
2019 739 102 30 Naͤtur.
2164 738 68 30 Dem
2270 738 45 37 R.,
2352 740 44 27 der
2426 739 141 35 Kriegsin⸗

1788 777 87 28 valide
1897 778 37 33 iſt,
1957 778 77 34 droht
2055 780 83 34 außer
2156 779 70 28 einer
2243 777 200 36 empfindlichen
2463 777 103 34 Arreſt—

1788 816 74 34 ſtrafe
1884 816 43 27 der
1950 815 103 33 Verluſt
2075 817 83 34 ſeiner
2179 817 217 34 Staatspenſion.

1844 876 453 38 Sittlichkeitsnerbrechen?
2357 877 53 30 Der
2462 877 104 37 Polizei

1786 916 88 27 vonrde
1904 924 44 26 zur
1971 915 113 35 Anzeige
2121 918 131 34 gebracht,
2293 917 53 35 daß
2387 917 62 35 nach
2492 918 71 26 einer

1787 952 171 36 Beerdigung
1979 954 25 27 in
2029 954 141 36 Wormen,
2211 956 132 35 anläßlich
2386 956 74 27 deren
2502 956 58 27 dem

1785 991 115 35 Alkohol
1923 992 112 35 reichlich
2056 993 185 34 zugeſprochen
2266 994 105 28 worden
2395 1003 67 24 war,
2487 994 69 26 einer

1785 1029 43 27 der
1840 1029 79 32 Gäſte
1941 1030 40 27 ein
2000 1029 96 35 junzges
2121 1030 134 34 Mädchen
2273 1032 186 33 vergewaltigt
2481 1032 78 34 habe.

1786 1066 47 29 Die
1856 1066 102 36 Polizei
1980 1068 144 34 verhaftete
2154 1068 45 27 den
2233 1068 135 35 angeblich
2391 1068 170 35 Schuldigen,

1784 1105 43 28 der
1848 1104 151 36 Chauffeur
2021 1104 36 36 iſt,
2080 1106 66 35 ſetzte
2184 1106 45 34 ihn
2272 1106 63 27 aber
2377 1106 95 27 wieder
2513 1106 49 33 auf

1784 1144 79 32 freien
1886 1143 68 36 Fuß,
1977 1144 32 26 da
2050 1144 45 34 ſich
2136 1144 54 27 eine
2213 1143 83 36 Reihe
2337 1144 223 34 glaubwürdiger

1783 1181 110 34 Seugen
1915 1181 137 34 meldeten,
2075 1182 48 34 die,
2146 1181 92 35 ebenſo
2261 1183 49 26 wie
2332 1183 43 26 der
2394 1180 167 37 Verhaftete,

1784 1219 39 28 die
1845 1219 114 35 Anzeige
1980 1220 44 26 als
2046 1220 48 33 frei
2116 1219 126 33 erfunden
2268 1220 180 35 bezeichneten.
2491 1218 70 30 Eine

1784 1256 200 36 Unterſuchung
2006 1256 79 35 findet
2107 1258 68 34 ſtatt.

1841 1317 60 37 Die
1941 1326 105 23 nenen
2067 1319 263 37 Veſtimmuungen
2371 1319 84 31 über
2495 1321 64 29 das

1782 1356 199 37 Radfahren
2003 1358 53 31 ſind
2077 1367 44 18 ani
2149 1361 20 30 1.
2192 1357 64 35 Zuli
2278 1360 25 25 in
2322 1357 82 35 Kraft
2433 1363 124 29 getreten.

1783 1395 116 34 Künftig
1920 1395 47 35 ſoll
1989 1395 78 36 jeder,
2089 1397 43 26 der
2147 1405 45 18 um
2211 1397 54 27 eine
2283 1395 199 36 Genehnigung
2498 1405 60 26 zum

1783 1433 156 36 Radfahren
1962 1434 141 35 nachſucht,
2142 1434 75 33 durch
2259 1434 45 27 den
2329 1433 139 36 Vorſteher
2510 1433 45 28 des

1781 1472 166 35 zuſtändigen
1969 1470 204 37 Polizeibezirks
2211 1472 80 35 bezw.
2324 1472 46 27 den
2394 1470 166 36 Kreischefs⸗

1782 1510 115 34 gehilfen
1919 1510 68 27 einer
2009 1509 136 36 Prüfung
2159 1510 63 27 über
2262 1511 39 27 die
2321 1509 136 37 Fähigkeit
2488 1515 70 30 zum

1782 1547 157 36 Radfahren
1962 1549 78 34 ſowie
2078 1548 64 28 über
2183 1549 38 27 die
2244 1548 137 28 Uennfnis
2422 1549 44 26 der
2489 1547 69 29 Ver—

1781 1586 202 36 kehrsordnung
2005 1590 156 32 unterzogen
2193 1587 113 28 werden.
2348 1585 60 29 Das
2432 1586 125 35 Beſtehen

1781 1626 43 27 der
1845 1624 129 35 Prüfung
2006 1626 67 27 wird
2114 1626 26 27 in
2182 1625 56 28 dem
2261 1624 197 38 Fahrausweis
2497 1633 61 19 ver⸗

1780 1663 80 28 merkt
1888 1664 111 28 werden.

1836 1723 160 36 Urüfung
2025 1730 67 23 von
2114 1722 237 36 Automobilen
2387 1722 68 30 und
2478 1721 79 36 Mo-

1779 1761 195 30 torrüdern.
2037 1761 61 35 Wie
2148 1769 52 19 uns
2251 1761 43 27 der
2342 1759 210 36 Goldingenſche

1780 1799 143 35 Kreischef,
1945 1798 66 37 Herr
2033 1798 154 36 Jausberg,
2209 1799 116 35 mitteilt,
2347 1797 79 35 findet
2454 1798 104 35 heute

1779 1846 56 18 um
1863 1840 38 29 12
1923 1836 76 36 Uhr
2021 1838 115 33 mittags
2170 1845 49 19 vor
2260 1837 58 27 dem
2341 1836 131 28 Gebäude
2514 1837 42 27 der

1779 1874 103 35 Polizei
1904 1876 26 26 in
1967 1876 43 26 der
2032 1875 191 35 LKolpakſtraße
2264 1876 54 26 eine
2341 1873 212 36 Tauglichkeits⸗

1778 1913 120 34 prüfung
1920 1914 43 33 für
1986 1912 177 29 Automobile
2195 1913 52 27 und
2270 1912 177 29 Motorräder
2485 1913 68 31 ſtatt.

1779 1949 53 29 Der
1853 1950 129 35 Prüfung
2005 1952 161 33 unterliegen
2188 1952 50 27 alle
2258 1948 161 39 Fahrzeuge,
2450 1950 39 29 die
2528 1951 26 27 in

1778 1989 93 33 dieſem
1895 1988 74 36 Jahr
1992 1990 60 34 noch
2075 1990 66 34 nicht
2163 1990 107 34 geprüft
2291 1990 107 26 worden
2420 1989 63 34 ſind,
2514 1989 41 32 ſo⸗

1778 2028 48 27 wie
1848 2028 49 27 alle
1919 2026 149 36 Autobuſſe
2090 2028 51 27 und
2163 2028 104 33 leichten
2296 2026 189 35 Automobile,
2516 2026 39 27 die

1777 2066 37 27 im
1836 2065 139 33 laufenden
1998 2065 76 35 Jahr
2096 2066 98 27 bereits
2216 2066 99 26 einmal
2346 2064 106 35 geprüft
2486 2072 69 19 wor⸗

1777 2103 46 28 den
1849 2104 62 32 ſind.

1831 2163 247 35 Gottesdienſte
2096 2170 31 23 u.
2147 2162 168 37 kirchliche
2332 2161 224 37 Hachrichten.

1833 2201 134 35 Sonntag,
1974 2195 44 46 d.
2032 2205 24 25 7.
2080 2201 64 35 Juli
2157 2203 37 33 (6.
2208 2201 96 28 Sonnt.
2336 2201 63 34 ſiach
2422 2199 133 34 Trinit.):

1779 2239 68 34 211
1880 2239 59 36 Uhr
1974 2239 268 36 Hauptgottesdienſt
2283 2240 50 27 mit
2371 2238 184 35 Abendmahl.

1776 2277 73 34 (Cuc.
1872 2281 45 31 22.
1940 2280 16 23 24
1980 2279 94 31 85.)

1832 2321 103 36 Ertrag
1957 2323 46 27 des
2025 2322 207 35 Ulingbeutels:
2259 2325 31 31 10
2312 2321 37 28 eCs
2371 2324 37 24 50
2430 2321 29 28 8.

1833 2368 92 35 Sirach
1946 2371 45 33 55,
2014 2372 25 28 4.
2266 2366 34 31 V.
2323 2367 175 35 Lichtenſtein.

1832 2435 312 37 Defour-Apothele
2186 2445 63 19 vom
2273 2439 27 25 6.
2323 2436 44 28 bis
2411 2444 57 26 zum
2515 2438 38 30 12.

1775 2474 82 35 JZult:
1881 2474 159 35 Bürger.

1875 2617 283 62 Windauer
2204 2616 238 70 Chronik.

1832 2723 344 38 Delegiertenwahlen
2208 2723 35 30 in
2281 2722 52 31 die
2364 2721 191 32 Windaner

1774 2761 246 36 Krankenkaſſe.
2061 2761 50 29 Am
2136 2766 41 24 18.
2215 2761 52 28 und
2301 2765 42 24 14.
2364 2760 62 32 Juli
2467 2760 88 34 finden

1774 2800 38 28 die
1833 2800 268 37 Delegiertenwahlen
2131 2800 25 28 in
2199 2800 38 28 die
2258 2798 143 30 Windauer
2423 2799 132 28 Kranken⸗

1775 2839 60 35 kaſſe
1857 2840 65 33 ſtatt,
1946 2847 34 20 an
2002 2839 42 27 der
2067 2838 44 35 ſich
2133 2838 127 37 erſtmalig
2293 2838 58 33 auch
2392 2837 62 36 zwei
2477 2836 78 29 Min⸗

1775 2877 198 35 derheitenliſten
1996 2876 132 36 beteiligen
2167 2877 110 33 werden,
2299 2876 52 28 und
2391 2883 71 28 zwar
2503 2875 52 29 eine

1774 2915 108 34 deuiſche
1904 2915 52 28 und
1978 2915 52 28 eine
2070 2914 106 36 jüdiſche
2199 2895 56 59 öfſte
2312 2914 50 28 Als
2385 2914 169 35 Spitzenkan⸗

1775 2954 102 27 didaten
1900 2953 105 29 wurden
2029 2952 185 36 deutſcherſeits
2253 2952 45 35 auf
2336 2952 68 28 einer
2448 2952 104 35 kürzlich

1774 2992 218 36 ſtattgefundenen
2015 2991 199 36 Verjammlung
2238 2991 42 28 der
2317 2990 127 34 deutſchen
2466 2991 88 26 Kran—

1774 3030 268 36 kenkäͤſſenmitglieder
2079 3029 45 33 auf
2164 3029 38 27 die
2245 3028 108 35 deutſche
2376 3028 63 34 Liſte
2460 3027 53 28 Nr.
2539 3031 13 24 7

1772 3068 124 37 einmütig
1938 3068 37 28 die
2016 3068 99 36 Herren
2156 3066 97 36 Paſtor
2295 3073 24 21 v.
2351 3065 103 37 Lutzaus.
2486 3065 67 29 Otto

1772 3107 171 33 Tiedemänn,
1966 3106 102 36 Harald
2100 3105 170 36 Gutſchmidt,
2303 3104 110 37 Herbert
2435 3103 118 35 Marcks,

1772 3145 109 28 Eduard
1904 3145 113 34 Karlfon
2040 3144 51 28 und
2113 3143 66 29 Karl
2202 3143 137 35 Schreiber
2361 3143 94 37 geſetzt,
2481 3142 74 35 wäh—

1772 3183 61 29 rend
1856 3183 38 28 die
1915 3183 108 35 jüdiſche
2044 3182 65 36 Liſte
2130 3189 51 21 von
2217 3183 47 28 den
2286 3182 98 36 Herren
2407 3181 43 28 M.
2473 3180 82 36 Fiſch,

1773 3221 30 32 J.
1825 3220 138 37 Weinberg
1987 3222 51 27 und
2059 3221 31 31 J.
2112 3220 136 36 Thalberg
2276 3220 104 36 geführt
2419 3219 76 28 wird.
2518 3235 37 3 —

1773 3259 82 29 Unter
1877 3260 42 27 der
1960 3260 67 27 alten
2069 3258 100 36 Parole
2193 3258 72 35 „Fuͤr
2287 3257 76 35 Recht
2405 3257 52 29 und
2480 3257 76 29 Ord—

1773 3300 88 34 kung“
1884 3297 84 36 ziehen
1991 3297 38 28 die
2052 3296 128 36 deutſchen
2203 3296 351 44 Krankenkaſſenmitglieder

1773 3336 131 28 Windaus
1944 3336 58 34 auch,
2045 3334 164 37 dieſes,Mal
2241 3335 26 28 in,
2309 3335 46 29 den
2378 3334 177 44 Wahlkampf,

1773 3374 81 29 wobei
1877 3377 27 25 es
1926 3374 43 34 ſich
1992 3374 68 36 jedes
2083 3368 213 43 Kaſſenmitglied
2318 3373 35 29 im
2374 3374 104 36 eigelen
2500 3372 56 32 Ju—

1773 3413 81 35 tereſſe
1876 3421 45 27 zur
1943 3413 175 35 vornehmſten
2142 3411 94 35 Pflich?
2272 3412 101 34 machen
2415 3411 81 37 ſollte,
2520 3420 34 19 an

1773 3451 78 28 einem
1875 3451 42 28 der
1938 3450 139 37 Wahltage
2099 3460 33 19 an
2164 3451 42 28 der
2248 3450 69 28 Urne
2347 3458 29 28 zu
2418 3449 137 36 erſcheinen

1773 3490 52 27 und
1848 3488 63 36 ſeine
1934 3488 65 37 Liſte
2020 3489 51 28 Nr.
2095 3493 14 24 7
2133 3489 64 35 ohne
2238 3489 51 36 jede
2312 3488 156 36 Streichung
2511 3487 46 28 ab—

1772 3527 120 37 zugeben,
1917 3529 31 26 da
1989 3527 166 35 andernfalls
2198 3528 38 28 die
2258 3526 133 30 Stimmen
2433 3525 120 38 ungültig

1773 3566 63 34 find.
1877 3566 52 28 Die
1951 3565 185 36 Kaſſenbücher
2157 3566 54 34 ſind
2234 3572 46 22 vor
2304 3566 46 28 den
2372 3564 112 37 Wahlen
2526 3573 30 28 zu

1773 3612 122 20 erneuern
1937 3604 51 28 und
2029 3604 95 36 müſſen
2165 3613 45 26 zur
2241 3604 79 36 Wahl
2356 3605 200 35 mitgenommen

1773 3642 109 28 werden.
1906 3642 98 36 Ferner
2025 3643 53 35 ſind
2103 3642 37 28 die
2163 3641 232 38 Mitgliedskarten
2417 3642 52 27 und
2512 3641 43 27 der

1774 3680 61 35 Baß
1857 3681 196 36 mitzunehmen.
2095 3680 71 33 Nach
2203 3681 164 35 völlzogener
2389 3678 79 43 Wahl
2510 3679 46 33 hat

1773 3719 44 33 ſich
1840 3719 66 33 jeder
1929 3718 108 36 deutſche
2058 3718 108 36 Wähler
2188 3719 34 28 im
2253 3717 148 36 Wahlbüro
2443 3717 26 28 in
2513 3717 43 27 der

1773 3756 109 35 Großen
1905 3757 101 34 Straße
2027 3757 51 29 Nr.
2110 3762 14 23 7
2163 3756 34 28 im
2218 3755 86 37 Hauſe
2345 3756 45 28 des
2413 3754 143 30 Gewerbe⸗

1773 3795 102 28 vereins
1898 3803 28 28 zu
1949 3795 106 28 melden.
2077 3811 38 4 —
2135 3793 61 29 Nur
2218 3795 37 28 bei
2278 3793 172 38 vollzähliger
2464 3793 92 37 Wahl⸗

1774 3833 155 37 beteiligung
1954 3834 27 30 iſt
2002 3833 39 29 ein
2064 3836 73 34 guter
2159 3832 92 37 Erfolg
2285 3833 41 34 für“
2368 3833 38 29 die
2448 3832 110 36 deutſche

1775 3870 63 36 Liſte
1859 3881 30 26 zu
1911 3876 126 24 erwarten
2059 3872 52 28 uͤnd
2131 3871 80 29 damit
2234 3871 227 37 Mitbeſtimmung
2496 3872 59 30 auch

1775 3909 42 29 der
1838 3909 145 30 Windauer
2004 3910 141 37 Deutſchen
2174 3919 34 20 an
2241 3911 45 28 den
2309 3910 158 36 Beſchlüſſenn
2508 3917 48 19 un—

1774 3948 64 36 ſerer
1878 3949 195 37 Krankenkaſſe!
2115 3949 95 34 Unſere
2253 3950 51 28 alte
2340 3949 103 35 Loſung,
2483 3946 73 36 „Für

1774 3986 76 36 Recht
1864 3988 52 28 und
1930 3987 152 39 Ordnung“
2101 3989 61 35 muß
2180 3988 44 36 ſich
2243 3989 60 32 auch
2317 3988 53 35 hier
2388 3984 166 37 durchſetzen!

2274 4056 51 28 Die
2338 4054 219 35 Steuerkommiſ⸗

1832 4057 399 38 Steuerermäßigungen.

2311 4093 155 37 beſchloſſen,
2508 4094 48 34 fol—

1775 4096 53 34 ſion
1853 4096 63 29 beim
1937 4096 261 35 Jnnenminifteriüm
2228 4095 44 36 hat

1775 4135 97 35 genden
1905 4134 158 30 Gemeinden
2102 4135 44 28 des
2188 4133 144 29 Windauer
2374 4132 104 36 Kreiſes
2519 4133 38 28 die

1775 4173 116 35 Steuern
1932 4183 29 27 zu
2003 4173 168 36 ermäßigen:
2208 4171 87 37 Anzen
2338 4180 42 21 um
2412 4176 76 24 4000
2510 4170 47 36 Ts,

1775 4211 169 37 Dondangen
1967 4220 42 20 um
2031 4215 74 25 9000
2127 4210 48 35 es,
2213 4209 145 39 Edwahlen
2390 4219 52 21 um
2483 4215 74 24 2000

1776 4249 46 35 Ls,
1845 4249 91 36 Pilten
1957 4258 43 20 um
2024 4254 71 24 1500
2118 4248 46 34 Ls,
2195 4248 93 37 Popen
2330 4258 43 20 um
2417 4254 71 24 1800
2510 4248 47 35 es,

1776 4288 102 37 Rothof
1899 4297 34 20 un
1958 4292 72 24 1500
2062 4287 46 35 Ls,
2150 4287 120 38 Ugahlen
2311 4297 43 20 um
2394 4293 76 24 2000
2510 4286 47 36 s,

1776 4327 132 37 Uſmaiten
1931 4336 43 20 um
1997 4330 72 25 1800
2091 4326 46 35 Ls,
2180 4327 90 38 Haſau
2312 4336 43 21 um
2397 4331 72 25 1800
2510 4324 47 37 Ls,
