2339 3659
1184 112 76 39 338

136 219 81 27 und
238 217 57 29 alle
310 214 129 35 uͤbrigen
459 210 81 65 ——
618 205 145 35 „ſammt
786 195 57 56 den
852 195 88 56 Auf⸗
965 202 63 44 and
1049 199 137 39 Abzugs⸗

402 259 18 19 n
454 258 18 20 zu
513 251 133 23 bezahlen.
1083 259 82 9 ——

150 249 272 81 Sebuſzengei
484 252 123 63 —
625 278 72 36 geht
725 279 56 27 mit
811 278 67 27 dem
897 274 206 37 Eigenthume
1125 281 61 22 von

151 332 68 27 dem
247 327 134 37 Fiecnaq;
403 321 189 32 beſtimmten.
627 316 251 37 Linitatenstage
908 312 58 33 auf,
988 316 55 26 den
1070 312 118 39 Kaͤufer

146 362 99 37 ader,
281 361 117 32 welcher
425 357 48 27 bis
504 354 167 36 gaͤnzliche
693 350 167 35 Erfuͤllung
879 353 56 41 der
957 348 228 37 Kauisbeding⸗

151 403 73 32 niffe
242 399 54 29 mit
321 395 65 30 dem
422 393 191 35 erſteigerien
642 390 86 29 Gute
756 389 48 28 als
832 387 353 37 Spezigluntervfande,

131 443 79 25 nd
237 434 67 32 auch
327 432 111 34 ſeinem
462 428 129 35 aͤbrigen
621 427 176 34 Vermoͤgen,
836 431 34 30 zu
892 424 106 37 haſten
1019 424 65 37 hat.

233 471 66 27 Die
325 456 120 48 Kaufs
453 456 152 48 luſtigen,
643 466 107 31 welche
774 463 108 33 ſolches
909 460 72 31 Gut
1009 467 89 24 unter
1129 464 54 26 den

131 507 205 38 ſeſtgeſetzten
377 502 226 36 Bedingniſſen
641 509 40 21 an
708 501 50 34 ſich
792 505 34 31 zu
865 500 127 33 bringen
1019 500 165 34 gedenken,

144 549 120 25 iecden
284 543 142 33 demnach
456 541 56 33 auf
521 532 142 49 deng.
687 538 25 28 k.
737 536 61 35 M.
819 536 174 36 Dezember,
1023 538 35 29 in
1076 537 110 35 daſiger

140 575 212 45 Landgerichts
358 579 113 36 kanzlei
495 573 57 33 mit
579 578 67 29 dem
666 582 35 30 zu
719 575 164 43 erſcheinen
902 568 193 53 vorgeladen.
1126 572 57 32 daß

143 620 122 33 Schüg
286 625 22 27 3
333 616 67 33 Uhr
427 614 202 35 Nachmittag
658 615 58 26 mit
746 616 65 24 dem
842 610 343 36 wirklichen,Ausruſe

142 656 59 32 auf
228 656 48 27 die
307 653 161 35 geſetzliche
500 652 59 28 Art
586 657 212 29 vorgegangen
834 651 121 27 werden
998 649 110 32 wird
1135 650 49 26 bis

142 693 96 36 dahin
272 691 118 29 koͤnnen
420 689 71 39 aber
517 696 60 20 von
607 693 51 24 der
684 688 129 28 vormit⸗
846 689 62 26 und,
931 686 252 35 nachmittagigen

140 730 237 37 Kanzleiſtunde
399 735 63 25 an,
484 727 71 33 auch
590 727 48 28 die
676 726 155 36 einzelnen
853 721 144 37 Anbothe
1015 729 34 30 zu
1068 723 114 36 Proto⸗

143 767 56 31 koll
230 766 131 35 gegeben
388 768 135 25 werden.

227 804 83 30 Lana
328 806 57 24 den
412 805 31 29 8.
477 800 180 30 November
689 804 97 31 1819.

319 838 92 35 Graf
437 845 60 23 von
522 836 230 37 Brandiſiſches
782 835 203 36 Landgericht.

738 870 136 39 Aigier?
898 872 200 35 Landrichter.

406 945 385 44 Vorladun
790 945 58 44 g—

229 989 142 34 Michael
407 987 207 37 Schmoͤlzer,
657 986 202 36 Baͤckergefell
892 992 60 21 von
984 984 196 36 Loͤwenberg,

101 1027 173 35 Pfarrei
294 1027 162 33 Marling
477 1028 66 25 dies
566 1024 210 34 Landgerichts
803 1023 160 41 gebuͤrtig,
984 1027 61 24 und
1064 1027 123 24 derma⸗

105 1063 85 31 ün
215 1064 57 33 auf
296 1062 231 35 Wanderſchaft
558 1063 176 27 unbekannt
765 1069 47 21 wo
845 1063 177 30 abweſend,
1054 1063 125 32 welchen

108 1103 80 28 bei
204 1104 52 26 der
268 1107 53 31 zur
338 1101 241 32 Kompletirung
601 1103 52 24 des
671 1098 73 29 lòbi.
767 1097 424 36 Kaiſerjäager-Regiments.

140 1138 225 36 anbefohlenen
385 1136 206 38 Loosziehung
613 1139 56 25 das
689 1136 73 37 Loos
779 1134 83 30 Nro.
886 1145 21 19 2
925 1136 169 34 getroffen,
1117 1139 62 25 und

139 1178 114 34 dahero
278 1182 51 30 zur
354 1175 171 33 wirtlichen
552 1173 367 36 Militaͤr-Einreihung
947 1173 150 35 beſtimmt
1124 1174 57 34 iſt,

143 1217 79 27 wied
251 1213 109 35 hiemit
380 1212 226 34 aufgefordert,
638 1219 91 21 wenn
762 1219 30 20 er
808 1213 42 26 im
875 1205 98 47 Lande
986 1209 108 37 Tyrol
1113 1215 69 23 oder

142 1252 190 34 Vorariberg
360 1251 59 34 iſt,
442 1250 116 28 binnen
583 1256 42 30 4,
651 1252 70 24 oder
749 1248 94 32 außee
869 1247 167 34 demſelben
1067 1249 113 28 binnen

141 1290 157 35 laͤngſtens
318 1293 21 28 8
359 1287 132 34 Wochen
521 1296 17 17 à
562 1285 90 29 Dato
678 1287 49 32 ſich
758 1293 51 21 um
833 1285 28 33 ſo
891 1286 134 34 gewiſſer
1049 1286 46 28 bei
1113 1290 64 23 dem

141 1326 183 37 gefertigten
346 1325 273 36 Landzerichte
569 1319 48 48 zu
638 1323 123 36 ſtellen,
784 1324 50 26 als
857 1325 71 30 nach
949 1326 66 25 dem
1033 1323 149 31 Verlaufe

145 1365 94 34 dieſer
265 1363 144 35 geſetzlich
443 1363 189 34 beſtinmten
661 1360 244 35 peremtoriſchen
939 1359 92 36 Friſt
1054 1361 127 32 derſelbe

140 1403 53 27 ais
207 1401 275 34 Widerſpaͤnſtiger
501 1399 174 35 behandelt,
702 1398 117 35 folglich
837 1393 80 46 ſeine
933 1397 245 34 Kapitulations⸗

139 1435 66 40 zeit
238 1446 49 21 um
306 1446 21 19 2
346 1437 105 36 Jahre
477 1437 195 34 verlaͤngert,
704 1443 30 20 er
766 1438 32 25 in
828 1436 97 33 jedem
951 1435 86 33 Falle
1065 1440 61 24 und
1143 1443 35 29 zu

141 1479 84 30 jeder
244 1475 87 33 Zeit,
363 1482 91 21 wenn
476 1483 31 19 er
535 1477 70 32 auch
637 1473 172 36 inzwiſchen
837 1476 56 26 das
914 1474 268 33 militaͤrpflichtige

138 1510 92 31 Alter
263 1512 200 35 zuruͤckgetegt
494 1511 104 35 haͤtte,
631 1518 67 30 zum
734 1505 309 47 Saͤger⸗-Regiment
1054 1510 127 32 Kaifer

138 1548 196 35 abgegeben,
357 1552 53 24 des
431 1547 120 33 Rechts
581 1549 49 34 ſich
652 1554 151 23 vertreten
824 1554 35 31 zu
873 1548 103 33 laſfen
996 1550 186 32 verlurſtiget

142 1586 131 31 erklaͤrt,
291 1589 68 25 und
389 1586 156 38 allenfalls
561 1587 76 32 auch
657 1587 57 29 mit
733 1588 83 28 einer
842 1587 230 35 angemeſſenen
1086 1585 95 31 Geid⸗

139 1624 91 37 ſtrafe
253 1623 97 36 beſegt
374 1626 121 26 werden
519 1621 168 31 wuͤrde.
1009 1647 21 3 1

250 1659 82 32 Lana
355 1668 51 21 am
424 1668 34 29 9.
481 1655 180 47 November
674 1655 107 47 1819.

385 1698 91 36 Graf
492 1698 230 37 Brandiſiſches
745 1699 207 35 Landgericht.

769 1736 141 36 Aigner,
939 1735 197 37 Landrichter.

577 1809 31 24 E
630 1808 125 30 D2

232 1839 66 30 Bei
326 1841 57 26 den
414 1842 61 21 von
492 1830 109 32 Seir
627 1830 96 31 dieſes
746 1831 211 35 Landgerichts
980 1834 125 34 Sehufs
1123 1838 60 24 der

119 1878 248 35 anbefohlenen
406 1870 238 32 Komptetirung
677 1870 51 24 des.
757 1867 223 36 Raiſerjager-
999 1871 186 34 Regiments

145 1920 128 20 22333
281 1911 141 22 ſnenen
448 1904 171 34 Looſungen
643 1908 51 24 der
714 1903 303 38 Militaͤrpflichtigen
1045 1911 49 24 der
1118 1903 73 39 Ge⸗

145 1944 122 28 meinde
282 1942 187 30 Billanders
493 1946 61 24 und
580 1942 145 28 Barbian
751 1942 52 34 hat
826 1946 53 29 es,
916 1947 61 24 und
999 1952 100 30 zwar:

233 1980 69 28 GBei
315 1982 50 25 der
374 1980 218 36 vornjaͤhrigen
601 1979 131 35 Looſung
746 1982 54 25 den
815 1979 77 36 Joh.
904 1979 99 35 Nißl,
1019 1990 59 19 von
1094 1981 89 30 Bar⸗

143 2018 77 28 bian
231 2020 88 26 einen
331 2016 103 35 Sohn
444 2021 53 24 des
507 2017 81 34 Joh.
599 2016 81 32 Niſl
693 2021 61 25 und
765 2022 50 23 der
826 2017 112 30 Maria
951 2019 91 29 Anna
1052 2018 129 37 Neßing

144 2055 154 35 angebiich
317 2057 58 25 aus
400 2054 112 36 Vahrn
535 2054 258 36 (wahrſcheinlich
812 2057 42 26 im
873 2055 204 36 Landgerichte
1099 2057 82 29 Bei⸗

144 2100 58 24 xen
225 2094 140 32 gelegen?
388 2097 47 21 wo
455 2093 49 26 ein
525 2091 90 33 Dorf
635 2094 87 26 einen
743 2092 158 36 aͤhnlichen
933 2092 127 31 Namen
1079 2094 103 37 fuͤhrt)

147 2132 60 24 das
233 2127 74 28 Loos
329 2127 83 29 Nro.
434 2126 44 33 6,
498 2132 62 24 und
587 2129 46 27 bei
664 2134 49 22 der
741 2129 142 35 heurigen
909 2138 50 20 am
976 2140 54 27 30.
1054 2131 129 31 Oktober

144 2172 276 27 vorgenommenen
438 2165 130 33 Looſung
590 2169 55 25 den
665 2167 105 27 Anton
797 2166 188 36 Sigmund?
1009 2174 64 23 dem
1098 2170 82 29 Ver⸗

146 2203 131 34 nehmen
299 2203 71 31 nach
390 2202 239 36 wahrſcheinuüch
650 2209 36 30 zu
714 2204 146 37 Bologug
888 2206 178 35 wohnhaft,
1093 2209 90 28 einen

147 2239 189 34 natuͤrlichen
362 2239 101 36 Sohn
490 2244 50 24 der
567 2239 95 30 Annd
682 2235 182 48 Sigmnne,
875 2235 309 48 Tuhrmannstochter

146 2283 61 21 von
232 2280 49 26 der
297 2276 93 36 Frag,
407 2280 50 25 dee
470 2277 173 29 Gemeinde
665 2277 193 38 Villanders,
883 2283 46 25 die
947 2282 70 28 aber
1036 2284 152 33 nunmehe

149 2315 59 31 mit
224 2317 65 25 dem
310 2313 209 31 Eilentremer
542 2315 190 29 Volderauer
752 2322 34 30 zu
805 2316 120 33 Brixen
947 2320 171 35 verehelicht
1139 2322 45 35 iſt,

148 2353 59 28 das
237 2351 73 28 Loos
339 2351 82 29 Nro.
443 2359 22 29 3
495 2353 159 34 getroffen.

172 2387 122 43 Da
325 2396 63 34 nun
417 2392 50 38 der
488 2390 113 33 letztere
627 2390 50 33 ſich
707 2396 51 33 zur
792 2391 168 31 wirtlichen
994 2392 192 39 Einreihung

141 2431 65 28 ais.
216 2431 189 28 aiſerjäger
417 2433 120 26 eignet,
561 2429 49 25 der
631 2428 103 32 erſtere
745 2427 70 28 äber
829 2430 49 26 ais
892 2427 224 35 Reſeroemann
1136 2435 49 27 be—

153 2460 116 34 ſtimmt
287 2462 54 30 iſt,
365 2464 49 24 ibr
439 2461 184 34 Aufenthait
643 2466 70 25 aber
734 2466 77 32 nicht
830 2465 130 29 bekannt
979 2469 50 34 ift:
1061 2469 26 34 ſo
1105 2479 77 21 wer⸗

155 2499 56 27 den
235 2496 75 41 dieſe
328 2497 204 32 Abweſenden
552 2500 108 32 hiemit
684 2501 225 34 aufgefordert,
933 2505 120 29 binuͤen
1071 2512 19 28 8
1108 2508 78 29 Wo⸗

154 2533 70 33 chen
249 2541 51 20 um
321 2535 27 30 ſo
372 2536 138 33 gewiſſer.
529 2536 51 34 ſich
601 2545 53 20 vor
684 2541 48 25 der
750 2541 254 35 unterzeichneten
1010 2540 178 45 Gerichts⸗

155 2570 129 34 vehoͤrde
315 2571 167 33 perbntich
504 2580 33 28 zu
577 2575 120 33 ſtellen,
729 2578 48 26 als
807 2578 42 26 in
870 2577 84 33 Falle
978 2582 48 26 der
1033 2577 152 46 Nichter⸗

154 2606 120 37 fullung
293 2611 52 25 der
364 2607 225 31 Ausbleinende
612 2613 56 27 mit
693 2615 55 25 den
767 2613 57 33 auf
839 2617 47 26 die
912 2614 149 38 Renitenz
1083 2620 104 32 ſeſtge⸗

151 2645 105 34 ſetzten
282 2645 142 33 Strafen
448 2647 94 34 belegt
565 2654 118 23 werden
710 2651 114 28 wuͤrde.
1049 2653 6 2 ——
1114 2650 33 7 —

206 2681 105 35 Graͤſl.
334 2690 32 20 v.
391 2682 295 38 Wolkenſteiniſches
720 2687 191 36 Landgericht
934 2688 186 35 Billanders.

240 2718 81 34 Frag
343 2726 50 22 am
414 2728 51 28 14.
484 2720 175 31 Nòvember
685 2728 99 32 1819.

567 2760 152 34 Johann
747 2761 172 28 Hammer,
949 2762 179 26 Landricerr

644 2785 9 11 2
761 2786 131 10 EEEEEEIIEE

160 2835 21 22 E
451 2830 475 42 Edittat-Vortad
822 2826 109 50 ung.

239 2866 225 37 Nachſtehende
479 2869 217 34 Jndividuen,
724 2874 104 32 welche
839 2878 126 23 beider
983 2882 48 30 zur
1050 2873 121 46 Ergaͤn⸗

154 2909 77 30 zung
254 2908 53 24 des
336 2905 143 32 loͤblichen
499 2907 36 27 8.
556 2907 26 27 k.
612 2907 404 39 Kaiſerjaͤger“⸗Regimems
1039 2917 40 27 im
1101 2919 83 26 dies⸗

153 2943 118 33 ortigen
283 2941 206 35 Landgerichte
507 2944 69 34 ſtatt
592 2946 147 35 gehabten
760 2946 138 37 Ziehung
914 2950 140 34 wirkiſch?
1055 2948 130 46 Treffer

154 2982 62 29 und
227 2979 216 34 anſpruchbare
461 2979 320 34 Reſerdennummern
797 2985 293 37 ſubſtitutionsmeiſe
1108 2995 77 24 atis⸗

155 3013 115 35 hoben,
303 3020 61 24 und
399 3021 86 25 deren
519 3022 179 33 dermaliger
729 3022 157 34 Wohnort
909 3030 73 30 ganz
1015 3028 172 29 unkekannt

157 3050 56 32 iſt,
242 3057 118 24 werden
386 3054 107 32 hiemit
519 3059 208 32 vorgeladen,
761 3059 49 33 ſich
842 3061 114 27 binnen
980 3066 20 27 8
1020 3063 127 36 Wochen
1167 3075 19 17 4

157 3091 112 62 23
318 3085 50 74 dez
386 3090 50 44 fuͤr
459 3092 183 34 Abweſende
661 3095 186 33 veſtimmten
873 3097 176 36 geſetzlichen
1054 3097 132 42 Strafe

241 3133 74 22 ibar
370 3136 24 19 bei
405 3122 53 42 di
587 3150 77 9 .t.
844 3135 4 5 i

163 3158 111 33 ſ
434 3129 107 34 dieſem
572 3130 12 28 k.
638 3132 13 27 t.
705 3131 208 37 Landgerichte
949 3137 156 38 perfoͤntich
1150 3146 35 30 zu

234 3204 42 20 .
299 3196 82 35 Lebt,
405 3199 89 30 Alois
512 3210 70 22 vom
604 3203 101 33 Dorfe
718 3205 118 34 Schwatz,
905 3207 54 30 Sohn
1018 3213 69 25 des
1140 3221 43 18 Bera—

160 3235 115 26 manns
291 3232 128 35 Johann
449 3238 66 29 Lebt
537 3244 63 25 und
627 3241 114 29 Maͤriã
765 3211 135 67 ——
943 3209 41 65 *
1020 3212 123 72 ————

155 3282 57 24 D.
229 3274 61 28 2)..
310 3270 118 35 Mayr,
466 3276 79 34 Joh.
586 3278 152 36 Joachim
766 3287 68 21 dom“
866 3280 140 32 Brarice
1025 3284 159 37 Schwatz,

160 3306 100 34 Sohn
290 3308 51 26 des
371 3310 153 35 Mathaͤus
555 3315 120 32 Maor,
714 3319 61 25 und
810 3321 49 25 der
888 3318 112 31 Macia
1039 3318 146 44 Saxlit,

159 3350 44 29 24
223 3342 102 38 Sahre
344 3345 57 30 alt.
422 3359 42 9 —
482 3349 40 37 8)
544 3349 126 39 Fiſchee/
688 3352 133 39 Phinpp
839 3356 103 36 Salol
964 3364 67 25 dem
1056 3360 139 32 en

1249 197 155 37 Schwatz.
1433 194 101 39 Sohn
1563 197 54 27 des
1636 192 204 38 Landſahrers
1861 192 90 32 Alois
1969 193 113 40 Siſcher
2106 200 77 38 ſeel.,
2211 212 57 27 und

1237 239 63 27 der
1326 235 94 30 Anna
1451 234 187 33 Martinin,
1654 239 49 22 228
1724 231 103 37 Zahre
1846 232 55 29 alt.
1925 246 43 7 —
1991 233 38 73 —
2049 236 97 36 Haib⸗
2171 241 100 35 Anic

1247 273 70 29 vom
1338 272 129 31 Markte
1487 272 162 38 Schwatz/
1673 269 100 34 Sohn
1800 272 51 26 des
1871 268 104 37 Georg
2032 274 71 33 Harb,
2136 283 60 24 und
2225 285 45 27 dz

1246 311 121 35 Helena
1387 309 117 37 Haaſin
1533 309 83 28 beide
1641 308 82 33 ſeein
1745 307 164 35 20Dehre
1941 309 56 27 alt,
2021 322 41 7 —
2082 311 38 35 5)
2143 315 125 38 Kehrec.

1246 349 103 33 Jatob
1379 346 118 37 Joſedh
1528 353 71 21 vom
1625 344 128 30 Markte.
1775 344 161 35 Schwatz,
1970 343 101 38 Sohn
2104 352 49 26 des
2173 352 94 35 Jarol

1245 385 118 37 Kehrer
1387 386 84 32 feel.
1494 387 62 26 und
1586 387 51 25 der
1667 377 129 50 Maria
1811 377 197 50 Enzmanin,
2040 391 43 28 24
2096 384 100 39 Jahre
2218 394 51 29 al.

1244 435 44 9 —
1309 423 39 36 6)
1370 422 130 36 Soyer,
1532 421 137 35 Johann
1699 427 69 20 vom
1793 419 101 31 Dorſe
1905 415 154 49 Schwatz
2077 421 115 39 Sohn
2220 432 48 27 des

1245 460 175 35 Sebaſtian
1451 458 108 38 Soyer
1582 459 91 34 feei.,
1698 459 62 26 und
1790 461 49 24 der
1857 455 189 40 Margareth
2067 453 139 55 Beuzin?
2223 461 45 43 3

1244 497 104 34 Jahre
1372 500 58 26 alt.
2073 503 34 3 u

1246 499 86 72 ———
1407 534 128 35 Koͤnigl.
1567 531 192 36 Landgericht
1791 531 215 36 Freundsberg
2044 532 69 30 und
2120 529 148 52 Schwatʒ

1422 579 51 21 am
1501 577 55 30 17.
1577 569 179 30 November
1779 573 97 33 1819.

1871 604 137 40 Strotz,
2037 605 194 40 Landrichter.

1602 680 212 40 Werer
1860 686 19 22 a
1925 680 25 34 f.
2183 684 21 3 1

1331 720 84 29 Bom
1430 719 193 35 Graͤflich
1583 710 50 54 v.
1632 717 202 43 Trappiſchen
1854 716 208 37 Landgerichte
2087 717 183 37 Schlandere

1243 763 77 28 wird
1341 759 109 35 hiemit
1470 758 130 29 bekannt
1618 756 144 35 gegeben,
1790 754 57 39 vaß
1868 758 49 25 der
1934 754 96 29 Anna
2054 754 131 41 Samer,
2210 768 58 26 ver⸗

1244 799 132 29 wittivte
1397 796 156 32 Schmid,
1577 794 237 37 Loͤwenwirthin
1839 792 145 36 daſelbſt⸗
2005 797 103 32 wegen
2127 795 142 38 Unfaͤhig⸗

1244 838 56 27 keit
1319 843 54 28 zur
1390 831 356 38 Wirthſchaftsfuͤhrung
1777 832 45 26 die
1841 831 103 33 eigene
1957 830 313 36 Vermoͤgensverwali⸗

1243 880 75 28 tung
1337 872 239 35 abgenommen,
1601 863 71 49 und,
1671 873 72 33 dem
1761 868 134 38 Sohann
1912 867 167 37 Thomann
2096 875 34 30 zu
2142 869 130 35 Schlan⸗

1243 915 69 26 ders
1332 911 58 32 auf
1405 909 48 33 ihr
1463 908 158 33 Anſuchen
1642 907 180 34 uͤbertragen
1841 909 121 25 worden
1982 905 75 36 ſeye.

1326 947 47 29 Es
1408 948 78 27 wird
1512 945 93 34 daher
1635 947 177 33 jedermann
1845 948 161 35 gewarnt,
2046 942 58 33 daß
2142 947 130 32 gedachte

1241 987 95 29 Anna
1372 985 124 28 Samer
1527 987 55 24 den
1620 981 273 35 Minderzaͤhrigen
1918 981 90 38 gleich
2045 981 130 34 geachtet
2201 983 68 34 ſeye.

1328 1022 138 37 Zugleich
1496 1024 122 34 werden
1648 1020 181 36 ſaͤmmtliche
1858 1018 175 34 Glaͤubiger
2061 1017 210 36 aufgefordert,

1243 1062 65 35 ihre
1327 1059 172 37 Anfpruͤche
1520 1066 39 20 an
1581 1058 53 27 die
1656 1057 164 29 Kurandin
1841 1057 50 27 bis
1911 1063 53 28 28.
1987 1054 170 37 Dezember
2180 1060 28 25 d.
2229 1057 37 35 J.

1243 1101 46 28 bei
1318 1103 66 24 dem
1415 1096 235 34 unterfertigten
1681 1094 206 37 Landgerichte
1916 1095 211 33 anzumelden.

1328 1135 191 36 Landgericht
1542 1133 197 35 Schlanders
1771 1139 50 20 am
1852 1138 50 28 13.
1926 1130 177 29 November
2130 1136 91 32 1819.

1859 1167 158 41 Angerer,
2040 1167 194 37 Landrichter.

1306 1244 75 35 —
1489 1244 273 29 Bekannt
1771 1237 280 44 machung.

1329 1283 82 28 Vom
1460 1282 25 28 k.
1521 1280 21 30 k.
1576 1281 96 29 Land-
1706 1284 61 26 und
1795 1279 476 36 Kriminal-Unterſuchungsge⸗

1243 1324 88 33 richte
1352 1321 125 28 Landeck
1496 1323 126 35 werden
1645 1320 107 34 hiemit
1776 1318 181 33 ſaͤmmtliche
1985 1319 44 34 im
2048 1318 223 34 nachttehenden

1242 1359 215 37 Verzeichniße
1486 1357 216 36 aufgeluͤhrten
1721 1358 71 25 vom
1816 1356 83 29 Looſe
1919 1356 187 35 gerroffenen
2128 1360 61 23 und
2208 1362 61 29 zum

1243 1399 168 30 wirklichen
1442 1394 167 30 Einruͤcken
1641 1395 187 34 beſtimmten
1854 1393 226 33 Jndividuen,
2096 1392 93 35 theits
2208 1394 64 26 aber

1244 1438 48 26 als
1319 1435 132 32 Reſerve
1482 1434 189 34 beſtimmten
1697 1432 214 35 Jndividuen,
1947 1432 44 27 im
2019 1431 83 32 Falle
2134 1432 48 26 ein
2213 1433 62 25 oder

1244 1477 56 25 das
1320 1477 110 24 andere
1449 1478 67 29 zum
1538 1471 167 33 wirklichen
1725 1468 166 29 Einruͤcken
1912 1468 167 36 beſtimmte
2106 1475 69 20 vom
2195 1466 78 32 Loaſe

1242 1511 163 36 getroffene
1416 1509 213 35 Jüdividuum
1650 1509 78 32 nicht
1748 1505 183 35 erſcheinen,
1958 1511 67 23 oder
2046 1507 87 40 beim.
2134 1500 135 52 Erſchei⸗

1244 1557 59 20 nen
1328 1547 52 34 fuͤr
1405 1547 175 34 untauglich
1605 1546 127 29 erkannt
1757 1539 116 49 werden
1891 1543 116 41 wuͤrde,
2051 1543 50 35 ſich
2120 1543 155 34 perlönlich

1244 1593 36 33 zu
1286 1582 137 37 ſtellen,
1447 1586 69 27 als?

1259 1648 5 3 .
1381 1623 96 28 Von
1508 1626 65 24 der
1605 1619 238 30 Gemeinde
1879 1617 269 36 Schönwies.

1330 1659 115 37 Spipᷓ,
1469 1659 71 34 Joſ.
1557 1658 120 29 Auton.
1700 1670 45 7 —
1766 1657 159 34 Zangerte,
1948 1655 72 36 Soſ.
2044 1655 120 29 Anton.

1436 1697 197 34 Vonſder
1667 1694 233 30 Gemeinde
1934 1695 156 34 Pians.

1334 1734 170 35 Schmidt,
1544 1734 148 34 Zohann.
1723 1745 44 8 —
1800 1731 201 39 Seeberger,
2027 1731 102 35 Franz
2149 1741 53 32 —
2223 1728 58 29 und

1246 1771 137 37 Tſcholl,
1422 1772 72 33 Joſ.
1524 1770 152 36 Anton.

1398 1808 186 22 MWeder
1612 1806 239 29 Gemeinde
1880 1804 256 34 Naſſerein.

1334 1836 124 33 Stark,
1483 1836 100 37 Franz
1618 1836 125 32 Anton,
1774 1851 43 7 —
1843 1843 61 24 und
1928 1840 119 34 Jehie,
2081 1840 75 34 Joſ.
2179 1837 104 31 Aloit.

1456 1873 87 28 Von
1571 1878 51 22 der
1659 1874 232 29 Gemeinde
1920 1876 156 35 Keappi.

1314 1910 152 35 Ladner,
1497 1910 73 35 Joſ.
1595 1910 121 30 Anton.

1471 1948 88 28 Von
1591 1951 68 26 der
1691 1948 233 30 Gemeinde
1958 1948 102 30 See.

1332 1984 128 38 Thoͤni,
1503 1986 82 34 Joh.
1620 1986 187 35 Sebaſtian.
1837 2001 43 5 —
1920 1986 135 33 Trenter
2099 1986 183 37 Engelberth

1245 2037 44 7 —
1310 2023 154 33 Wintkter,
1488 2022 102 29 Alois.
1615 2038 42 6 —
1681 2023 83 37 Lenz,
1787 2024 118 36 Joſeph
1928 2039 45 7 —
1995 2024 119 35 Thoͤni,
2136 2026 81 34 Joh.
2238 2037 40 9 —

1246 2060 292 34 Niederſrinniger,
1569 2060 105 30 Alois.
1703 2075 43 6 —
1779 2063 159 34 Pfonder,
1980 2061 81 36 Joh.
2098 2062 119 29 Anton.
2239 2074 42 12 —

1247 2099 153 32 Wachter,
1419 2098 72 34 Joſ.
1508 2098 156 29 Alois.
1629 2094 31 45 —
1676 2099 141 33 Sattter,
1834 2099 327 36 Joſeph.
1981 2094 39 45 —
2019 2099 142 36 Johann
2172 2100 107 28 Senn.

1242 2135 72 35 Joſ.
1327 2135 113 30 Senn.
1474 2136 136 34 Jahann
1625 2136 179 37 Schmidt.
1826 2137 103 34 Jakob
1939 2138 82 33 Kolp
2032 2141 62 25 ünd
2103 2130 72 47 Soſ.
2187 2130 85 47 Pigg.

1458 2174 91 28 Von
1583 2178 71 23 der
1686 2174 234 29 Gemeinde
1944 2175 159 33 Flies.“

1329 2209 214 37 Hochleitner,
1583 2211 75 34 Joſ.
1697 2211 89 29 Alois
1818 2220 58 20 von
1911 2213 161 37 Perluchs.
2100 2226 44 6 —
2178 2211 99 32 Kolb,

1245 2247 71 35 Joſ.
1350 2249 151 36 Vinzenz.
1533 2262 42 5 —
1611 2254 62 23 und
1705 2248 153 37 Fiſcher,
1879 2250 69 36 Joh
1980 2249 118 35 Alois,
2133 2253 82 26 dann
2236 2263 39 7 —

1246 2285 119 35 Tripp,
1393 2285 101 36 Franz
1515 2292 59 21 von
1600 2284 183 37 Angerdair.

1331 2323 73 28 Von
1428 2326 56 25 den
1510 2326 182 32 namentlich
1724 2323 224 38 Aufgeführten
1980 2324 98 35 haben
2110 2325 49 34 ſich
2190 2326 83 33 jene,

1246 2363 47 27 die
1312 2361 50 33 ſich
1392 2362 33 27 in
1450 2364 50 24 der
1524 2360 139 38 Provinz
1691 2360 188 37 Tyrolsund
1905 2362 189 35 Vorarlberg
2119 2364 155 32 befinden,

1247 2399 151 33 laͤngſtens
1429 2398 114 31 binnen
1576 2396 64 31 vier
1682 2397 161 40 Wochen,
1875 2404 61 24 und
1962 2402 47 26 die
2043 2401 49 33 ſich
2129 2402 33 27 in
2196 2402 78 26 einer

1246 2440 116 24 andern
1390 2436 142 35 Provinz
1566 2439 69 25 oder
1683 2438 41 26 im
1761 2437 159 29 Ausiande
1960 2438 161 33 befinden,
2166 2438 109 28 binnen

1245 2475 63 33 acht
1327 2473 131 33 Wochen
1487 2480 51 19 um
1562 2473 28 33 ſo
1610 2472 131 35 gewiſſer
1774 2476 77 28 beim
1871 2476 178 34 gefertigten
2074 2475 200 36 Landgerichte

1245 2518 35 29 zu
1305 2511 119 36 ſtellen,
1470 2511 164 34 widrigens
1664 2512 75 32 ſelbe
1757 2514 42 26 im
1826 2512 266 35 Betretungsfalle
2116 2511 158 37 aufgegrif⸗

1245 2550 63 32 fen,
1332 2553 61 23 und
1406 2549 58 26 mit
1477 2549 55 25 den
1522 2543 199 45 geſetzlichen
1739 2543 131 45 Strafen
1891 2552 96 32 belegt
2001 2554 119 25 werden
2139 2551 133 28 wurden.

1245 2586 82 28 Vom
1344 2586 25 27 t.
1394 2585 25 27 k.
1439 2584 94 28 Land⸗
1556 2589 61 25 und
1629 2585 179 31 Kriminat⸗
1821 2587 401 37 iinterſuchungs⸗Gericht
2239 2594 32 29 zu

1357 2621 123 30 Landeck
1503 2625 55 26 den
1586 2627 35 27 8.
1646 2623 175 31 November
1846 2630 94 29 1819.

1866 2663 134 34 Dialer,
2031 2662 198 36 Landrichter.

1242 1256 23 20 2

1247 2739 22 28 2
1612 2734 310 37 Einberufung.

1331 2767 156 33 Vackdem
1514 2774 32 25 es
1578 2771 48 29 bei
1653 2778 65 26 der
1736 2777 65 26 dies
1832 2769 277 42 landgrrichtichen
2147 2774 124 33 Losſuna

1246 2808 49 26 der
1322 2805 305 44 Militaͤrpflichtigen
1647 2818 52 30 zur
1720 2812 167 36 allerhoͤchſt
1917 2813 222 37 aubefohlenen
2167 2818 101 30 gegen⸗

1246 2842 159 45 waͤrtigen
1417 2841 231 43 Compteticung
1670 2852 51 24 des
1743 2849 119 36 Jager?
1875 2837 185 54 Regimcuis
2086 2837 109 54 Kaiſet
2214 2853 57 23 den

1247 2879 104 29 Anton
1371 2882 165 41 Schoͤpfer,
1564 2884 319 39 Bichſenmachelfohn
1905 2890 97 28 auda
2030 2894 59 29 der
2105 2889 50 27 als
2180 2887 90 30 Bich⸗

1246 2916 266 37 ſenmachergeſelle
1533 2923 57 27 mit
1607 2922 97 39 einem
1745 2925 96 35 hohen
1867 2926 200 30 Kreicamts?
2084 2925 94 35 Paſſe
2204 2929 68 23 voin

1245 2963 54 28 33.
1331 2954 76 34 Juli
1439 2961 81 33 4819
1549 2962 72 31 nach
1647 2960 176 38 Oeſterkeich
1854 2964 141 35 verſehen
2034 2955 174 38 unbetamet
2228 2967 42 22 mo

1247 2992 49 34 ſich
1329 2992 58 31 auf.
1420 2992 226 45 Wanderſchaft
1677 2997 145 37 befindet!
1855 3007 51 29 zue“
1940 2988 156 53 Mitirac⸗
2106 2988 165 53 Dienſtlel⸗

1247 3030 84 34 ſtung
1354 3031 127 33 wirklich
1503 3036 144 33 getroffen
1673 3036 72 37 hat;
1769 3037 28 33 ſo
1820 3040 76 27 wird
1920 3047 31 20 er
1974 3041 58 27 mit
2054 3036 214 36 Gegenwarti⸗

1245 3073 65 30 gem,
1334 3073 51 29 zur
1410 3070 198 34 perſoͤnlichen
1633 3072 219 38 Erſcheinung
1868 3077 113 29 binnen
2015 3083 21 26 8
2059 3075 130 32 Wöchen
2213 3076 56 24 von

1245 3103 100 35 Heute
1369 3111 40 21 an
1434 3106 44 28 bei
1502 3111 65 26 dem
1603 3111 232 36 unterfectigten
1846 3107 45 45 t.
1902 3116 47 26 t.
1976 3113 206 35 Landgerichte
2216 3112 53 25 mit

1246 3145 50 39 —
1352 3137 190 54 vorberufen,
1585 3148 57 32 daß
1667 3157 29 20 er
1719 3148 104 31 Anton
1848 3150 156 35 Schoͤpfer
2027 3151 43 28 im
2104 3149 83 34 Falle
2219 3147 50 27 des

1232 3172 299 55 Nichterſcheiuens⸗
1552 3184 143 35 waͤhrend
1734 3189 60 31 des
1819 3189 124 35 vorigen
1980 3187 186 32 Termines,
2211 3187 59 25 uud

1245 3222 90 22 wenn
1349 3225 41 34 er
1414 3225 30 20 in,
1469 3222 49 25 der
1535 3220 91 37 Folge
1649 3225 56 27 wie
1728 3225 108 28 immer
1856 3226 198 35 aufgegeiſfen
2070 3228 119 25 werden
2209 3220 63 34 ſoll⸗

1246 3258 47 28 te,
1317 3259 56 22 mit
1397 3255 234 37 nachfolgenden
1655 3261 60 34 auf
1732 3264 45 26 die
1793 3263 153 36 Renitenz
1966 3263 191 35 feſtgeſetzten
2171 3259 100 30 Stra⸗

1245 3289 50 34 fen
1320 3289 96 44 belegt
1438 3297 117 27 werden
1579 3296 126 37 wuͤrde/
1744 3302 48 26 als

1244 3329 34 31 2
1302 3333 57 22 mit
1377 3329 233 40 Verlaͤngerung
1628 3338 50 25 der
1700 3334 288 39 Tapitulationszeit
2005 3343 60 22 von
2088 3346 21 18 2
2131 3334 142 35 Jahren,

1246 3363 38 37 b)
1308 3366 57 29 mit
1388 3368 50 29 der
1459 3366 122 40 Abgabe
1605 3378 66 30 zum
1680 3359 145 56 Jager?
1834 3359 182 56 Regimnite
2047 3373 128 36 Rdiſce,
2204 3368 66 35 auch
