2413 3648
1240 219 95 42 268

287 323 51 29 B.
366 323 70 30 Und
464 322 72 38 zwei
565 318 240 37 Krautgartlen,
835 323 108 23 wovon
960 318 73 27 das
1060 317 67 30 eine
1151 318 104 39 hinter

215 364 53 28 der
288 361 210 38 Behauſung,
523 361 67 27 und
605 355 54 48 das
668 360 124 25 andere
811 354 43 37 in.
864 355 118 34 Plarer
1002 355 86 35 liegt.
1177 350 32 42 —

302 401 62 35 Jm
391 395 305 37 Schätzungswerthe
715 401 51 27 per
789 401 87 27 2500
893 394 30 32 fl.

563 427 328 44 Bediungaungen.

305 484 30 20 1.
361 474 89 29 Wird
478 475 50 25 der
549 470 116 32 Käuſer
682 469 208 35 verpflichtet,
925 469 50 28 die
997 467 81 29 beim
1096 463 87 46 Tage
1191 472 63 26 der

215 513 231 36 Verſteigerung
483 508 69 35 noch
576 507 196 37 vorhandene
802 506 161 33 Waaren,
994 506 107 33 weiche
1136 508 48 27 vei
1204 511 52 25 der

214 558 52 21 am
289 549 50 29 16.
363 547 123 29 Malnd.
504 546 40 34 J.
567 545 277 34 aufgenoumenen
869 543 230 36 Beſchreibung
1120 548 89 29 8r22
1221 546 35 33 fl.

216 589 139 32 betragen
380 584 119 37 haben,
534 584 70 33 nach
628 586 67 25 dem
716 581 227 35 Ankaufspreis
971 589 35 30 zu
1032 581 222 38 uͤbernehmen,

214 628 61 27 und
299 627 53 25 den
373 621 212 34 ausfallenden
606 620 122 35 Betrag
751 620 162 34 ſonderbar
932 626 35 30 zu
987 620 136 33 erſetzen.

297 669 32 19 2.
353 658 135 30 Werden
519 663 65 25 dem
606 657 120 34 Kaͤufer
748 660 47 27 die
814 657 219 35 vorhandenen
1044 657 210 37 Handkungs⸗

214 699 132 34 ſchulden
371 698 115 36 hinaus
511 698 43 27 im
573 697 189 35 ungefaͤhren
778 696 120 34 Betrag
924 702 59 20 von
1003 704 21 19 2
1044 695 48 28 bis
1113 704 90 28 3000
1221 697 30 32 fl.

210 737 57 33 auf
284 735 143 36 Abſchlag
449 738 51 25 der
508 734 225 35 Kaufafumme
751 741 34 30 zu
810 734 141 35 bezahlen
965 732 198 31 überbunden
1178 742 77 22 wer⸗

209 772 68 41 den.
450 774 137 23 ——
1040 781 43 15 —

295 819 33 29 3.
353 810 71 30 Der
444 810 74 29 uͤber
542 810 98 33 dieſen
658 809 105 37 Aszug
784 808 213 35 einſchließlich
1018 811 52 25 der
1091 809 164 37 bergebe⸗

210 857 61 22 nen
300 848 139 30 Waaren
467 850 51 33 ſich
553 850 68 33 noch
645 850 136 35 zeigende
801 846 301 36 Kaufſchillingsreſt
1122 848 36 34 iſt
1182 856 72 20 vom

209 887 70 36 Tag
301 891 50 26 der
361 887 237 36 Verſteigerung
617 894 41 21 aů
678 885 124 36 jahrlich
822 887 57 26 mit
900 893 22 29 4
931 882 94 40 pCto.
1041 891 34 30 zu
1085 886 170 35 verzinſen,

208 930 63 25 und
295 928 71 34 nach
394 928 84 26 einer
504 923 333 37 dießgerichtsuͤblichen
858 921 72 29 Ab-
952 927 70 23 eder
1041 922 211 36 Aufkuͤndung

209 965 35 28 in
271 962 362 34 Konventionsmaͤßigen
664 961 150 29 Silber-
846 964 69 24 oder
945 959 209 35 Goldſorten,
1190 965 63 31 und

209 1008 82 30 zwar
314 1004 33 27 in
349 994 201 48 denienigen
562 999 91 30 Kurs
676 998 107 28 anxuͤck
802 1005 34 29 zu
860 998 164 36 bezahlen,
1033 1000 139 34 welcher
1201 1007 53 29 zur

192 1039 88 34 Zeit
298 1043 50 25 der
366 1038 133 36 Abfuhr
512 1040 31 27 in
560 1036 95 36 Tyrol
672 1037 150 34 geſetzlich
836 1035 137 35 beſtehen
994 1036 92 28 wird.
1135 1036 116 38 —.562

298 1086 33 27 4.
356 1075 97 34 Muß.
474 1080 51 25 der
543 1074 117 35 Kaͤufer
679 1078 57 25 den
757 1074 47 28 bei
830 1074 92 34 dieſer
940 1074 174 34 Handlung
1137 1073 117 36 befind⸗

210 1115 93 34 lichen
321 1113 148 36 Lehrjung
487 1112 157 36 Lamberth
654 1107 136 46 Schroͤtk
819 1111 224 35 uͤbernehmen,
1068 1115 62 25 und
1159 1115 48 25 die
1220 1113 33 27 in

209 1156 67 25 dem
267 1144 225 47 dießfaͤlligen
502 1151 171 35 gerichtlich
691 1151 181 31 errichteten
885 1148 206 38 Lehrvertrag
1097 1150 77 27 voni
1197 1159 55 20 10.

209 1190 193 33 September
430 1189 85 32 1816
544 1188 176 35 enthaltene
750 1187 204 35 Bedingniſſe
985 1195 100 27 genau
1109 1188 145 34 erfuütlen,

207 1227 100 34 wofuͤr
326 1226 119 35 Kaͤufer
468 1227 69 35 noch
558 1233 41 22 an
608 1226 232 35 ausſtaͤndigen
852 1225 142 37 Lehrgeld
1008 1230 72 28 180
1096 1226 31 34 fl.
1148 1233 36 29 zu
1204 1227 50 28 be⸗

207 1267 103 36 ziehen
333 1266 66 32 hat.
895 1286 77 6 ———
1172 1275 30 14 —

293 1303 65 28 Die
390 1302 127 35 uͤbrigen
548 1301 203 36 Bedingniſſe
783 1301 119 36 koͤnnen
914 1308 69 25 von
1005 1302 98 27 einem
1120 1300 133 34 Kaufs⸗

209 1341 155 37 liebhaber
383 1342 33 27 in
432 1342 102 33 daiger
547 1339 210 37 Amtskanzlei
774 1340 138 35 iederzeit
925 1339 184 35 eingeſehen
1118 1343 137 26 werden.

295 1379 96 33 Dieſe
415 1380 256 33 Verſteigerung,
706 1379 59 29 bei
782 1378 122 32 welcher
934 1381 59 24 nur
1013 1379 160 32 derjenige
1196 1379 56 30 als

205 1416 123 34 Kaͤufer
357 1416 153 34 auftreten
535 1417 99 32 kann,
667 1417 122 32 weicher
813 1418 56 24 den
890 1423 117 29 ganzen
1031 1414 222 35 Kaufſchilling

209 1457 74 32 nach
293 1453 295 35 Geſetzesvorſchrift
611 1453 53 35 fuͤr
674 1453 255 35 Minderjaͤhrige
951 1459 49 30 zu.
1009 1453 163 36 verſichern
1183 1460 68 20 ver⸗

208 1500 72 27 mag,
326 1495 78 26 wird
428 1492 47 27 bei
492 1492 247 34 unterſertigtem
752 1490 91 29 Amte
861 1494 57 24 den
943 1490 214 38 .kuünftigen.
1172 1489 83 34 Mo⸗

208 1536 77 22 nats
304 1530 193 35 September
519 1529 179 35 Vormittag
718 1536 61 20 von
789 1529 100 36 Sibis
914 1537 37 19 ce
963 1529 79 34 uhr,
1066 1527 62 29 und
1149 1528 107 33 Mach⸗

209 1570 124 34 mittag
355 1576 59 20 von
443 1576 17 18 1
492 1566 48 28 bis
567 1575 21 27 3
609 1567 65 36 Uhr
702 1573 237 27 vorgenommen,
951 1565 105 38 und
1054 1561 97 47 nach
1162 1566 91 36 Vor—

210 1606 101 33 ſchrift
333 1608 127 32 geendet
483 1608 155 29 werden,
660 1606 43 26 im
725 1604 87 33 Falle
832 1604 94 33 aber,
937 1604 87 34 dieſe
1039 1602 215 36 Sagsſatzung

206 1643 151 35 fruchtlos
380 1644 194 34 verſtreichen
600 1641 101 34 ſollte,
738 1642 28 33 ſo
795 1642 77 27 wird
904 1645 50 24 der
980 1641 62 37 13.
1055 1637 119 45 darauf.
1183 1648 66 29 zum

210 1684 159 33 zweiten,
381 1684 63 25 und
468 1683 51 25 der
535 1688 54 27 25.
608 1679 196 33 September
824 1682 30 24 d.
871 1678 41 35 J.
935 1685 68 30 zum
1031 1680 113 28 dritten
1171 1680 83 27 Vor⸗

211 1720 303 34 ſteigerungstermin
539 1717 163 35 beſtimmt.

1156 1730 95 16 .—

366 1755 149 39 Kaiſert.
524 1755 144 35 Koͤnigt.
688 1741 201 49 Landgericht
902 1741 180 53 Binnecken
1121 1744 130 40 u

478 1795 57 27 den
554 1792 33 29 6.
607 1792 114 36 Auguſt
745 1798 96 29 1817.
1207 1802 47 30 .

515 1842 24 16 —
622 1855 18 4 1
742 1829 96 39 SJ.
799 1823 62 49 v.
864 1827 345 39 Mor,„Landrichter.

531 1897 386 45 Konkurs-Edikt.
1128 1915 108 18 m

294 1941 82 29 Vom
411 1942 26 30 k.
460 1942 24 28 t.
505 1940 126 32 Gericht
656 1940 104 35 Stein
785 1948 49 20 am
837 1934 133 45 Ritten
979 1939 91 33 wird
1076 1940 104 34 durch
1198 1947 50 26 ge⸗

204 1981 210 35 genwartiges
436 1980 92 28 Edikt
549 1981 78 33 allen
645 1979 111 33 jenen,
794 1981 94 25 denen
906 1981 114 25 daran
1053 1978 194 34 gelegenhiſt,

207 2018 132 29 dekannt
356 2019 154 35 gemacht:
576 2030 17 17 —
878 2033 50 6 ——
1041 2030 119 20 u

263 2057 78 29 Es
375 2057 49 32 ſſei
423 2047 80 48 auf
516 2055 139 36 erfolgte
680 2053 221 34 Bonisceſſion
920 2055 68 33 des.
1002 2053 89 34 Pami
1111 2051 137 31 Lintner,

204 2093 186 34 Neuhauſer
412 2101 34 28 zu
472 2093 227 30 Oberpiatten,
724 2093 73 26 uͤber
810 2095 67 34 das
895 2092 178 34 geſammte
1089 2092 42 24 im
1151 2089 98 28 Lande

206 2130 99 36 Tyrol
336 2136 61 23 und
428 2130 200 34 Vorariberg.
650 2130 174 32 beſindtiche
856 2129 187 35 bewegliche
1062 2130 74 32 und
1152 2129 96 24 unbe⸗

207 2170 139 33 wegliche
366 2168 177 35 Vermoͤgen
567 2168 177 34 desſelben,
777 2170 49 24 der
850 2165 146 29 Konkurs
992 2161 165 46 eroͤffnet
1165 2172 83 31 wor⸗

207 2209 69 27 den.
580 2224 58 14 —
858 2224 116 15 2.

298 2243 111 36 Daher
427 2243 75 28 wied
509 2235 197 48 jedermann,
710 2235 76 48 der
793 2248 39 19 au
835 2241 239 38 erſtgedachten
1086 2239 161 39 Verſchul⸗

209 2285 90 27 deten
332 2283 64 26 eine
426 2282 177 32 Forderung
629 2287 33 27 zu
691 2280 97 33 haben
817 2280 127 35 glaubt,
960 2274 116 46 anmit
1099 2282 148 27 erinnert,

206 2321 55 29 bis
293 2319 212 33 einſchließtich
532 2326 55 19 20.
622 2317 157 34 künftigen
807 2315 139 38 Monats
961 2311 206 46 Septemver
1200 2317 49 24 die

208 2358 201 33 Anmeidung
439 2356 97 32 ſeiner
557 2355 176 34 Forderung
762 2356 32 25 in
818 2354 121 35 Geſtatt
964 2356 84 33 einer
1070 2353 177 38 förmtichen

208 2395 99 33 Kiage
328 2396 93 26 wider
443 2394 117 32 beſagte
580 2392 237 36 Konkursmaſſe
836 2393 47 33 bei
904 2393 108 35 dieſem
1031 2391 142 31 Gerichte
1184 2391 62 31 alſo

207 2432 102 36 gewiß
333 2432 224 39 einzureichen,
591 2433 61 24 und
683 2432 31 25 in
741 2430 92 32 dieſer
856 2430 78 31 nicht
957 2437 59 28 nur
1038 2430 45 26 die
1106 2428 140 35 Richtig⸗

209 2471 60 28 keit
288 2470 311 33 ſeiner'Forderung,
626 2467 127 32 ſondern
778 2468 69 31 auch
869 2470 54 24 das
949 2466 109 32 Recht,
1084 2466 77 32 kraft
1184 2466 62 32 deſ⸗

207 2509 52 35 fen
281 2515 32 22 er
328 2508 30 26 in
378 2507 75 31 dieſe
468 2509 81 30 oder
572 2508 64 30 jene
656 2505 101 31 Klaſſe
778 2506 100 33 geſetzt
897 2511 34 30 zu
952 2504 121 39 werden
1095 2507 152 31 verlangt⸗

206 2554 36 28 zu
272 2545 176 33 erweiſen,
477 2546 49 25 ats
560 2544 168 33 widrigens
758 2543 69 31 nach
858 2542 136 39 Verlauf
1020 2542 94 33 dieſes
1142 2541 104 33 Tages

209 2585 162 28 Miemand
390 2583 86 32 mehr
496 2580 150 36 angehoͤrt
669 2584 133 26 werden,
827 2583 61 24 und
909 2581 182 32 dieienigen,
1117 2581 44 26 die
1181 2579 65 32 ihre

208 2621 180 34 Forderung
421 2621 48 26 bis
483 2620 111 32 dahin
623 2619 78 31 nicht
723 2612 190 47 angemetdet
927 2616 126 33 haben,
1090 2617 30 27 in
1148 2616 99 37 Ruͤck⸗

208 2659 69 33 ficht
316 2661 52 24 des
396 2655 188 38 geſammten
603 2656 199 34 Vermoͤgens
822 2659 50 24 des
886 2653 184 36 obbeſagten
1088 2655 160 34 Verſchu⸗

208 2699 89 26 deten
318 2696 77 34 ohne
412 2695 196 36 Ausnahme
633 2695 70 29 auch
737 2697 81 24 dann
844 2693 186 34 abgewieſen
1032 2687 88 48 ſeyn
1128 2691 121 32 fellen:

208 2741 91 21 wenn
334 2734 93 30 ihnen
455 2734 131 33 wirkiich
616 2733 49 26 ein
692 2729 298 39 Kempenſations:
1020 2730 227 34 Eigenthums⸗

206 2775 72 24 oder
289 2772 191 34 Pfandrecht
498 2771 157 34 gebuͤhrte,
681 2769 57 32 daß
761 2770 61 29 alſo
844 2768 87 33 ſotche
944 2767 187 34 Glaͤubiger,
1156 2774 92 22 wenn

208 2809 37 34 ſie
267 2815 78 23 etiva
364 2811 31 26 in
414 2811 60 32 die
483 2799 103 50 Maſſe
608 2807 128 34 ſchutdig
760 2806 67 33 ſeyn
849 2803 118 34 follten,
994 2808 46 24 die
1054 2806 122 30 Schuld
1190 2813 57 19 un—

208 2847 159 34 gehindert
389 2848 82 32 ihrer
494 2846 251 29 ebenbenannten
769 2844 130 32 Rechte,
927 2845 107 30 welche
1054 2843 92 34 ihnen
1170 2844 77 32 ſonft

207 2890 35 30 zu
274 2885 105 34 ſtatten
402 2885 175 35 gekommen
600 2882 116 33 waͤren,
742 2881 184 36 abzutragen
945 2882 159 34 verhalten
1128 2885 120 23 werden

209 2917 138 46 wuͤrden.
598 2945 31 12 —
826 2943 42 9 —
1151 2916 100 45 2.5

214 2957 218 36 Zugleich
462 2958 79 29 wird
563 2964 52 29 zur
636 2956 209 37 Beſtaͤtigung
865 2959 52 25 des
938 2956 187 30 einsweilen
1140 2956 110 37 aufae⸗

213 2994 131 33 ſtellten/
379 3000 67 23 oder
475 2994 194 36 Ernennung
692 2997 87 26 eines
800 2998 116 29 andern
942 2991 307 36 Maſſeverwattere

215 3032 83 25 dann
325 3038 64 27 zum
410 3033 132 31 Veeſuch
568 3033 81 28 einer
670 3033 126 35 gütigen
816 3032 208 35 Anstragung
1048 3029 91 33 dieſer
1160 3030 86 28 Konz

217 3067 150 32 tursſache
391 3068 59 28 und
461 3070 218 35 Beſtimniung
700 3074 128 25 anderer
841 3069 244 35 Vortebrungen
1107 3065 141 37 hinſtchtz

219 3103 54 31 lich
298 3106 48 25 der
373 3105 176 30 Realitaͤten
584 3105 56 35 auf
665 3113 54 23 den
752 3109 70 26 22.
830 3103 192 43 Seotember
1039 3107 69 26 um
1135 3105 111 37 2uche

219 3140 179 34 Vormittag
418 3144 31 24 in
470 3146 98 31 daiger
591 3145 259 36 Gerichtskanztel
866 3144 155 34 Tagfahrt
1044 3139 205 39 ausgeſcheit—

220 3173 76 37 den,
311 3179 71 33 und
402 3178 179 34 ſammtſiche
608 3183 174 34 Siaͤibiger
807 3181 194 35 vorgeiaden.
1125 3182 36 5 —

351 3212 110 36 Nitten
480 3218 55 26 den
556 3220 30 29 4.
605 3219 112 34 Auguſt
742 3224 92 32 1817.
970 3217 17 27 —

550 3253 191 39 Winder,
776 3256 187 33 Nichter.

832 3294 199 45 Lechthaler,
1057 3293 145 36 Adjunkt.

1396 340 41 43 —
1512 330 41 54 dem
1633 311 69 82 —.—
1939 325 61 30 ——

1324 361 156 38 B„Von
1509 366 75 5 dem
1601 364 131 20 Furſti.
1767 364 30 21 v.
1827 359 155 32 Lamberg.
2012 365 328 30 Patrimoniafgeriut.

1315 389 158 48 Kitzbicht
1483 394 79 27 wird
1584 394 88 33 durch
1695 396 244 37 gegenwaͤrtiges
1953 371 58 58 ——
2063 399 79 45 allen
2163 375 117 64 de

1316 434 96 26 denen,
1433 433 97 25 daran
1550 433 121 33 gelegen
1692 432 55 31 iſt,
1772 432 110 32 hiemit
1903 436 129 31 betannt
2052 442 153 32 gemacht!
2240 442 45 28 E6
2307 448 34 27 ſen

1316 476 60 20 von
1398 469 111 30 diefem
1523 469 146 32 Gerichte
1690 468 32 28 in
1747 470 47 26 die
1806 469 173 41 Eroͤffnung
1996 469 84 35 eines
2094 479 173 32 Konturſes
2280 479 52 30 qbe

1316 509 67 34 das
1395 505 168 35 geſammte
1592 507 50 29 im
1654 504 107 32 Lande.
1775 505 98 35 Tyrol
1883 514 78 31 und
1974 512 185 38 Vorarlberg
2181 517 162 29 befindtiche

1317 544 175 34 bewegliche
1512 546 65 25 und
1596 544 226 34 unbewegliche
1844 545 175 37 Bermoͤgen
2040 554 51 25 des
2115 554 118 34 Joſeph
2247 555 97 30 Sche⸗

1315 582 77 33 ßer,
1417 583 64 26 und
1507 580 97 33 deſſen
1627 582 215 39 verſtordenen
1853 582 193 36 Eheweibee
2071 579 154 43 Eiſareit
2245 583 100 39 Weid

1316 621 68 29 lin,
1416 619 58 33 auf
1491 621 66 26 dem,
1582 618 88 29 Gute
1690 617 68 37 Egs
1778 626 35 29 zu
1835 619 124 29 Brama
1978 624 32 27 in
2033 625 125 36 Goign,
2189 625 157 38 gewingen

1315 658 135 26 worden.
1499 656 113 32 Daher
1643 657 79 27 wird
1759 658 198 33 ijedermann,
1990 662 51 26 der
2068 656 38 35 an
2137 659 210 41 eeſthecocten

1315 694 237 32 Verſchuldeten
1575 695 66 26 eine
1661 695 181 33 Forderung
1856 702 42 28 zu
1923 696 97 34 ſtellen
2042 698 173 37 berecheiget
2234 710 35 27 zu
2281 704 67 34 ſeyn

1314 731 131 36 glaubt,
1452 727 128 49 hiemit
1587 727 176 49 erinnert,
1771 733 129 35 bis.20.
1913 734 189 35 September
2120 740 27 25 d.
2161 739 43 33 J.
2226 741 46 25 dte
2281 740 67 29 Ad-

1316 770 144 32 meidung
1493 769 97 33 ſeiner
1628 769 180 35 Forderung
1849 772 31 26 in
1913 771 122 34 Geſtatt
2066 775 80 27 einer
2176 776 169 32 Foͤrmlichen

1314 807 97 34 Klage
1439 807 96 32 wider
1560 809 141 32 gedachte
1725 807 104 36 Maſſe
1851 809 44 26 bei
1917 810 108 31 dieſem
2046 809 141 33 Gerichte
2205 814 26 31 ſo
2253 810 90 43 gewiß

1315 845 241 34 einzureichen,
1575 848 63 25 und
1660 846 35 32 in
1720 844 95 39 ſelber
1823 840 100 50 nicht
1932 840 75 50 nur
2031 848 46 27 die
2098 847 175 37 Richtigkeit
2292 854 52 32 fei

1315 890 52 20 ner
1389 882 201 33 Forderung,
1624 883 130 32 ſondern
1782 884 71 30 auch
1874 887 56 23 das
1951 883 118 33 Recht,
2107 887 82 31 kraft
2207 889 88 32 deſſen
2314 899 28 20 er

1315 921 31 26 in
1378 919 76 33 dieſe
1484 923 78 30 oder
1581 920 66 33 jene
1659 919 116 36 Klaſſe
1803 922 156 35 geſetzt
1925 915 48 47 zu
1981 926 123 27 werden
2123 923 157 35 veriangt,
2311 925 39 39 zu

1314 958 179 34 erweiſen,
1514 959 171 34 widrigens
1699 959 80 33 nach
1805 959 278 36 Veckießung
2011 954 68 45 des
2107 962 238 33 erſtbeſtimmien

1314 991 101 48 Tages
1426 997 160 38 niemand
1608 998 86 31 mehr
1711 995 109 37 gehoͤrt,
1833 999 151 32 werden,
2010 1002 62 23 und
2096 999 184 35 diejenigen,
2303 1004 41 25 die

1314 1033 65 33 ihre
1403 1033 219 35 Forderungen
1651 1035 49 25 bis
1731 1029 95 45 dahin
1840 1035 98 28 nicht
1962 1037 189 32 angemeidet
2178 1037 113 33 haben,
2314 1041 28 26 in

1316 1069 154 34 Ruͤckſcht
1495 1073 52 32 des
1557 1071 201 34 geſammten
1779 1072 41 27 im
1829 1065 108 50 Lande
1962 1071 97 35 Tyrol
2078 1076 62 25 und
2163 1072 179 39 Vorarlberg

1313 1108 199 35 befindlichen
1536 1108 198 35 Vermoͤgens
1736 1104 72 45 des
1819 1108 167 37 Eingangs
2009 1113 174 25 benannten
2195 1111 148 33 Verſchul⸗

1315 1146 85 35 deten
1418 1148 96 32 ohne
1531 1146 186 36 Ausnahine
1745 1144 81 36 auch
1841 1150 83 24 dann
1946 1149 188 33 abgewieſen
2158 1149 69 32 ſenn
2249 1149 93 33 follen,

1314 1183 103 35 wenn
1444 1184 97 34 ihnen
1568 1184 132 38 wuirklich
1719 1186 66 36 ein
1816 1183 346 39 Kompenſationsrecht
2188 1187 155 34 gebuͤhrte,

1314 1224 69 24 oder
1403 1226 87 30 wenn
1505 1220 63 34 ſie
1575 1227 66 32 auc
1667 1224 50 24 ein
1730 1221 132 39 eigenes
1875 1220 71 39 Gut
1960 1220 69 31 von
2050 1219 51 31 der
2114 1223 102 31 Maffe
2234 1231 32 28 zu
2287 1224 55 33 for⸗

1314 1261 71 33 dern
1406 1258 141 36 haͤtten,
1563 1261 70 34 oder
1659 1266 90 23 wenn
1771 1260 65 33 ihre
1858 1257 178 38 Ferderung
2059 1263 58 28 auf
2133 1257 47 31 ein
2202 1257 139 38 tiegendes

1314 1296 71 29 Gut
1408 1300 52 23 des
1487 1296 238 31 Verſchuldeten
1745 1300 198 31 vorgemertt
1956 1296 108 34 wäre,
2085 1299 80 34 alio,
2191 1300 55 31 daß
2263 1299 81 32 ſolche

1314 1334 323 36 Glaͤubigerewenn
1652 1334 36 32 ſie
1708 1341 80 21 etwa
1809 1337 31 25 in
1866 1337 45 26 die
1924 1335 104 33 Maſſe
2051 1333 128 40 ſchuldig
2203 1336 66 34 ſehn
2282 1331 69 38 lol⸗

1314 1377 71 29 ten,
1387 1366 81 55 die
1470 1366 138 55 Schuld,
1623 1373 207 33 ungehindert
1850 1372 73 38 des,
1928 1370 287 42 Kompenſations⸗
2236 1372 105 37 Eigen⸗

1315 1410 130 31 thume⸗
1467 1412 77 34 oder.
1561 1409 239 39 Pfandrechtes,
1827 1413 56 24 das
1906 1409 93 35 ihnen
2004 1405 100 47 ſonſt
2109 1410 46 37 zu
2177 1412 102 31 ſtatten
2295 1411 46 34 ge⸗

1314 1448 137 26 kommen
1472 1448 103 30 waäre,
1601 1446 185 37 abzutragen
1806 1450 159 35 verhatten
1990 1447 120 29 werden
2122 1480 193 5 wuͤrden.

1391 1485 185 37 Uebrigens
1596 1487 82 33 wird
1691 1485 69 34 aüf
1786 1487 56 25 den
1858 1487 60 27 22.
1942 1486 193 35 September
2158 1491 28 22 d.
2207 1482 38 38 J.
2255 1478 87 48 Vor⸗

1313 1522 129 34 mittags
1466 1530 22 28 9
1510 1520 65 36 Uhr
1595 1521 155 36 Tasſahrt
1773 1524 204 30 anberaumt,
2011 1525 98 26 wobei
2136 1525 56 26 aule
2217 1524 127 28 Gtänki⸗

1313 1568 49 25 ger
1385 1568 34 27 zu
1449 1563 65 24 dem
1542 1559 86 29 Ende
1653 1567 41 31 zu
1715 1560 176 37 erſcheinen
1911 1562 118 35 haben,
2061 1569 53 19 um
2141 1562 51 32 ſich
2213 1562 71 26 uͤber
2305 1562 42 25 die

1313 1597 94 35 Wahl
1402 1592 116 49 eines.
1525 1596 383 41 Bermoͤgensverwalters
1927 1602 61 31 und
2009 1598 338 31 Kreditorenausſchui⸗

1314 1635 44 33 ſes
1377 1638 47 32 zu.
1435 1634 301 41 entſchließen/
1664 1629 80 50 ünd
1757 1633 54 31 um
1809 1629 86 50 eine
1903 1629 162 50 guͤtliche
2061 1635 227 35 Ausgleichung
2301 1638 47 24 der

1313 1672 104 34 Sache
1442 1672 35 35 zu
1498 1670 345 33 verſuchen.
1944 1670 25 13 —
2167 1675 112 29 —
2298 1669 39 32 —

1321 1710 402 39 Patrimonialgericht
1740 1709 144 34 Kitzbicht
1908 1712 56 26 den
1983 1718 32 20 1.
2033 1709 118 36 Auguſt
2170 1712 109 34 1817.

1532 1753 198 20 Slortan
1742 1745 161 38 EnoIi,
1930 1743 136 42 Richter.
2285 1772 73 7 —

1817 1784 160 40 Friedrich
1995 1785 142 34 Appold,
2160 1782 200 41 Adjuntt.“.

1400 1803 101 15 65.

1381 1852 581 34 Edne.
2257 1848 66 29 ——

1395 1892 140 41 GSohann
1554 1894 237 35 Ehegartner,
1800 1888 221 49 Bauersſohn
2049 1902 59 21 von
2141 1895 112 37 Utten,
2286 1895 73 33 ebhe⸗

1312 1933 82 37 mals
1417 1936 61 26 des
1487 1931 216 42 Landgerichts
1726 1932 100 31 zang,
1863 1934 170 34 Gemeiner
2052 1938 52 23 des
2126 1930 109 39 koͤnigl.
2258 1932 100 29 batera

1309 1969 86 37 Aten
1412 1971 124 33 leichten
1561 1969 414 39 Bufanterie⸗Bataillons
1990 1971 41 27 v.
2059 1971 163 34 Wreden,
2248 1969 104 36 wurde

1311 2007 58 29 mit
1390 2008 87 27 Edttt
1490 2011 77 33 des,
1575 2007 218 35 Landgerichts
1809 2008 93 29 Lana.
1910 2009 67 28 ddo.
1994 2008 56 37 29.
2068 2008 90 35 Suni
2180 2003 82 49 1815
2271 2003 80 49 vors.

1309 2048 147 32 geladen,
1482 2044 51 35 ſich
1554 2044 124 36 gehoͤrig
1699 2052 34 28 zu
1754 2046 138 33 melden,
1901 2043 187 40 witrigens
2097 2050 66 32 das
2186 2042 172 38 demfeiben

1310 2090 61 28 don
1375 2077 133 49 ſeinem
1530 2077 103 49 Bater
1658 2085 87 31 durch
1771 2083 177 35 Seſtament
1967 2081 179 39 zügedachte
2165 2082 188 34 Bauerngut

1311 2121 33 35 zu
1372 2118 237 38 Kaſſervach
1561 2113 60 47 in
1632 2121 93 27 Utten
1751 2123 56 32 den
1829 2121 108 34 darüm
1959 2117 213 38 aniangenden
2196 2122 155 31 Geſchwi⸗

1311 2158 107 35 ſterten
1441 2148 154 51 desſeiben
1604 2152 115 41 wuͤrde
1740 2154 193 39 eingerannit
1949 2156 137 39 werden.

1399 2196 94 31 Nicht
1507 2196 69 41 nur,
1594 2194 52 36 hat
1665 2203 33 30 er
1724 2199 54 29 den
1801 2193 272 41 doripeaſigirten
2089 2195 128 29 Termin
2238 2195 118 33 fruchts.

1310 2234 47 38 los
1372 2233 193 34 verſtreichen
1578 2232 116 40 laſſen,
1721 2234 127 33 ſondern
1852 2228 83 48 auch
1951 2235 142 32 deſſeiven
2110 2234 238 32 Geſchwiſterte,

1310 2274 54 26 ols
1385 2272 45 25 die
1455 2271 183 36 geſetzlichen
1664 2271 126 31 Erben,
1826 2272 96 32 haben
1947 2269 185 38 aügelangt,
2168 2272 56 31 daß
2246 2278 30 27 er
2290 2269 66 36 als.

1311 2310 130 30 wirklich
1451 2309 60 27 tod
1534 2309 150 39 ertlaret,
1711 2304 62 31 und
1782 2310 106 35 ihnen
1910 2312 54 25 das
1978 2310 188 33 Banefngut
2181 2316 34 28 zu
2228 2307 128 37 Kaffer⸗

1310 2348 68 30 bach
1407 2346 132 40 ſowohl,
1572 2344 55 38 is
1639 2350 72 32 das
1740 2346 438 36 Vetlaſſenſchaftevermogen
2207 2345 140 33 deſſelben

1309 2382 210 36 eingeraumet
1539 2384 122 27 werden
1676 2385 100 26 wolle.
1922 2411 36 5 —
2301 2386 15 32 —

1396 2419 108 30 Bevor
1529 2423 110 35 dieſem
1652 2415 113 48 Statt
1777 2422 125 36 gethan
1920 2422 122 28 werden
2065 2423 101 30 kann,
2198 2422 76 36 wird
2294 2421 52 36 der

1309 2465 153 29 genannte
1486 2460 137 32 Sobann
1654 2459 194 34 Ehegartner
1878 2464 70 24 oder
1982 2462 97 31 deſſen
2109 2459 141 29 Relicten
2271 2458 74 26 oder

1309 2496 209 32 Ceſſionarien
1542 2498 108 31 hiemit
1668 2497 228 35 auftzefordert,
1931 2499 63 29 daß
2009 2498 35 27 er
2062 2501 70 25 oder
2154 2497 34 33 ſie
2208 2497 49 31 ſich
2279 2496 65 32 bin⸗

1310 2542 58 21 nen
1394 2539 111 22 einem
1514 2530 111 46 Zahre
1639 2543 55 29 um
1700 2536 55 31 ſo
1784 2536 197 33 unfehtbarer
2002 2545 53 18 vor
2078 2535 106 32 dielem
2206 2534 137 28 Serichte

1310 2574 118 26 melden
1451 2571 61 38 und
1519 2568 203 42 teginmiren
1729 2571 125 37 ſonen,
1891 2576 47 24 dis
1967 2572 224 35 widrigenfatts
2216 2571 128 35 Sohann

1310 2607 261 38 Ebegartuerals
1585 2608 139 41 wirklich
1751 2615 49 24 tod
1826 2612 150 31 erklart,
1992 2614 62 24 und
2081 2615 54 23 das
2164 2608 180 29 Erboermo⸗

1309 2656 56 27 gen
1393 2651 58 30 den
1482 2646 50 33 ſich
1561 2651 186 31 gemeldeten
1772 2649 221 35 Geſchwiſtern
2023 2651 70 30 auch
2116 2646 77 35 ohne
2215 2646 127 28 Cautien

1310 2683 256 37 cingeantworter
1591 2683 121 30 iverden
1739 2683 180 39 wuͤrde.

1398 2722 138 33 Weiches
1567 2720 170 34 demſelven
1769 2720 57 31 mit
1852 2729 65 30 dem
1943 2724 130 33 bekannt
2100 2723 132 35 gemacht
2257 2719 87 28 wird-

1310 2761 56 35 daß
1376 2762 62 36 ein
1460 2759 135 40 Curator
1617 2761 50 34 fuͤr
1686 2762 54 33 ihn
1762 2763 31 26 in
1815 2766 50 23 der
1876 2753 130 50 Perſon
2030 2767 51 22 des
2106 2760 100 36 Dateb
2225 2757 138 38 Pichlet,,

1310 2798 58 35 auf
1385 2798 142 32 Durrach
1545 2798 65 34 von
1620 2798 119 34 dieſem
1757 2800 145 35 Gerichteé
1923 2800 184 34 aufgeſtellet
2129 2801 120 24 worden
2269 2794 54 33 ſey.

1387 2835 142 34 Graͤflich
1547 2835 199 37 Trappiſches
1771 2835 382 38 Patrimoniat-Gericht
2172 2836 90 27 Utten

1537 2875 56 31 den
1602 2877 79 32 25.
1689 2870 122 46 Sulius
1838 2880 94 32 1817.

1704 2912 48 30 D.
1757 2906 148 53 Biaſius
1918 2913 229 39 Pardatſcher,
2172 2896 148 61 NRichter.

1403 2992 116 6 ——
1586 2995 22 26 —
1740 2987 69 31 Ed
1835 2989 49 30 it
1908 2993 24 26 t.

1401 3028 77 29 Das
1512 3030 24 28 t.
1561 3031 26 28 t.
1607 3029 264 38 Kollegialgericht
1901 3031 150 35 Feldkirch
2082 3030 52 34 hat,
2151 3030 50 26 der
2219 3023 125 31 Bittwe

1314 3066 94 38 Anna
1431 3067 114 28 Maria
1566 3069 101 34 Frick?
1703 3071 175 34 Jebohenen
1899 3071 75 35 Zutz
2004 3076 59 22 don
2090 3065 171 35 Feidtirch,
2289 3060 58 27 aus

1314 3109 67 34 dem
1399 3104 133 30 Grunde
1558 3109 49 25 der
1630 3108 282 36 Unvermoͤgenhein
1936 3108 50 33 ſich
2008 3106 82 34 ſelbſt
2107 3111 34 28 zu
2166 3103 111 40 ieitn⸗
2301 3095 43 28 *

1314 3144 102 32 eigene.
1451 3143 396 38 Vermoͤgensverwaltüng
1871 3144 232 38 abzunehmen;
2141 3142 60 24 und
2225 3131 120 35 diclelhe

1316 3186 64 22 dem
1402 3180 176 31 Speditene
1589 3183 121 33 Joſeph
1722 3184 125 28 Winter
1872 3184 114 32 Sahiec-
2011 3182 48 26 ats
2081 3178 97 34 ihrem
2198 3169 145 34 nunmed⸗

1315 3220 86 33 rigen
1421 3218 139 29 Kurator
1583 3226 35 29 zu
1644 3222 183 34 uͤbertragen
1850 3221 162 30 befunden.

1400 3255 55 28 Da
1490 3259 45 25 die
1567 3261 134 30 dedachte
1727 3259 95 29 nna
1845 3258 114 29 Maria
1972 3254 92 35 Frick
2086 3249 181 36 dieſemnach
2286 3248 57 25 vet

1316 3300 66 23 nun
1404 3301 38 21 an
1469 3296 54 28 den
1546 3296 276 37 Mindecahtigen
1837 3296 94 37 giic
1953 3293 129 36 geuchiet
2102 3291 99 31 wird,
2216 3289 28 30 ſe
2269 3282 72 28 wier

2200 3323 105 36 ſoͤlchts
