2339 3659
1185 113 92 45 34a.

137 205 209 47 Contingent
357 210 74 29 dem
445 226 6 4 ⸗
471 188 73 60 ibbi.
558 194 237 63 Laiſerjaͤger⸗
805 194 171 63 Negiment
994 194 195 63 eingereihet

173 258 17 21 u
215 253 134 26 werden.

242 287 152 32 Raͤchdem
426 282 49 35 ihr
498 276 389 39 Aufenthalt-unbekannt,
917 278 76 34 iſt,
1015 277 29 34 ſo
1071 277 116 29 werden

155 324 144 32 dieſeiben
321 321 106 34 hiemit
446 318 153 34 oͤffentlich
620 318 205 34 dorgeladen,
858 315 52 34 ſich
933 322 52 21 um
1004 315 29 33 ſo
1058 313 130 37 gewiſler

156 362 151 34 laͤngſtens
326 359 113 26 binnen
458 360 21 28 8
504 354 132 35 Wochen
659 355 46 29 bei
727 357 65 24 dem
819 354 257 35 unterzeichneten
1093 351 92 29 Land⸗

153 395 122 41 gerichte
293 402 34 30 zu
348 395 120 33 ſtellen,
486 394 59 27 als
558 394 71 32 nach
648 390 137 33 Verlauf
810 390 92 32 dieſer
920 390 80 34 Friſt
1028 393 49 25 der
1105 388 79 43 Aus⸗

153 435 151 30 dleibend?
325 433 69 33 nach
413 430 44 37 S.
473 438 55 28 23.
553 434 51 25 der
625 429 209 36 allerhoͤchſten
855 427 200 34 Jnſtruction
1049 423 76 48 fuͤr
1133 430 54 23 die

149 469 222 39 gegenwaͤrtige
400 468 237 34 Eompietirung
664 469 64 32 des
771 464 220 35 Kaiſerjaͤger⸗
1006 463 181 37 Regiments

149 507 219 35 widerſpenſtig
399 506 151 32 erklaͤret,
583 511 35 26 a
655 504 81 32 ſeine
766 501 297 37 Capitutationszeit
1089 508 48 22 um
1166 508 30 24 4.

147 545 104 35 Zahre
273 544 192 34 vertaͤngert,
490 543 39 34 b)
554 542 127 32 derſelbe
701 541 70 32 auch
802 543 104 29 daun,
940 547 91 36 wenn
1062 548 29 21 er
1118 539 68 33 auch

148 584 72 31 Zach
244 581 138 36 Verlauſ
396 584 55 26 des
459 580 304 34 militaͤrpflichtigen
784 577 108 30 Alters
911 578 143 34 ergriffen,
1063 576 127 31 wuͤrde⸗

147 628 42 20 an
206 623 57 25 das
282 619 171 35 Regiment
470 616 193 36 Kaiſeriaͤger
687 616 168 34 abgegeben
880 617 63 25 und
963 615 128 32 derſelbe
1119 615 78 31 noch.

128 658 160 28 uͤberdies
313 660 36 31 c)
373 659 54 26 des
449 654 155 35 Rechtes,
629 655 50 35 ſich
700 657 211 31 vertreten
864 647 52 48 zu
931 651 118 36 laſſen,
1074 653 112 29 verlur⸗

148 697 54 35 ſtig
225 694 125 28 exklaͤret
374 697 123 26 werden
521 692 115 28 wuͤrde.

234 731 90 35 Telfs
349 739 51 19 am
422 737 35 30 5.
479 728 180 39 November
683 732 98 32 1819.

148 769 89 35 Graf
260 777 31 23 v.
314 768 131 37 Spaut.
462 767 192 35 Landgericht
676 765 193 36 Hoͤrtenberg
898 765 62 27 und
984 762 202 38 Schloßberg.

479 812 32 22 v.
536 805 260 34 Guggenberger,
821 802 215 34 Landrichter.

410 871 534 46 Verſteigerungs-⸗-Edikt.
1033 877 45 27 U

235 917 74 30 Von
339 920 67 26 dem
430 916 168 35 Freiherri.
623 923 31 20 v.
678 907 285 51 Sternbachiſchen.
970 911 217 43 Landgerichte

149 963 35 30 zu
206 954 111 37 Thaur
351 957 77 26 wird
457 955 107 34 hiemit
597 954 130 36 bekannt
749 953 150 33 gemacht,
924 955 58 27 daß
1017 953 61 32 auf
1090 951 96 39 Anſu⸗

150 997 69 30 chen
242 997 51 24 des
308 994 24 27 k.
353 994 25 26 k.
390 992 84 34 Hrn.
487 989 269 36 Guberniairaths
768 994 60 24 und
844 991 343 30 Kammerproturators

124 1031 92 27 Or.
247 1031 121 33 Joſeph
411 1029 96 33 Rapp
531 1030 49 26 als
618 1028 164 27 Vormund
824 1030 49 24 der
897 1026 149 35 Bohann
1085 1027 101 27 Anton

152 1068 238 31 Suitneriſchen
426 1067 169 34 Pupilien,
628 1070 63 23 und
735 1066 32 25 in
805 1063 191 34 Gemaͤßheit
1034 1067 52 27 der
1118 1071 67 20 vom

147 1105 161 34 Hechtoͤvi.
331 1104 25 28 k.
382 1104 13 27 t
439 1103 120 29 Stadt⸗
584 1106 63 32 und
677 1102 175 33 Landrechte
875 1107 33 28 zu
937 1101 177 33 Jnnsvruck
1138 1101 59 32 als.

150 1141 477 33 Sbervormundſchaftsbehoͤrde
651 1147 122 21 unterm
786 1148 54 26 39.
864 1138 101 34 Sept.
992 1141 28 24 d.
1044 1138 40 34 J.
1106 1137 81 29 Nro.

148 1179 89 37 6365
261 1181 83 35 hiezu
365 1180 162 33 ertheitten
547 1177 215 34 Bewilligung
786 1176 71 27 uͤber
875 1175 210 36 nachſtehende
1102 1175 83 28 Rea⸗

149 1217 111 29 lilaͤten
293 1219 47 27 die
373 1216 167 35 oͤffentliche
569 1215 235 35 Verſteigetung
827 1220 236 28 vorgenommen
1081 1218 118 28 werde,

119 1255 188 30 naͤmlich:

151 1293 35 36 a)
210 1291 78 29 Eine
330 1289 190 37 Behanſung
551 1291 33 27 in
617 1292 52 25 der
700 1287 173 30 Gemeinde
910 1286 145 32 Muͤhlan
1084 1290 55 26 mit
1165 1294 22 28 5

180 1329 192 31 Stuben,
397 1329 62 27 drei
476 1327 142 33 Kuͤchen,
642 1329 99 26 einem
775 1327 113 27 kieinen
912 1325 123 33 Saal,
1037 1331 71 32 und
1131 1333 55 20 an—

218 1369 72 25 dern
312 1365 210 33 Gemaͤchern,
552 1364 196 37 Kammern,
772 1363 121 28 Kelleen
917 1370 65 26 2c.,
1004 1366 83 31 dann
1109 1362 78 34 Hoſ⸗

217 1405 95 33 ſtatt,
330 1403 162 31 Stadl,
510 1401 193 35 Fruͤhgarten
737 1404 61 24 und
832 1401 191 34 Brunnen.,
1038 1402 49 31 im
1110 1399 77 38 Holz

182 1445 200 31 genannt,
399 1440 75 35 ſtoͤnt
497 1448 29 19 1.
552 1447 38 20 an
615 1439 210 33 nachfolgende
846 1437 256 36 Mahdſratt,
1063 1433 48 47 2.
1125 1443 61 22 und

214 1486 32 27 3.
272 1486 39 20 an
343 1477 153 35 Leonhard
524 1476 206 30 Kardinalers
755 1475 132 34 Erben,
913 1479 77 25 und
1014 1483 33 29 4.
1058 1475 53 28 an
1140 1477 46 27 die

200 1511 200 42 Gemeinde.
993 1519 19 8 1

148 1552 38 36 b)
209 1551 63 30 Ein
304 1552 238 34 Baumgarten,
574 1550 107 37 graͤnzt
712 1550 207 35 allenthalben
942 1551 59 28 wie
1029 1551 74 28 oben
1125 1551 70 28 und

216 1590 35 33 iſt
274 1590 96 32 naͤchſt
389 1597 48 21 am
460 1589 124 33 Hauſe.!
606 1588 113 36 Beide
738 1587 115 30 Entien
865 1588 98 37 ſtehen
987 1590 42 27 im
1048 1588 139 36 Kätaſter

215 1632 88 22 unter
333 1626 81 29 Nro.
441 1635 75 26 125.
1081 1641 22 6 —

150 1664 35 36 c)
208 1664 136 28 Weiters
372 1665 49 28 ein
448 1663 103 35 Alger
581 1669 91 22 unter
704 1661 85 30 Nro.
826 1660 115 37 Cataſt:
968 1662 82 33 126,
1064 1656 122 48 graͤnzt

215 1711 31 18 1.
261 1702 48 27 an
335 1705 55 24 den
422 1702 179 34 Dorfpach,
633 1701 161 32 reſpektive
829 1708 39 19 an
878 1704 59 28 die
942 1701 119 31 Grafl.
1077 1710 36 18 v.
1135 1701 50 28 Lo⸗

216 1740 169 33 droniſchen
409 1738 115 32 Guͤter,
547 1747 33 20 2.
601 1745 39 20 an
662 1741 46 24 die
721 1738 185 31 Gemeinde,
928 1737 43 36 3.
981 1746 42 18 an
1048 1740 45 27 die
1116 1747 68 19 vor⸗

216 1777 136 33 ſtedende
381 1775 201 32 Realitaͤten,
606 1779 61 23 und
689 1782 41 19 an
747 1777 66 33 die
832 1774 153 34 Leonhärd
1006 1776 180 33 Kardinali⸗

139 1812 162 30 ſchen
323 1811 123 32 Erben,
469 1818 33 27 4.
525 1819 40 19 an
589 1813 45 25 die
657 1811 172 27 Gemeinde,
843 1811 151 34 ferners
1064 1811 99 27 —

151 1848 22 24 4

205 1875 129 49 Cataſt.
361 1887 81 27 127,
466 1881 121 27 weicher
607 1879 82 32 ſchon
720 1882 42 24 im
792 1879 104 35 Sahre
918 1889 83 27 1717
1028 1889 32 28 zu
1081 1882 104 31 dieſem

215 1916 149 29 Anweſen
381 1916 154 34 verliehen
563 1920 123 29 wurde,
711 1916 177 33 Ackerſtatt,
914 1923 61 22 und
995 1920 83 25 eines
1092 1919 94 33 Thei⸗

217 1956 45 26 les
287 1956 56 26 mit
367 1955 48 26 ein
440 1952 108 29 Staar
568 1954 127 33 Reggen
717 1956 153 31 angebaut
899 1955 53 34 iſt,
987 1955 28 34 ſo
1048 1958 55 26 wie
1124 1964 59 21 von

216 1993 78 27 allen
331 1991 119 28 Seiten
484 1998 40 20 an
550 1994 46 25 die
617 1991 174 28 Gemeinde
820 1991 121 36 graͤnzt.

215 2029 120 34 Hieran
367 2028 77 35 ſtoͤßt
877 2057 54 4 —

218 2069 65 26 laut
307 2065 209 38 Verleihbrief
536 2072 68 20 vom
631 2064 103 36 Jahre
757 2072 83 30 1772
863 2067 56 36 ein
930 2065 253 37 Gemeingrund,

215 2105 29 32 ſo
272 2104 239 34 groͤßtentheiies
536 2109 32 28 zu
602 2101 87 37 Acker
719 2103 162 32 kultivirt,
906 2108 60 23 und
995 2104 121 34 worauf
1135 2107 48 27 ein

216 2140 293 34 Sommerhuͤttchen
536 2140 156 33 befindlich
726 2141 56 34 iſt,
814 2141 123 33 ferners
947 2139 134 39 vermeg
1105 2142 78 29 Ber⸗

218 2178 144 35 leihbrief
375 2186 59 19 von
459 2185 84 28 12775
566 2179 64 25 eine
653 2177 179 36 Holzhuͤtte.
988 2179 166 23 ———

150 2214 34 37 7)
206 2215 61 28 Ein
297 2216 78 32 ſchon
406 2217 41 26 im
468 2215 104 35 Jähre
603 2215 84 36 1769
711 2216 195 34 zugetheilter
938 2215 114 36 Grund
1059 2219 49 30 in
1133 2220 51 26 der

216 2251 228 35 Haller⸗-Aue,

215 2290 124 34 Mittag
357 2299 39 18 an
426 2291 95 32 Feld,
545 2290 106 27 Abend
671 2298 40 19 an
732 2290 134 34 Johann
891 2290 101 35 Hoſp,
1020 2295 59 29 und
1088 2292 94 29 Mit⸗

215 2330 132 30 ternacht
364 2331 40 24 an
432 2329 45 26 die
496 2328 171 34 Kiesgrubec
689 2328 117 36 graͤnzt.
1070 2327 25 13 —

235 2366 65 27 Die
330 2364 182 29 Realitaͤten
532 2366 60 25 sub
617 2374 29 17 a.
671 2364 31 28 b.
715 2370 61 22 und
802 2364 33 29 d.
860 2365 60 34 ſind
942 2368 65 25 dem
1029 2366 24 35 k.
1066 2367 35 35 k.
1100 2366 79 36 Hof⸗

149 2404 87 27 vau⸗
261 2404 232 31 Schreiveramt
515 2408 32 29 zu
567 2402 179 33 Jnusbruck
776 2405 57 26 mit
862 2402 232 32 Grundrechten

152 2067 40 38 4)

1126 2413 55 12 uu2

1127 2426 55 7 Uun2

151 2440 184 31 teiworfen,
360 2443 59 23 und
451 2439 134 27 kommen
608 2440 94 34 dahin
730 2439 127 35 jährlich
888 2448 51 28 zur
963 2443 219 33 gewoͤhnlichen

152 2476 85 32 Zeit,
263 2480 47 23 als
339 2484 57 18 von
420 2481 47 23 der
493 2475 190 35 Behauſung,
715 2481 61 23 und
804 2477 173 35 Zugehoͤrde
997 2479 94 36 6tr.,
1113 2488 69 20 vom

152 2513 168 35 Neurauth
342 2515 68 26 aber
435 2521 20 27 4
471 2513 39 27 kr.
535 2515 107 30 rechter
664 2513 184 37 Grundzins
883 2521 34 29 zu
943 2518 173 32 entrichten.

242 2550 73 28 Von
340 2554 54 23 den
420 2555 119 23 unterm
556 2557 59 27 17.
640 2549 71 30 Ott.
738 2559 81 28 174t
843 2558 36 30 zu
912 2554 95 26 bauen
1028 2555 154 34 bewillig⸗

153 2593 51 23 ten
235 2589 60 25 drei
326 2586 130 29 Stuben
490 2591 59 23 und
578 2590 71 32 zwei
675 2588 124 33 Kuͤchen
828 2591 69 29 auch
931 2591 64 26 vier
1017 2591 165 29 Kammern

153 2626 62 31 lind
235 2629 49 22 der
295 2625 104 34 Pfleg-
423 2628 60 24 und
500 2624 256 34 Lehenherrſchait
774 2634 34 27 zu
830 2628 109 32 Thaur
957 2627 120 36 jaͤhrlich
1094 2638 22 27 g
1141 2631 41 27 kr.

152 2662 192 33 Feuerſtatt⸗
359 2661 314 35 Rekognitionszins,
706 2663 28 32 ſo
756 2666 57 25 wie
835 2662 112 35 eubiich
972 2668 64 24 dem
1054 2668 129 28 iobwür⸗

151 2702 86 31 digen
259 2699 63 28 St.
355 2698 388 39 Leonhards-Gotteshaus
761 2708 34 28 zu
816 2701 142 36 Muͤhlau
976 2702 119 38 jaͤhrlich
1110 2705 73 35 3ke.

152 2736 158 36 Afterzins
338 2742 38 29 zu
396 2738 126 29 reichen.

238 2775 72 26 Von
329 2776 65 26 dein
416 2774 61 26 zub
491 2773 95 41 Rro.
612 2783 30 18 e.
667 2775 223 33 beſchriebenen
916 2774 126 37 Anger,
1064 2780 121 32 worauf

149 2811 109 34 vorher
277 2812 66 27 eine
368 2810 189 35 Behauſung
568 2834 194 11 geſtanden,
787 2814 117 31 welche
924 2812 167 37 Fruüerſtatt
1113 2818 70 27 aber

149 2849 258 33 hinweggebracht
445 2851 144 27 worden,
621 2847 94 36 leiſtet
753 2858 74 19 man
866 2849 123 35 jaͤhrlich
1013 2861 49 20 um
1095 2855 87 27 Galli

213 1848 61 24 Ein
301 1847 257 28 Meurauthober
585 1850 52 20 der
659 1847 192 30 Behauſung
878 1849 123 29 gelegen
1020 1849 62 23 sub
1103 1845 83 27 Nro.

485 2253 29 33 ſo
545 2256 92 30 gegen
669 2251 138 36 Morgen
838 2260 39 20 an
906 2250 129 35 Kaſfian
1068 2253 154 37 Wach,—

150 2889 50 25 der
216 2891 174 28 genannten
402 2885 105 33 Pfleg⸗
526 2890 61 23 und
600 2884 261 39 Lehenherrſchaft
875 2887 107 33 Thaur
994 2891 47 25 ats
1054 2891 128 29 Grund⸗

150 2923 159 34 herrſchaft
329 2931 41 32 z4
383 2924 42 26 kr.
458 2929 39 21 an
524 2922 83 28 Geld,
640 2929 61 22 und
733 2930 33 29 zu
798 2923 204 36 gevuͤhrender
1023 2926 65 32 Zeit
1110 2931 72 33 zwei

149 2959 152 34 Huͤhner,
326 2965 28 24 ſo
374 2961 56 26 wie
460 2962 72 25 eben
558 2961 95 32 dahin
677 2968 58 20 von
765 2964 51 26 der
836 2962 88 27 unter
945 2972 25 17 e
981 2966 201 28 vorkommen—⸗

154 3000 54 24 den
225 2997 163 35 Hehuͤtte
408 2998 123 35 jährlhich
549 2998 89 32 2tr.,
662 3003 62 24 und
736 3006 58 20 von
807 3003 65 24 dem
888 2999 178 34 Auegrunde
1086 2997 25 35 1.
1133 3005 49 33 für

152 3034 79 32 ſedes
256 3025 97 42 Juch
369 3034 20 26 6
410 3036 40 26 kr.
473 3034 197 35 Grundzins,
697 3038 61 25 und
783 3040 42 30 48
840 3036 40 28 kr.
905 3036 190 37 Archengeld.

239 3070 41 32 Zu
318 3071 105 31 dieſem
465 3072 147 31 Anweſen
651 3072 132 35 gehoͤren
813 3074 138 27 uͤberdies
985 3079 68 31 zwei
1089 3079 93 28 kleine

153 3105 186 36 Holzebeite,
364 3116 105 19 wovon
500 3112 50 23 der
579 3109 132 28 einein
743 3113 51 26 der
832 3111 193 35 Pirchleute,
1048 3120 58 24 und
1130 3120 51 24 der

154 3145 106 24 andere
281 3146 41 25 im
343 3144 215 34 Taubenthate
590 3147 85 33 liegt.

153 3210 129 38 Fundus

243 3179 52 28 Wit
303 3182 117 41 dieſen
440 3181 183 30 Redtitaͤten
645 3186 75 26 wird
738 3185 75 32 auch
835 3187 49 24 der
909 3174 86 39 dabei
1012 3182 168 46 befindliche

314 3218 185 37 inſtructus,
529 3220 155 36 beſtehend
706 3225 31 26 in
749 3222 79 37 zwei
845 3222 134 36 Kuͤhen,
1006 3225 58 30 und
1082 3223 130 37 enen

1223 537 75 29 die
1325 534 270 35 pupillarmaßige
1771 570 9 4 e

1237 571 207 36 Vermoͤgen,
1467 575 70 25 oder
1558 572 85 32 durch
1670 570 184 35 Buͤrgſchaft
1876 572 204 38 auszuweiſen
2099 583 124 29 vermag.

1844 7 48 52 8

1252 195 164 38 traͤchtigen
1446 194 144 39 Kalbe,
1607 193 270 40 dann⸗Duͤnger,
1895 196 120 39 Futter

1250 235 220 34 verſchiedenen
1510 231 276 38 Geraͤthſchalten,
1832 241 106 21 wovon
1976 218 45 60 die
2056 198 199 84 Sefandgz

1251 275 62 26 und
1325 266 183 46 Schaͤtzung
1533 272 46 27 bei
1600 274 66 25 dem
1697 271 83 34 Hen.
1806 270 181 35 Vormunde
2007 272 164 49 eingeſehen
2191 262 66 54 —

1250 313 58 35 den
1330 311 102 32 kgun/
1454 309 150 35 offentiich
1623 308 213 34 ſeilgeborhen.

1337 347 63 35 Fuͤr
1428 347 93 30 dieſes
1543 352 105 30 ganze
1679 345 149 33 Anweſen
1852 340 98 46 nebſt
1960 347 125 34 Fundus
2109 348 144 48 iuſtructas

1250 386 36 35 iſt
1313 388 50 27 der
1383 384 224 34 Ausrufspreis
1632 383 152 34 feſigeſetzt
1801 384 57 34 auf
1880 384 87 36 3600
1977 387 33 32 fl.
2029 384 43 32 R.
2091 390 62 30 W.

1548 421 117 32 Bed
1690 423 95 31 ing
1887 421 91 38 unf.e.

1323 469 34 26 1
1381 458 91 30 Wird
1500 464 67 34 zum,
1597 458 100 32 Kaufe
1719 458 56 28 mit
1803 456 120 31 Ausna
1939 467 45 20 me
2002 462 51 26 der
2078 461 179 43 Judenſchaſt

1247 498 178 34 jedermann
1449 496 184 38 zugelaſſen,
1659 500 50 24 der
1726 502 46 21 um
1786 498 67 25 den.
1875 485 192 49 erſtandenen
2090 502 167 35 Kaufspiei⸗

1639 533 193 34 Sicherheit,
1861 538 149 24 entweder,
2043 539 82 31 durch
2152 542 104 33 eigencz

1260 619 108 29 2.
1396 610 90 29 Wird
1510 616 89 22 unter
1631 613 67 24 dem,
1715 603 251 51 Ausruispreife
1984 611 64 27 kein
2077 610 180 40 Anvoth'an,

1248 655 193 30 genommen.

1313 695 53 27 3.
1393 685 133 34 Werden
1548 682 189 40 ſaͤmmtliche
1770 681 182 31 Realitaͤten
1989 682 39 29 ad
2043 693 137 30 corpus
2208 696 51 26 und

1248 723 80 34 nicht
1351 723 37 27 ad
1414 730 188 20 mensuram
1629 720 181 38 verkauft.
1926 726 49 28 —

1335 768 43 29 4.
1391 760 75 28 Das
1484 759 211 36 Eidenthum,
1719 760 71 37 aber
1815 759 69 33 auch
1905 759 46 26 die
1972 757 81 36 Wag
2073 764 60 24 und
2154 761 106 42 Gefahr

1247 797 71 35 geht
1337 805 68 20 vom
1424 797 83 35 Tage
1532 800 50 24 der
1599 796 234 35 Verſteigerung
1857 795 55 33 auf
1927 796 56 28 den
2002 795 117 32 Kaͤufer
2140 797 75 32 uͤber.

1334 843 34 28 5.
1391 836 70 26 Der
1491 833 117 36 Kaͤufer
1636 834 72 31 muß
1730 833 63 28 alle
1823 832 163 33 Steuern,
2011 832 182 38 Wuſtungen
2209 844 53 25 und

1237 857 135 50 foͤnſti⸗
1390 876 66 24 was
1479 874 109 26 immer
1611 870 127 29 Namen
1759 871 143 33 habende
1924 870 138 35 Obiagen
2089 874 72 33 ohne
2179 873 83 31 Raͤc

1251 910 68 33 ſicht
1336 910 57 35 auf
1421 912 46 25 die
1483 909 67 33 Zeit
1578 910 81 37 ihrer
1679 908 216 37 Entſtehungz
1919 908 343 37 Ausſchreibung,
2186 904 80 47 oder

1249 946 228 36 Eintreibung,
1518 950 61 25 und
1607 947 77 35 ohne
1717 946 131 35 Entgeld
1880 946 226 41 uͤbernehmen;,
2147 952 114 32 dagegen

1217 989 152 30 werden
1405 985 64 35 ihm
1502 988 69 29 auch
1614 987 45 34 die
1699 984 62 32 auf.
1792 984 106 32 dieſem
1931 983 150 35 Anweſen
2116 986 147 39 haftenden

1249 1021 555 37 Marſchkonkurrenz-Forderungen
1825 1024 260 32 eingeantwortet.

1335 1062 43 37 6.
1378 1060 143 39 Sollten
1544 1060 93 31 außer
1663 1063 56 24 den
1741 1061 74 25 oben
1844 1063 208 30 angegebenen,
2076 1061 66 32 noch
2170 1064 93 29 andere

1248 1097 141 36 jaͤhrliche
1415 1097 256 35 Geidieiſtungen
1700 1100 68 24 oder
1784 1095 168 35 Reichniſſe
1975 1096 153 36 beſtehen,
2159 1098 26 33 ſo
2203 1101 59 32 muß

1232 1135 139 33 Kaͤufer
1396 1136 146 32 dieſelben
1565 1135 148 31 etenfalls
1734 1135 217 33 übernehmen.

1339 1181 32 29 7.
1399 1173 84 29 Eben
1515 1173 27 30 ſo
1562 1173 52 33 hat
1637 1170 118 39 Kaͤufer,
1792 1173 56 29 alle
1877 1172 200 36 Lizitations⸗
2093 1170 170 37 Kauferrichs

1249 1215 110 31 tunzs⸗
1381 1215 63 29 und
1464 1211 265 35 grundherrlichen
1747 1209 168 35 Gebuͤhren
1935 1208 91 28 allein
2052 1215 34 28 zu
2106 1210 157 32 entrichten.

1309 1254 57 30 JS.
1392 1242 69 46 Der
1476 1247 238 35 Kauſſchilling
1744 1247 106 29 bleibt
1883 1246 56 33 auf
1972 1248 63 26 drei
2064 1247 200 32 nacheinander

1250 1286 138 35 ſolgende
1415 1287 103 33 Jahre
1539 1285 236 29 unauftuͤndbar
1794 1284 117 35 liegen,
1944 1288 71 29 nach
2024 1279 128 46 Verlauf
2166 1283 96 34 dieſer

1236 1323 80 37 Zeit
1348 1325 70 26 aber
1448 1325 78 26 kann
1561 1326 65 25 dem
1657 1323 116 37 Kaͤufer
1804 1326 96 24 davon
1934 1324 78 31 nicht
2045 1322 84 34 mehr
2152 1323 47 26 als
2224 1326 38 25 der

1249 1364 93 34 dritte
1371 1361 93 36 Shein
1487 1363 33 26 in
1549 1359 98 30 einem
1673 1368 115 30 ganzen
1809 1360 102 38 Jahre
1937 1362 151 27 entweder
2108 1364 85 22 unter
2212 1362 52 25 ein—

1250 1401 84 30 mal,
1359 1403 68 24 oder
1447 1398 172 37 hatbfaͤhrig
1644 1398 201 35 aufgekundet
1865 1400 146 33 werden.«
2052 1396 55 28 So
2128 1399 82 32 lange
2227 1401 38 25 der

1231 1436 235 35 Kauſſchilling
1498 1438 96 32 liegen
1626 1435 114 33 bteibt,
1773 1436 33 34 iſt
1834 1444 30 19 er
1894 1437 54 25 mit
1969 1435 160 34 jaͤhrlichen
2155 1442 19 27 4
2202 1434 63 33 prC.

1248 1479 63 29 und
1341 1481 79 29 zwar
1450 1482 52 20 um
1533 1474 89 27 Galli
1654 1477 84 28 1820
1764 1479 67 29 zum
1858 1473 159 34 erſtenmal
2046 1478 34 29 zu
2110 1472 157 35 verzinſen,

1243 1509 75 30 und
1340 1518 51 33 es
1403 1513 93 35 bleibt
1527 1512 47 26 vis
1602 1518 52 29 zur
1683 1512 172 35 ganzüchen
1883 1510 137 35 Tilgung
2048 1510 142 32 deſſelben
2220 1513 47 25 das

1214 1549 93 38 Jus
1324 1550 33 27 in
1380 1558 36 18 te
1436 1549 212 35 vorbehalten.

1337 1587 141 33 Woſern
1496 1587 50 33 ſich
1577 1592 76 30 ganz
1681 1583 187 31 unerwartet
1910 1593 92 26 gegen
2042 1585 74 32 dieſe
2142 1582 127 37 Beding—

1251 1624 73 31 niſſe
1349 1626 64 26 kein
1434 1625 117 31 Kaͤufer
1570 1625 102 33 finden
1691 1624 102 34 ſolite;
1818 1623 29 32 ſo
1867 1626 76 26 wird
1965 1631 39 19 an
2022 1626 67 24 dem
2114 1622 156 33 nämlichen

1248 1661 86 35 Tage
1364 1669 52 28 zur
1439 1662 196 34 pachtweiſen
1658 1660 233 36 Verſieigerung
1921 1661 94 30 dieſes
2044 1659 164 38 Anweſens
2229 1667 41 27 ge⸗

1249 1699 138 35 ſchritten
1407 1704 142 26 werden,
1574 1704 61 22 und
1661 1705 81 31 zwar
1761 1698 88 39 unter
1871 1699 232 33 nachſtehenden

1493 1733 504 37 Bedingniſ
1875 1729 121 45 en.

1338 1781 31 19 1.
1393 1771 92 38 Wird
1518 1776 51 34 der
1597 1774 110 33 Pacht
1737 1773 58 31 auf
1823 1775 62 25 drei
1911 1773 105 32 Jahre
2040 1771 237 34 unaufkundbar

1250 1809 269 34 hindangegeben,
1545 1812 70 30 nach
1648 1809 137 32 Veriauf
1805 1810 92 32 dieſer
1920 1809 65 31 Zeit
2004 1810 92 31 aber,
2117 1813 88 25 wenn
2224 1818 48 19 ven

1248 1849 52 22 der
1319 1847 86 24 einen
1430 1851 78 23 oder
1524 1851 116 22 andern
1650 1842 103 43 Seite
1776 1848 66 25 eine
1865 1849 163 32 vorlauſige
2044 1847 139 33 jaͤhrliche
2204 1847 69 31 Auf⸗

1247 1881 143 34 kuͤndung
1418 1884 78 32 nicht
1515 1882 109 35 erfolgt
1644 1882 69 36 ſeyn
1738 1882 106 35 ſollte,
1866 1884 314 35 ſtillſchweigend
2115 1877 72 48 von
2196 1884 78 37 Jahr

1246 1925 34 29 zu
1301 1919 88 34 Jahr
1406 1918 171 37 fortgeſetzt.

1335 1962 44 22 2.
1391 1952 90 47 Wird
1519 1961 77 34 dem
1623 1956 130 34 Paͤchter
1792 1959 50 27 der
1869 1958 129 34 Fundus
2031 1959 163 35 inſtructus
2226 1967 43 21 um

1323 1993 278 37 Schaͤtzungspreis
1625 1995 193 33 uͤberiaſſen,
1850 2000 61 24 und
1939 1997 140 32 derſelve
2098 1998 171 33 verbindlich

1246 1996 56 26 den

1230 2033 170 32 gemacht,
1432 2035 70 32 nach
1527 2032 140 33 Auslauf
1688 2037 51 24 der
1757 2033 156 37 Pachtzeit
1941 2037 66 26 eine
2043 2034 151 36 Stellung
2217 2042 52 21 von

1246 2073 68 23 dem
1343 2071 127 33 gleichen
1492 2069 316 36 Schaͤtzungsbetrage
1825 2078 35 29 zu
1882 2075 140 30 machen.
2210 2088 33 14 —

1330 2114 35 26 3.
1389 2107 70 28 Der
1482 2108 152 34 jaͤhrliche
1667 2108 231 36 Pachtſchilling
1942 2109 111 36 beſteht
2094 2111 31 27 in
2168 2117 59 27 144
2239 2110 30 33 fi.

1247 2141 46 30 R.
1317 2145 67 30 W.,
1409 2152 107 21 woven
1539 2148 46 25 die
1609 2145 110 33 Haärfte
1744 2155 50 27 um
1810 2146 137 33 Satébi,
1972 2151 46 25 die
2044 2153 110 23 andere
2169 2147 100 35 Halfte

1246 2183 72 26 aber
1338 2189 50 21 um
1418 2182 146 33 Lichtmeß
1587 2185 95 32 jedem
1717 2184 105 33 Jahrs
1841 2184 187 36 abzufuͤhren
2048 2186 121 28 koͤmmt.

1356 2219 123 29 .Wird
1500 2227 34 29 zu
1563 2224 66 24 dem
1655 2221 114 34 Pachte
1794 2223 175 34 jedermann
1997 2224 183 35 zugelaſſen,
2204 2223 64 29 wel⸗

1240 2256 69 33 cher
1339 2261 62 24 den
1400 2258 370 35 Pachtſchillingsbetrag
1799 2267 58 20 von
1889 2268 21 27 3
1941 2262 125 35 Jahren
2085 2264 61 25 und
2171 2259 94 34 Schaͤ⸗

1246 2296 204 34 kungswerth
1472 2300 52 22 des
1544 2295 128 33 Fundus
1695 2298 163 32 inſteuctus
1881 2303 152 24 entweder
2052 2301 84 33 durch
2155 2300 112 33 eigenes

1245 2331 195 35 Vermoͤgen,
1465 2337 68 23 oder
1556 2335 84 29 durch
1660 2333 183 35 Bürgſchaft
1868 2336 81 33 ſicher
1968 2343 34 29 zu
2021 2337 247 33 ſtelien'vermag.

1331 2378 32 26 5.
1387 2370 67 34 Hat
1478 2374 50 24 der
1546 2369 176 39 Eintritt
1683 2365 48 47 in
1741 2376 56 23 den
1808 2373 97 33 Pacht
1924 2375 89 33 gleich
2027 2376 70 31 nach
2117 2379 49 24 der
2194 2375 72 26 Ver⸗

1245 2406 167 35 ſteigerung
1442 2415 34 28 zu
1498 2408 153 34 erfeigen,
1674 2413 61 24 und
1762 2410 131 33 Pächter
1920 2419 59 20 von
2000 2410 88 30 Galli
2117 2416 27 24 d.
2170 2411 39 34 J.
2219 2418 45 21 an

1246 2446 79 31 uicht
1364 2452 58 21 nur
1452 2446 56 26 alle
1538 2446 61 32 auf,
1621 2449 65 24 dem
1721 2446 154 33 Anweſen
1908 2448 176 35 haftenden
2113 2450 154 34 jaͤhrlichen

1245 2481 240 35 Giebigkeiten,
1515 2487 61 24 und
1599 2489 66 22 was
1693 2486 116 34 immer
1819 2477 125 49 Namen
1970 2488 134 34 habende
2125 2488 143 33 Oblagen,

1244 2514 126 47 ſondern
1379 2519 81 34 auch
1480 2520 55 27 alle
1552 2523 200 32 ordentlichen
1774 2527 62 24 und
1855 2524 295 33 außerordentlichen
2168 2523 98 29 Steu⸗

1245 2564 54 31 ern
1326 2560 61 25 und
1412 2558 189 35 Wuſtungen
1622 2564 58 23 aus
1699 2562 133 33 eigenem
1854 2563 173 34 Vermoͤgen
2051 2568 34 31 zu
2105 2563 162 33 beſtreiten.

1264 2595 99 28 6.
1396 2594 66 42 Alle,
1498 2594 280 37 Baufaͤlligteiten,
1812 2603 69 24 oder
1916 2600 123 35 ſonſtige
2064 2598 202 32 Verderbniſſe

1244 2633 56 35 hat
1325 2635 50 25 der
1400 2633 132 33 Paͤchter
1549 2637 65 25 dem
1644 2635 178 29 Vormunde
1849 2638 86 34 zeitig
1970 2645 52 29 zur
2052 2638 211 32 Verbeſſerung

1244 2673 199 33 anzuzeigen,
1485 2670 169 35 uͤberhaupt
1681 2674 71 27 aber
1776 2677 56 24 das
1849 2669 164 41 Pachtgut
2043 2677 70 35 eher
2148 2682 33 29 zu
2208 2674 60 30 bef⸗—

1245 2708 65 31 ſern
1330 2710 48 24 als
1387 2714 44 29 zu
1457 2708 257 35 verſchlimmern,
1737 2711 29 34 ſo
1789 2714 56 26 wie
1849 2704 121 48 ſeiner
1977 2704 78 48 Zeit
2073 2715 42 26 im
2142 2714 122 34 gleichen

1244 2744 191 36 Roggenbau
1468 2746 249 38 zurückzuſtellen.

1283 2790 82 28 T:
1373 2782 80 39 Die
1473 2783 196 38 Beſtreitung
1690 2789 51 25 der
1760 2786 117 29 kleinen
1897 2786 210 35 Reparaturs-
2131 2791 61 26 und
2213 2794 51 21 an⸗

1245 2822 73 25 dern
1350 2820 177 33 Auslagen,
1551 2824 103 31 welche
1671 2826 116 33 einzein
1810 2828 54 26 den
1893 2825 120 36 Betrag
2039 2828 82 26 eines
2143 2826 120 27 Gulden

1244 2858 80 32 nicht
1349 2857 203 36 überſleigen,
1575 2862 70 34 liegt
1677 2864 65 25 dem
1771 2863 128 33 Paͤchter
1926 2865 56 32 ob,
2008 2866 122 30 welcher

1327 2899 39 37 S.
1390 2897 68 31 auch
1488 2897 55 26 alle
1572 2898 110 34 Koſten
1714 2903 49 24 der
1795 2893 194 47 Kontrakts⸗
1992 2893 188 47 Errichtung
2203 2901 62 28 ein⸗

1243 2931 154 36 ſchluͤßlich
1424 2936 51 24 des
1497 2933 167 36 Stempels
1687 2938 90 28 allein
1802 2944 34 30 zu
1856 2945 103 28 tragen
1980 2935 62 44 hat.

1306 2970 111 40 Der
1442 2970 301 39 Verſteigerungstag
1776 2976 34 33 iſt
1848 2978 132 30 aufden“
2013 2984 57 28 25.
2095 2974 169 31 November

1244 3008 41 26 d.
1298 3006 42 34 J.
1366 3008 166 32 bekimimt,
1556 3015 60 24 und
1638 3016 118 24 werden
1784 3015 45 25 die
1849 3014 141 29 Anbothe
2015 3023 58 20 vdn
2096 3024 21 27 9
2137 3014 61 33 Uhr
2215 3014 45 24 vis

1246 3052 42 19 12
1311 3046 64 31 uht
1395 3044 215 38 Vormittags,
1647 3053 62 25 und
1729 3057 57 20 von
1811 3059 19 18 a
1851 3053 49 26 bis
1923 3060 19 27 5
1962 3047 64 40 uhr
2047 3052 213 32 Nachmittags

1244 3088 35 28 zu
1316 3081 139 35 Muͤhlau
1480 3085 32 26 in
1551 3090 49 23 der
1626 3086 298 39 Wirthsvehauſung“
1952 3094 52 24 des
2030 3091 91 27 obern
2147 3089 114 32 Dorfes

1244 3124 142 24 erwartet
1411 3124 59 23 und
1493 3122 243 35 aifgenommen.

1333 3156 114 43 Thaur.
1467 3162 54 24 den
1552 3168 50 20 10.
1626 3161 176 29 November
1830 3168 91 32 1819.

1382 3195 162 38 Freiheret.
1577 3207 30 22 v.
1637 3199 267 35 Sternbachiſches
1929 3201 217 37 Landgericht.

1729 3238 78 30 Karl
1832 3239 161 37 Schandt,
2028 3239 195 37 Landrichttt.
