2339 3659
667 30 46 20 —

1098 111 90 52 340

73 193 215 64 Simneidliig
319 202 52 44 ber
404 213 58 36 auf
488 214 47 29 die
562 211 156 38 Renitenz
749 209 198 47 feſtaeſebten
971 207 140 40 Straſen

74 263 57 22 vor
156 259 51 26 der
224 244 281 54 aunierzeichneten
512 244 144 54 Behoͤrde
677 248 167 39 unfehibar
867 255 36 31 iu
924 248 117 37 ſtellen.

195 276 117 54 —
333 300 49 29 am
405 297 32 27 S8.
460 289 176 30 November
664 292 97 30 1819.
876 314 60 12 E

78 330 94 30 Von
209 329 90 32 dem
338 328 331 38 peoviſoxiſchen
697 322 420 45 Sttadtmageſtt
1027 318 46 53 at
1072 318 49 53 e.

325 365 97 39 Deier
443 374 32 21 v.
498 365 138 38 Mayrl,
652 372 53 26 pr.
728 361 317 36 Buͤrgermeiſter.

157 437 539 41 OQerſtengerunss
730 415 168 66 Sditi.

170 475 84 35 Voin
276 475 27 35 t.
323 481 25 28 t
371 476 206 37 Landgerici?
595 474 165 34 Dornbirn
778 475 122 33 werden
915 468 62 39 auf
994 468 119 48 Anlan⸗

85 513 58 44 gen
165 514 52 39 de3
234 513 101 41 Franz
361 512 120 39 Soferh
497 513 132 34 Maſer.
649 512 67 44 nach
724 501 155 60 folgende,
885 513 66 38 dem,
980 508 136 46 Micael

84 557 130 33 DVuͤnſer
229 557 38 28 ab
288 554 237 70 Rafe
560 550 165 36 gehoͤrigen
743 546 179 31 Reatitaͤtein
956 547 45 28 im
1022 546 94 38 Wege

121 603 13 20 r
157 594 168 29 Exetutien
372 592 210 29 feitgevothen:
807 616 60 7 d
1023 577 36 48 —

85 599 32 40 *
167 601 35 59 7
226 621 89 48 Das
340 593 94 70 4
463 626 83 29 Nes.
569 623 21 38 4
611 624 121 37 ſammt
764 622 118 36 Siadel
915 620 58 35 auf
996 618 119 41 Rickat⸗

276 661 51 35 der
346 665 173 29 Gemeinde
541 662 186 32 Dornbirn,
749 661 131 35 geſchaͤtzt
900 658 61 34 auf
998 659 63 28 166
1083 661 33 35 fl.

258 698 77 35 Das
361 707 66 24 dort
451 701 174 34 befindliche
647 699 92 35 große
758 697 99 31 Stuͤck
879 695 72 29 Gut
974 701 42 30 B
1037 698 36 34 f.

273 742 76 28 Das
374 738 199 36 Mittelſtuͤckl
596 736 73 29 Gut
693 736 109 29 alldort
830 741 43 23 ao
896 735 33 32 .

284 809 22 5 1
386 773 427 36 Bedingniſfſe

160 826 44 26 .
227 817 97 36 Unier
348 819 67 25 dem
439 810 291 38 Schaͤtzungspreiſe
750 812 120 27 werden

124 863 15 22 e
159 861 235 22 angenonimen.

86 853 64 79 ihe.
158 862 102 64 s
322 883 262 43 Meiſtbiethende
606 887 55 36 hat
684 886 47 28 die
769 883 58 44 auf
843 886 59 41 den
922 874 194 58 Realitaͤten

82 916 168 56 haſtenden
269 929 185 36 Paffiven,
483 923 105 37 foweit
619 928 51 24 der
702 922 96 34 Preis
827 923 111 32 reicht,
971 927 34 28 za
1030 923 86 27 uͤber⸗

83 975 148 22 nehmen.

172 1010 35 31 3.
231 998 83 33 Vom
345 1002 87 35 Tage,
462 1003 50 25 der
543 997 233 42 Verſteigerung
803 994 95 37 gehen
932 993 83 36 Wag
1056 999 61 26 und

85 1042 123 35 Gefahe
231 1041 57 33 auf
309 1044 66 25 dem
397 1038 118 31 Kaulfer
537 1036 94 32 uͤber,
656 1034 28 33 ſo
717 1041 57 21 wie
798 1037 30 24 er
851 1032 55 28 alle
934 1031 181 34 ruͤckſtaͤndi⸗

127 662 103 36 wende

83 671 168 64 ſchweſde⸗

168 741 60 31 III.

83 1089 59 28 gen
164 1078 153 35 Abgaben
333 1078 79 33 ohne
434 1073 149 35 Ruͤckſicht
605 1072 58 35 auf,
683 1075 57 24 den
762 1069 114 30 Grund
896 1072 63 26 und
985 1071 46 27 die
1052 1070 83 34 Zeit,

108 1126 29 21 er
160 1116 169 30 Enſtehung
390 1122 19 20 zu
435 1112 204 35 uͤbeenehmen
666 1109 65 35 hat.

87 1123 16 25 e
152 1162 53 28 4.
243 1117 51 65 z
324 1121 60 59 —
670 1145 134 36 Koſten
838 1144 55 34 hat
922 1146 53 26 der
997 1143 120 39 Meiſt⸗

85 1193 158 29 biethende
265 1190 91 31 allein
382 1195 32 21 zu
437 1187 219 32 uͤbernehnien.
1007 1209 72 12 —

148 1188 37 81 53
231 1226 53 30 Am
319 1227 56 34 ——
571 1223 61 34 ſiud
655 1219 61 43 auf
726 1218 145 36 Abſchlag
894 1225 40 35 an
958 1220 67 27 dem
1041 1219 76 32 Ere⸗

88 1264 228 37 tutionsfuͤhrer
340 1266 73 32 vaat
437 1270 34 30 zu
491 1262 144 36 bezahien
658 1267 44 20 20
729 1258 35 33 fl.
786 1265 39 29 41
852 1258 41 27 kr.
917 1260 109 30 ſammt
1042 1258 75 33 Zins

88 1308 64 27 und
173 1308 59 24 den
249 1302 199 34 ertaufenden
472 1298 120 37 Koͤſten.
950 1316 18 7 1

174 1341 36 31 5.
233 1339 66 31 Bis
322 1346 52 30 zuͤr
397 1338 167 35 gaͤnzlichen
587 1333 185 37 Bezahlung
794 1334 75 28 wird
902 1331 49 34 ſich
977 1331 57 33 auf
1062 1335 55 25 den

87 1384 38 32 ju
147 1378 219 33 verkaufenden
390 1374 180 38 Realitaten
604 1376 56 25 das
682 1371 198 33 Piaudrecht
902 1370 218 42 vorbehalten.

174 1422 33 29 7.
232 1406 65 49 Die
309 1415 242 32 Verſteigerung
574 1410 77 30 wird
675 1416 50 35 am
749 1406 148 35 Mongag,
907 1409 63 43 den
990 1407 33 27 G.
1047 1409 66 26 De⸗

86 1454 117 35 zember
226 1456 28 24 d.
277 1452 41 34 J.
338 1452 196 34 Vormittags
558 1454 19 28 L
601 1448 65 34 Uhr
688 1453 32 20 in
746 1448 49 24 der
836 1444 192 36 Behalſung
1060 1448 57 26 des

87 1486 313 35 Bemeindsamann,
423 1488 98 36 Frauz
545 1484 130 31 Mariin
695 1482 161 33 Zumtobel
887 1484 126 34 dahier,
1049 1489 88 22 vor⸗

86 1533 177 31 genommien
289 1530 131 26 werden.
646 1548 46 5 U—

117 1565 43 30 K.
180 1564 43 31 K.
244 1563 190 37 Landgericht
457 1560 163 37 Dornbirn
645 1562 56 25 den
725 1556 33 29 6.
781 1555 177 33 November
991 1561 97 34 1819.

244 1613 24 9 .
437 1599 65 28 Dr.
527 1597 234 34 Mosörugger,
784 1594 209 36 Landrichter.

88 1685 21 21 4
154 1668 115 43 Von
286 1660 65 51 dem
371 1660 32 43 t.
418 1674 31 28 t.
468 1673 94 30 Land⸗
584 1676 64 25 und
666 1652 181 60 Kriminal,
859 1656 278 51 Unterſuchungs⸗

87 1716 125 35 gerichte
230 1713 192 35 Rattenberg
441 1713 75 27 wird
536 1712 56 31 auf
606 1713 169 33 gemachtes
793 1711 156 38 Anſachen
972 1713 56 24 das
1053 1715 64 23 dem

89 1750 123 33 Dimon
244 1751 138 33 Reiſcher
410 1749 148 35 gehoͤrige
581 1749 186 34 ſogenannte
792 1748 251 37 Derfler⸗Haus
1068 1756 50 20 am

91 1789 184 35 Kramſach,
296 1789 80 33 nebſt
398 1795 21 18 2
438 1785 148 29 Gärtlein
597 1790 60 23 der
674 1785 188 35 oͤffentlichen
886 1786 231 39 Verſteigerung

92 1822 161 47 auoͤgeletzt

156 1860 118 32 Dieſe
294 1854 394 38 Feuerſtatts-Behauſung
708 1857 35 32 iſt
759 1858 59 27 mit
837 1856 168 36 Stallung,
1024 1857 94 29 Nem⸗

92 1899 90 32 werk,
205 1898 152 29 Backofen
376 1899 62 24 und
461 1901 96 20 einem
578 1895 110 35 halben
700 1894 252 34 Brunnenrechte
966 1895 154 36 verſehen,

90 1939 35 34 iſt
158 1937 58 29 mit
241 1934 84 29 Nro.
351 1936 43 29 80
419 1932 183 34 bezeichnet,
635 1934 60 34 und
737 1933 109 34 granzt
883 1940 30 19 32.
939 1937 61 22 und
1021 1940 34 26 3.
1079 1941 39 20 an

90 1978 47 28 die
162 1973 196 30 Gemeinde,
381 1978 32 20 2.
437 1972 60 25 und
540 1978 32 26 4.
605 1975 40 20 an
674 1972 55 24 das
755 1970 100 33 eigene
885 1969 147 28 Gaͤrttein
1057 1974 60 25 und

91 2016 52 26 des
158 2010 141 36 Hafners
325 2007 199 35 Wohnhaus.
569 2006 106 27 Davei,
706 2008 50 26 ein,
793 2008 112 26 tleines
933 2007 183 34 Fruhgaärtt,

91 2058 58 21 don
171 2048 44 37 36
236 2047 155 32 Klaftern.
436 2043 99 36 Mehr
563 2047 53 27 ein
643 2042 97 29 Gaͤrti
765 2044 102 32 hinter,
898 2042 66 35 dem
995 2044 122 36 Hauſe,

91 2095 59 22 von
178 2090 44 31 58
240 2084 185 33 Klaftern,
446 2082 107 35 gränzt
576 2090 30 19 1.
627 2086 64 24 and
714 2089 31 27 3.
779 2089 43 20 an
851 2083 48 26 die
928 2081 190 35 Gemeinde,

93 2124 126 33 Mittag
237 2128 40 22 an
299 2124 55 25 das
373 2121 99 32 eigene
490 2118 91 34 Haus
609 2123 62 24 und
694 2119 206 33 Mitternacht
919 2127 41 26 an
980 2120 131 38 Harnner.

179 2159 71 28 Von
271 2158 105 32 dieſem
393 2156 145 32 Anweſen
562 2157 59 34 ſind
642 2159 65 25 dem
732 2155 102 34 Herrn
854 2157 77 28 Karl
951 2156 110 30 Baron
1086 2166 31 21 v.

91 2197 211 35 Lichtenthurn
321 2194 124 36 jaͤhrlich
469 2202 38 19 12
526 2195 42 28 tr.
587 2193 160 38 anfaͤliger
759 2195 185 35 Grundzins
964 2196 43 26 im
1023 2203 40 26 21
1083 2197 34 34 ſi.

93 2235 83 35 Fuße
200 2241 32 30 zu
257 2236 191 31 entrichten.

177 2271 61 36 Jm
260 2269 234 34 Ausrufspreiſe
518 2274 34 31 zu
578 2273 71 31 Las
672 2266 32 36 ſi.
729 2268 44 29 R.
799 2267 54 38 W.

395 2306 430 36 Bedinguilſſe.
886 2319 13 12 —

177 2346 33 30 1.
234 2346 90 31 Wird
345 2351 52 29 zur
411 2344 232 34 Verſteigerung
668 2338 104 46 außer'
784 2348 51 32 der
855 2343 200 36 Judenſchaft
1075 2344 41 36 je⸗—

93 2390 153 26 dermann
262 2383 151 36 gelaſten,
435 2388 60 21 wer
515 2383 47 25 die
580 2379 109 36 Haifte
707 2384 53 24 des
781 2381 265 36 Sieigerſchilling
1065 2388 54 24 mit

97 2426 134 32 eigenem
252 2420 175 33 Bermdgen
451 2422 68 21 oder
540 2420 223 33 annehmticher
781 2419 185 34 Buürgichaft
990 2421 128 36 bedeckt;

95 2460 127 35 Fremde
244 2458 112 32 muͤſſen
376 2456 96 33 jedoch
502 2457 68 32 auch
591 2458 91 26 einen
704 2457 145 32 ehrbaren
870 2456 249 36 Nahrungs⸗Er⸗

96 2497 82 31 werb
202 2494 182 33 ausweiſen.

141 2541 78 29 2.
242 2533 90 27 Wird
351 2536 89 28 unter
458 2531 64 29 dem
541 2527 224 38 Ausrufspreis
788 2531 63 28 tein
881 2530 123 36 Anboth
1030 2538 88 31 ange—

98 2566 156 43 nommen.

184 2616 32 28 3.
240 2603 90 31 Wird
351 2604 50 34 fuͤr
418 2607 65 26 dem
504 2601 218 34 verkauſenden
748 2602 123 35 Simon
894 2603 136 36 Reiſcher
1057 2610 61 26 und

99 2644 95 36 deſfri
211 2644 167 36 Ehegaitin
399 2648 90 28 gegen
509 2643 85 26 einen
621 2642 122 33 billigen
764 2642 178 36 Miethzins
972 2645 45 26 die
1042 2645 77 34 Her⸗

97 2685 70 34 berg
197 2684 32 26 in
260 2685 51 24 der
336 2687 92 27 gegen
461 2677 133 36 Morgen
623 2680 193 32 vefindlichen
836 2679 130 39 Stube,
988 2686 58 24 und
1070 2688 49 23 der

97 2720 113 34 darauf
227 2719 193 34 beſindlichen
438 2716 145 28 Kammer
600 2717 221 34 vorvehalten,
845 2718 119 36 ſolange
990 2719 45 27 als
1060 2722 60 27 die—

97 2758 97 32 ſelben
217 2762 34 28 zu
278 2757 105 26 teinen
407 2753 164 40 Unfrieden
594 2752 103 41 Anlab
723 2758 93 29 geben
840 2760 132 23 werden.

117 2802 99 28 4.
238 2795 88 31 Mußz
344 2796 51 25 der
413 2795 184 26 Kauferbam
617 2791 214 35 Kaufſchiung
859 2795 57 24 das
954 2794 63 26 dem
1041 2793 87 31 Nit—

95 2834 70 28 laus
196 2831 108 30 Kreidi
321 2836 34 30 zu
389 2828 106 31 Kundl
525 2828 141 34 ſchuldige
690 2827 131 38 Capitan
836 2837 47 25 pr.
909 2836 61 28 125
994 2846 30 18 i.
1042 2841 29 20 ne
1070 2835 50 34 bſt

95 2871 97 32 Zins,
226 2872 61 24 und
282 2861 78 46 die
372 2866 386 33 Verſteigerungsköſten,
792 2869 69 31 auch
892 2866 138 37 Abfchlag
1066 2874 51 25 des

97 2903 281 38 Steigerſchillings
407 2904 90 34 gleich
524 2906 73 24 baar
623 2902 126 36 zahten,
789 2910 51 22 um
878 2906 55 25 den
973 2906 146 37 Ueberreſt

98 2948 118 25 werden
238 2944 65 35 ihm
324 2941 259 33 Eapitalſchulden
608 2939 213 35 uberbunden,
843 2943 47 26 die
910 2949 31 20 er
974 2950 55 22 von
1056 2948 63 33 jetzt

99 2974 140 46 Martini
251 2988 51 19 an
326 2978 257 35 pactirtermaſſen
606 2984 35 29 zu
666 2978 157 36 verzinſen,
842 2979 66 34 hat.

185 3024 32 27 5.
238 3016 81 36 Wag
344 3019 61 25 und
436 3015 139 37 Gefahr,
606 3019 83 23 dann
701 3016 149 33 Stiften
884 3017 61 32 und
979 3016 138 37 Steuern

102 3052 53 36 hat
176 3054 113 30 Kaufer
311 3055 58 26 wie
394 3053 35 35 ſie
459 3059 71 21 vom
552 3053 322 35 Verſteigerungstage
905 3061 41 20 an
976 3056 141 32 verfallen

101 3096 36 30 zu
159 3089 212 35 uͤbernehmen.
761 3119 4 5 .

189 3126 164 35 Uebrigens
377 3128 75 27 wird
475 3126 45 27 die
543 3125 232 35 Verſteigerung
798 3132 48 22 am
869 3134 54 28 30.
948 3130 30 26 d.
1000 3128 53 31 M.
1085 3135 48 27 in.

102 3164 104 33 daiger
227 3163 316 35 Landgerichtstauzlei,
564 3170 253 27 vorgenommen,
840 3171 47 21 wo
911 3172 59 20 von
996 3174 38 20 10
1056 3168 66 37 uhr

101 3201 198 33 Vormittags
318 3207 38 21 an
376 3202 44 27 die
439 3200 139 36 Aupothe
609 3205 68 36 zum
705 3200 155 33 Protokoll
888 3203 126 33 gegeben
1046 3201 76 34 wela

102 3240 55 30 den
179 3237 134 30 koͤnnen,
334 3244 52 20 um
404 3245 38 20 11
458 3237 67 34 Uhr
537 3239 63 32 mit
629 3240 67 24 dem
728 3236 163 38 Ausruſen
916 3241 208 38 angefangen,

100 3278 62 27 und
184 3274 71 31 nach
278 3276 64 24 dem
367 3275 108 26 deitten
501 3273 84 33 Rufe
610 3272 172 37 geſchloſſen
802 3277 119 26 werden
952 3279 85 28 wird.

189 3310 193 34 Rattenderg
404 3313 55 27 din
480 3318 33 27 9.
534 3310 193 36 Novembher
742 3312 137 37 18193..

412 3345 65 30 Dr.
501 3355 29 21 v.
553 3347 180 36 Gaſteiger,
755 3346 195 39 Lantichter.

891 797 86 39 teine
1012 801 104 56 Anbo⸗

1169 219 23 31 3
1429 197 578 53 Seinierſteigerunzt.

1258 246 62 31 Am
1342 247 64 36 46.
1431 247 68 40 dieß
1528 250 77 36 wird
1637 256 54 20 um
1713 252 21 28 8
1755 248 66 38 Uhr
1851 249 180 36 Vormitiag
2066 249 49 35 bei
2133 252 67 36 dem

1170 284 103 37 ſuͤrſti.
1301 285 112 36 Thurn
1440 285 63 30 und
1532 284 161 36 Taxiſchen
1721 284 170 32 Rentamte
1916 284 35 42 zu
1983 285 118 34 Meran
2136 292 65 31 einẽ

1171 323 137 35 Parthie
1328 323 95 29 Wein
1439 332 62 21 von
1508 331 74 28 300
1600 323 108 35 Ohren
1727 325 109 34 rother,
1853 327 67 32 und
1938 325 112 34 weißer
2045 319 152 52 Gattung

1130 369 102 22 Son
1250 364 55 26 den
1328 360 170 32 Standern
1518 361 64 34 weg.
1605 360 41 29 An
1672 365 65 28 den..
1762 356 281 42 Meiſtbiethenden
2057 358 144 45 vertaaf

1259 396 225 43 Ausruſspreis
1506 397 35 40 in
1564 398 47 29 R.
1634 397 56 30 W.
1721 395 52 38 fuͤr
1793 399 64 37 jede
1880 399 109 37 Yhren

1348 435 72 36 Iſter
1439 435 106 33 Kiaſſe
1620 436 25 29 —
1930 436 23 28 G
1965 437 44 34 fl.
2029 444 45 29 45
2099 439 42 30 ke.

1347 472 80 30 liter
1450 473 133 33 Klaſſe
1933 474 25 28 6
1982 475 33 35 fl.
2037 482 44 30 24
2100 478 41 27 tr.

1513 504 318 43 Bedingatſſe.

1240 544 168 41 Wird
1423 536 95 56 uiter
1524 540 78 38 dem
1622 546 237 37 Auerurspreiſe
1882 548 70 30 tein
1979 546 147 42 Darboth
2147 559 53 23 an,

1168 586 196 35 ginommen.
1715 613 3 11 .
2042 619 26 4 u

1220 630 71 29 2.
1314 623 70 38 Hat
1400 626 51 27 der
1469 621 147 38 Darboth
1641 620 55 34 auf
1709 622 92 29 einen
1814 623 140 38 ganzen
1961 615 167 50 Stander,
2150 624 50 30 da⸗

1174 661 61 36 her,
1252 662 46 26 die
1313 661 189 35 allenfaͤllige
1526 660 240 37 Untertheitung
1784 662 59 33 auf
1857 660 169 37 Rechnung
2053 665 50 26 des
2121 662 82 32 Kaͤu⸗

1174 699 62 34 fers
1256 704 35 30 zu
1315 699 170 35 geſchehen.
1902 707 170 31 —

1260 744 33 27 3.
1316 736 67 34 Hat
1385 728 79 50 der
1472 734 209 35 Kaͤuifer
1626 728 76 50 bei
1711 736 55 36 der
1793 734 235 40 Vetſteigerung
2055 733 56 38 auf
2145 740 60 32 jede

1171 773 111 37 Vhren
1301 777 53 25 des
1373 774 159 36 gekauſten
1548 772 138 38 Weines
1711 779 20 30 à
1750 773 31 34 fi.
1806 774 48 36 als
1874 770 124 37 Capara
2020 780 35 30 zu
2079 776 127 33 etlegen,

1175 816 56 32 den
1251 811 74 33 Reſt
1345 813 51 27 der
1414 810 215 39 Schuldigteit
1646 810 72 33 aber
1737 810 50 29 bei
1804 814 64 25 der
1888 810 124 40 Abfuhr
2042 814 52 25 des
2121 813 84 28 Wes—

1173 853 78 28 nes,
1276 850 105 32 weiche
1402 848 164 34 innerhaib.
1579 852 62 32 14
1663 847 109 35 Tagen
1799 850 72 32 nach
1891 851 64 30 dee
1967 849 240 38 Verſteigerung

1171 885 165 35 verlaͤßlich
1358 887 225 35 vorzunehmen
1604 887 55 34 iſt,
1692 892 35 30 zu
1748 885 155 37 bezähien.

1262 922 120 31 Meran
1408 927 57 26 den
1489 932 31 27 4.
1545 921 177 31 November
1747 927 94 33 1819.

1449 961 104 38 Franz
1578 961 78 30 Ant.
1679 960 145 36 Tſchoht,
1847 959 238 32 Rentbedmter.

1534 1029 327 49 Kundmachung.

1200 1069 132 39 Oer
1349 1074 58 26 den
1432 1078 52 22 2.
1505 1071 137 35 Februar
1662 1080 85 30 1797
1768 1073 150 35 geboöhrne
1945 1071 266 38 militäevflichtigt

1175 1109 160 36 Juͤnglins
1354 1109 137 35 Zohann
1511 1110 177 37 Rienzner,
1712 1114 50 25 ein
1781 1110 99 37 Sohn
1903 1114 53 25 des
1974 1110 105 35 Georg
2097 1111 111 36 Rienzz

1177 1156 60 24 ner
1248 1148 172 34 geweſenen
1440 1147 140 29 Muͤllers
1602 1150 32 27 in
1655 1147 163 34 Bluman,
1842 1153 62 23 und
1929 1152 51 24 der
2006 1148 95 28 Anna
2127 1149 85 27 Dor—

1177 1186 122 33 nacher,
1327 1186 52 34 hat
1413 1186 48 28 bei
1491 1188 50 28 der
1594 1193 68 21 hener
1688 1193 278 26 vorgenommenen
1997 1185 129 36 Looſung
2162 1194 68 29 zur—

1177 1223 183 35 Ergaͤnzung
1389 1221 52 30 des
1472 1223 73 28 15bl.
1594 1243 8 9 t.
1632 1224 27 27 t.
1686 1222 417 37 Kaiſerjager-Regiments
2129 1225 117 32 durch

1173 1263 92 25 einen
1283 1260 208 34 Subſtituten
1515 1263 46 26 die
1593 1260 82 28 Nro.
1704 1269 24 27 4
1769 1268 145 29 gezogen,
1949 1263 135 34 wodurch
2110 1270 30 19 er
2165 1268 49 29 zur

1175 1299 170 31 wirklichen
1366 1297 196 35 Einreihung
1580 1299 151 34 beſtimnit
1750 1300 55 32 iſt;
1830 1303 61 25 und
1909 1297 123 37 Joſeph
2065 1298 148 34 Martin,

1175 1335 220 36 Sattiergeſell
1416 1343 35 30 zu
1469 1331 142 34 Blumau'
1633 1336 152 35 gebohren
1805 1339 64 26 den
1880 1345 56 28 24.
1963 1337 116 35 Augnſt
2113 1344 100 28 12799,

1175 1374 56 34 hat
1250 1377 88 28 durch
1355 1378 57 23 den
1431 1370 205 37 Subſtituten
1658 1375 46 27 die
1725 1373 82 29 Rro.
1840 1381 23 29 5
1899 1375 150 36 gezogen,
2080 1376 134 32 wodurch

1177 1419 32 21 er
1231 1418 53 30 zur
1307 1410 131 34 Reſerve
1462 1412 150 33 Leſtimmt
1634 1413 48 34 iſt.

1264 1448 56 28 Da
1339 1453 52 23 der
1412 1443 255 41 Auſenrhattéort
1687 1449 151 32 derſeiben
1865 1450 109 32 dieſem
1996 1448 27 30 .
2042 1448 25 28 t.
2086 1448 130 35 Landge⸗

1176 1488 90 32 richte
1289 1487 179 28 unvekannt
1499 1487 55 32 iſt,
1588 1487 27 32 ſo
1649 1488 120 27 werden
1798 1487 35 34 ſie
1861 1489 114 30 hiemit,
1993 1486 223 34 aufgefordert,

1175 1525 53 34 ſich
1247 1526 115 29 binnen
1385 1530 21 26 8
1427 1524 131 33 Wochen
1571 1525 37 32 ſo
1628 1525 99 34 gewiß
1750 1525 45 27 bei
1822 1526 107 31 dieſem
1949 1525 206 33 Landgerichte
2181 1531 34 28 zu

1174 1563 126 34 ſtellen,
1324 1564 49 26 als
1396 1562 36 35 ſie
1455 1563 42 26 im
1518 1561 84 33 Falle
1628 1566 52 24 der
1698 1562 290 35 Nichterſcheinung
2010 1565 57 25 mit
2088 1567 54 23 den
2163 1560 56 34 auf

1174 1602 51 27 die
1247 1599 154 36 Renitenz
1422 1600 193 35 ſeſtgeſetzten
1633 1597 144 35 Strafen
1807 1603 95 32 velegt
1920 1603 121 26 werden
2079 1599 139 35 würden.

1247 1636 42 30 K.
1318 1638 42 29 K.
1384 1638 192 35 Landgericht
1597 1638 85 28 Voͤls
1714 1642 59 23 den
1795 1644 34 29 5.
1852 1637 180 38 November
2055 1642 98 34 1819.

1596 1673 67 31 Dr.
1688 1674 113 38 Rizzi,
1822 1675 201 36 Landrichter.

1442 1744 233 38 Aemtliche
1697 1747 284 38 Vorrufung.

1263 1786 86 28 Vom
1364 1787 28 27 8.
1408 1786 26 28 t.
1452 1784 192 36 Landgericht
1664 1784 193 36 Hopfgarten
1877 1789 77 26 wird
1983 1786 123 36 Rupert
2124 1783 95 39 Bich⸗

1180 1823 64 32 ter,
1267 1826 91 30 vaigo
1376 1822 151 34 Nuſterer
1550 1822 76 29 Bub
1645 1831 60 20 von
1725 1824 196 33 Weſtendorf
1935 1825 161 34 gebürtig,
2120 1830 49 23 der
2185 1828 60 25 in

1179 1864 52 23 der
1257 1859 196 33 Altersklaſſe
1481 1868 68 20 vom
1577 1865 54 26 28.
1659 1860 135 27 Oktober
1823 1866 86 30 1794
1940 1863 47 25 dis
2006 1866 58 28 28.
2090 1862 129 28 Ottober

1163 1904 104 30 1290
1284 1897 169 34 gevohren,
1477 1890 50 49 zur
1530 1894 266 39 Erganzung
1722 1890 70 49 des
1816 1899 61 26 loͤbi
1906 1899 24 27 ſt.
1948 1899 23 26 f.
1993 1898 227 37 Tyroterjagert

1181 1934 187 34 Regiments
1388 1935 162 36 klaſſiſizirt
1569 1938 123 28 wurde,
1716 1938 62 25 und
1802 1935 46 28 bei
1871 1940 49 23 der
1942 1942 50 21 am
2025 1941 56 26 28.
2107 1944 28 22 v.
2162 1938 55 28 M.

1180 1974 70 32 ſtatt
1272 1973 149 35 gehabten
1445 1971 152 39 Looſung,
1619 1974 71 26 weil
1708 1980 35 20 er
1764 1974 78 33 nicht
1869 1974 84 36 ſetvſt
1981 1974 150 33 erſchien,
2163 1978 57 25 das

1179 2010 73 28 Loos
1271 2008 81 31 Nio.
1378 2018 21 19 2
1414 2005 92 50 durch
1514 2011 102 40 einen
1639 2010 272 32 Famitien⸗-Vater
1931 2018 127 30 gezogen
2084 2013 131 33 erhielt,

1180 2048 70 28 weil
1279 2055 29 20 ex
1337 2049 51 30 ſich
1421 2048 121 34 füchtig
1568 2049 132 36 machte,
1736 2048 106 34 hiemit
1865 2050 201 33 vorgerufen,
2103 2051 49 33 ſich
2175 2050 43 33 ſo⸗

1179 2086 92 33 gleich
1289 2085 45 28 bei
1354 2084 268 37 unterzeichnetem
1633 2085 207 35 Landgerichte
1857 2084 34 37 zu
1913 2087 118 34 frellen,
2053 2090 166 32 widrigens

1181 2125 70 29 nach
1272 2122 137 34 Verlauf
1425 2131 59 19 von
1501 2131 20 27 4
1543 2123 130 32 Wochen
1693 2131 93 27 gegen
1818 2125 54 33 ihn
1894 2126 59 31 mit
1986 2128 56 25 den
2071 2125 48 33 fuͤr
2148 2125 70 28 Wi⸗

1181 2160 195 36 derſpenſtige
1403 2162 190 34 beſtimmten
1612 2159 181 39 geſetzlichen
1818 2161 140 35 Strafen
1988 2163 57 34 auf
2069 2162 149 30 Betreten

1180 2204 212 31 vorgegangen
1416 2203 122 23 werden
1559 2198 118 29 wurde.
1949 2207 10 16 —

1263 2235 200 37 Hopfgarten
1488 2239 55 24 den
1567 2244 31 27 4.
1624 2235 178 28 November
1826 2240 96 32 1819.

1245 2271 42 30 K.
1310 2275 42 29 K.
1370 2274 106 29 Land
1498 2276 61 25 und
1588 2272 558 40 Kriminal⸗Unterſuchungsger:cht.

1502 2310 65 28 Dr.
1590 2310 199 38 Dallatorre,
1813 2311 202 36 Landrichter.

1439 2378 525 49 Amdrtiſativns-Edikt.

1266 2420 73 30 Von
1363 2424 67 26 dem
1452 2422 26 28 t.
1507 2422 23 27 t.
1550 2422 121 39 Stadt-⸗
1693 2426 60 26 und
1775 2423 175 36 Landrechte
1984 2430 36 32 zu
2039 2420 177 36 Jnnsbruck

1178 2460 81 29 wird
1291 2460 107 33 hiemit
1422 2460 130 27 bekannt
1574 2462 150 33 gemacht:

1270 2495 47 29 Es
1343 2497 63 34 ſeye
1436 2496 59 33 auf
1517 2496 164 37 Aniangen
1712 2502 51 24 des
1796 2505 59 23 von
1886 2499 186 34 Gerbiſchen
2094 2499 122 32 Verlaſ⸗

1180 2533 182 34 ſenſchafts⸗
1376 2534 168 32 Kuratots,
1555 2536 25 27 t.
1599 2536 23 33 t.
1638 2535 83 34 Hrn.
1732 2537 173 34 Profeſſors
1923 2538 65 28 Dr.
2014 2538 79 34 Joh.
2112 2537 103 33 Schu⸗

1181 2574 65 30 ter,
1270 2577 61 23 und
1353 2577 50 22 der
1426 2571 277 30 Erben⸗Vertreter
1728 2575 34 27 in
1787 2575 47 28 die
1864 2575 241 36 Armortiſirung
2130 2577 87 30 nach⸗

1181 2609 153 36 ſtehender
1362 2611 34 26 in
1414 2609 128 33 Verſtoß
1566 2612 179 33 gerathener
1764 2613 66 33 auf
1850 2613 177 35 Katharina
2059 2621 57 21 von
2133 2614 84 28 Ger⸗

1183 2649 48 32 bis
1261 2649 163 26 lautenden
1445 2646 499 39 Wienerſonds⸗Obligationen,
1970 2652 71 26 Als:

1271 2693 32 18 1
1326 2684 96 29 Einer
1432 2683 533 40 Wiener⸗Stadt⸗BauObligation
1978 2687 61 28 sub
2050 2686 79 30 Nro.
2134 2692 83 30 Sa3c

1182 2727 17 22 2
1223 2729 22 27 5
1267 2721 74 33 prC.
1365 2723 197 34 verzinslich,
1593 2732 108 20 wovon
1732 2728 46 24 die
1804 2725 194 36 Jnterreſſen
2019 2725 123 36 jährlich
2167 2730 50 22 am

1180 2762 57 29 28.
1260 2758 179 30 November
1461 2760 158 35 verfallen,
1636 2770 52 26 per
1710 2768 62 28 5oc
1775 2754 42 47 fl.
1841 2768 60 24 und

1270 2805 31 19 2.
1335 2804 83 20 einer
1451 2798 126 32 gleichen
1613 2799 62 28 sub
1709 2799 83 29 NRro-
1829 2807 142 30 108.279
2002 2801 148 31 ebenfaũs
2182 2804 34 32 zu

1183 2839 21 30 5
1216 2832 75 34 vrg.
1305 2836 178 33 verzinstich
1496 2841 49 21 am
1565 2845 29 19 3.
1605 2828 75 51 Juli
1689 2840 85 32 jeden
1814 2840 88 34 ahres
1915 2847 46 28 pr.
1973 2847 70 28 a0o
2053 2839 31 29 fl
2096 2839 53 27 .
2160 2838 55 28 B.

1181 2867 180 49 gewilliget
1366 2876 132 31 worden;
1522 2874 91 33 daher
1628 2879 121 30 werden
1744 2867 79 49 alle
1832 2878 87 33 jene,
1943 2878 48 26 die
2010 2876 55 33 auf
2082 2879 136 33 gedachte

1178 2907 226 36 Obligationen
1436 2909 170 39 Anſpruͤche
1641 2919 35 30 zu
1710 2915 119 30 machen'
1858 2916 170 34 gedenten,
2062 2916 156 27 erinnert,

1183 2946 51 34 ihr
1264 2946 94 33 Recht
1385 2947 113 32 darauf
1525 2949 234 33 binneneinem
1791 2951 124 35 Jahre,
1949 2952 21 27 6
1997 2951 131 34 Wochen
2155 2955 62 24 und

1183 2984 63 27 drei.
1278 2983 104 35 Tagen
1418 2983 27 33 ſo
1472 2985 96 34 gewiß
1587 2988 188 37 dazuthun,
1815 2991 168 34 widrigens
2033 2989 76 31 ſetbe
2138 2990 79 34 nicht

1180 3020 145 39 gehoͤret,
1370 3023 65 26 und
1466 3023 115 34 veſagte
1603 3024 221 36 Obligationen
1843 3027 50 34 fuͤr
1918 3023 67 32 null
2014 3031 63 24 und
2106 3029 108 32 nichtig

1183 3058 110 36 erklaͤrt
1316 3063 118 24 werden
1459 3059 137 29 wuͤrden.
1784 3060 120 36 u
2056 3075 3 3 —

1270 3095 180 35 Jnnsbrück,
1484 3101 55 25 den
1566 3106 32 28 3.
1623 3097 177 31 November
1825 3105 95 33 1819.

1407 3134 70 35 Joſ.
1501 3134 78 37 Joh.
1601 3144 32 19 v.
1666 3138 102 34 Peer,
1799 3139 178 34 Praͤſident.

1534 3180 31 32 d.
1588 3171 112 36 Lamd,
1729 3176 166 36 Landrath.

1535 3217 32 23 v.
1590 3211 136 35 Fiſcher
1750 3213 162 40 Landralh.

1665 3250 73 35 Joſ.
1760 3258 31 22 v.
1814 3250 167 39 Kabeller,
2008 3248 163 46 Sekretaͤr.
