2624 3800
1119 516 146 93 und

384 570 925 257 Kllgemeiner

58 863 372 50 Bezugs⸗Preiſe:
447 868 84 46 Für
543 869 139 58 Bozen
695 869 240 51 vierteliährig
955 873 15 33 1
987 872 36 44 fl.
1051 874 46 33 5
1113 872 57 44 te.

97 912 197 55 halbjährig
320 917 20 31 4
359 916 52 44 fl.,
434 916 252 55 ganzjährig.5
703 917 34 40 ft.
772 938 46 6 —
829 917 92 38 Mit
946 918 104 44 freier
1069 896 101 73 Boſt⸗

96 960 194 47 zuſendung
315 942 240 79 vierleihenß
584 965 19 34 2
631 965 35 44 fl.
702 966 41 34 10
759 965 58 44 kr.,
843 964 217 61 halbjährig
1083 967 24 35 4
1124 965 54 78 ſ

57 1007 84 61 2
167 1011 54 47 kr.,
247 1009 207 46 ganzjährig
478 1012 23 50 7
528 1011 34 44 fl.
590 1012 46 36 30
662 1011 66 80 —

1323 872 81 45 Die
1425 873 177 56 „Bozner
1631 872 275 57 Nachrichten“
1931 873 213 56 erſcheinen
2163 873 173 59 jeden

1251 942 216 56 Dienstag,
1503 943 273 55 Donnerstag,
1806 943 204 56 Samstag
2040 942 84 44 und
2157 890 242 151 En
2412 940 59 69 —

1428 1011 223 48 Anzeigen
1675 1011 137 38 werden
1837 1004 131 91 illigt
1993 1012 195 44 berechnet.

923 1410 38 26 m
987 1399 53 35 18.
1067 1398 42 39 in
1159 1361 305 124 awiatreteta.

54 1061 91 91 —
182 1087 92 75 24.
722 1085 342 75 Samstag,
1102 1096 81 54 11.
1202 1057 183 101 Jer
1485 1091 153 75 1894.
2115 1096 47 53 1.
2181 1096 213 76 Zahrg.

53 1191 419 81 Wochentaiender:
513 1203 174 64 Sonntag
716 1222 56 43 11.
794 1221 45 38 G.
912 1212 130 77 —
1098 1221 165 49 Montag
1292 1223 54 36 12.
1372 1222 100 47 Paul
1479 1190 223 84 Einſiedler.
1767 1221 179 47 Dienstag
1985 1223 45 36 13
2067 1221 140 47 Kathar
2228 1224 83 49 ina,
2335 1214 80 54 B.

131 1284 234 10 Mittwoch
379 1280 68 37 14.
470 1281 28 20 4
520 1279 115 46 Quit.
660 1279 183 51 Valentin.
880 1270 234 70 Zoͤnnerstag
1142 1282 56 35 15.
1230 1280 153 46 Fauſtin
1409 1292 35 28 u.
1467 1281 141 44 Jovita.
1652 1280 147 51 Freitag
1828 1282 53 36 16.
1900 1283 26 45 4
1950 1280 171 46 Juliana,
2143 1277 220 94 Oueſimus.

183 1336 182 47 Samstag
392 1339 54 35 17.
501 1318 171 71 Alexius
709 1322 140 62 Conſtan
884 1335 53 56 ia.

866 1399 56 61 Al

54 1388 183 70 Märkte:
285 1397 68 38 Am
381 1398 55 35 17.
453 1396 40 75 in
504 1393 134 56 Lienz,
654 1394 183 83 Mithlaud

54 1467 91 26 —
841 1456 45 35 2

390 1517 464 76 Amffiches.

80 1579 282 106 Ernennung.
393 1621 193 58 Majeſtät
618 1623 69 44 des
715 1616 138 63 Kaiſer
882 1607 96 75 had
991 1624 73 43 mit
1095 1622 74 45 den

51 1685 307 64 Fabriksbeſitzer
388 1692 149 51 Jwan
586 1692 221 57 Roſenthal
840 1692 57 45 in
938 1694 230 57 Hohenems

49 1770 80 43 zum
159 1762 217 57 Beirathe
379 1763 84 44 des
475 1762 397 57 Landesſchulrathes
903 1764 67 53 für
998 1763 172 46 Vorarl⸗

50 1820 82 73 berg
165 1834 66 64 für
263 1832 60 46 die
358 1833 95 66 noch
496 1833 141 59 übrige
667 1834 143 45 Dauer
826 1834 72 93 de
938 1837 227 89 gegenwür⸗

33 1893 113 71 tigen
173 1892 247 92 Functions⸗
422 1892 169 92 Periode
624 1907 204 42 ernannt.

72 1988 268 72 Verſetzung.
379 1974 95 68 Das
490 1997 44 45 t.
565 1997 45 46 .
626 1945 429 118 Hondelsminiſetium
1098 1998 70 77 hat

48 2060 89 50 den
165 2068 47 44 k.
246 2068 29 43 k.
311 2064 382 66 Bau-Adjuncten
715 2066 127 47 Vitus
902 2067 175 55 Umfer
1125 2066 57 67 in.

51 2130 154 63 gleicher
236 2137 255 58 Eigenſchaft
525 2140 91 53 nach
647 2136 144 47 Trient
829 2137 192 57 überſetzt.

317 2269 215 135 Bom
592 2265 460 84 Tage.

583 2364 210 68 Bozen,
810 2375 66 60 16.
907 2346 231 90 Februar.

74 2400 234 115 Oeſrmrcig
327 2400 226 113 unlaru

45 2520 137 63 Blatt/
216 2526 294 58 veröffentlicht
537 2526 84 57 eine
650 2525 266 59 Mittheilung
950 2525 215 59 betreffend

46 2584 56 56 ein
132 2597 245 58 angebliches
393 2590 258 65 Einſchreiten
675 2592 126 50 des
759 2580 60 79 k.
837 2597 83 46 und
952 2588 28 53 k.
1003 2594 172 59 Reichs⸗

44 2661 417 66 Kriegsminiſteriums
492 2667 43 46 in
546 2653 92 79 der
655 2657 222 56 bekannten
906 2657 157 68 Affaire
1095 2666 71 46 des

45 2731 296 65 Feldeaplans
370 2738 184 55 Slacel!.
597 2740 134 44 Das
764 2738 253 57 „Fremden
1003 2735 160 49 Blatt“

44 2800 92 54 flellt
166 2809 111 56 ſAbſt
306 2808 96 57 feſt,
417 2806 79 60 daß
529 2783 102 80 ſeine
658 2808 196 64 Angaben
881 2807 183 58 lediglich
1096 2807 72 56 auf

37 2870 162 60 Privat⸗
203 2866 332 83 Jnformationen
552 2879 184 66 beruhen.
765 2878 190 55 Die,W.
971 2878 124 58 Ztg.“
1115 2877 52 56 iſt

45 2950 232 57 ermächtigt,
307 2950 62 44 die
383 2942 226 66 Erklürung
626 2936 121 76 dahin
760 2962 60 46 zu
846 2952 207 55 ergänzen,
1078 2947 87 59 daß

43 3011 56 50 die
144 3012 137 67 ganze
302 3017 278 68 Mittheilumg
610 3020 79 44 des
712 3026 256 51 genannten
998 3017 183 47 Blattes

42 3082 103 56 jedes
176 3090 214 57 officiellen
414 3089 239 57 Charalters
668 3089 507 56 entbehrtt.—

94 3158 92 47 Aus
219 3160 134 58 Graz
381 3152 145 53 wird
536 3159 245 58 gemeldet:
782 3151 381 66 Regierungsrath

42 3222 159 73 Heyne,
229 3230 71 59 der
327 3229 234 60 vorjährige
592 3230 146 46 Rektor
764 3231 71 63 der
862 3228 200 58 Technik,
1079 3227 98 55 hat,

43 3297 68 46 wie
141 3292 70 71 die
222 3285 236 90 Tagespoſ
459 3305 39 41 tu
519 3300 195 58 mittheilt,
746 3315 68 30 um
842 3299 63 46 die
915 3294 248 69 Penſionir⸗

40 3362 83 101 ung
152 3356 240 125 tugeſuct
411 3371 76 81 Er.
497 3369 182 89 motivirt
705 3370 174 111 —
856 3363 141 112 ſeinen
1005 3366 158 115 —

1156 2296 133 66 JLe
1361 2315 113 40 Preton
1511 2309 49 55 iſt
1589 2308 217 59 feſtgeſtellt
1835 2306 174 47 worden.

568 2451 109 62 Das
716 2443 161 69 Wiener
927 2419 250 100 Fremden⸗

1210 2662 95 57 ſeit
1337 2663 71 44 18.
1438 2661 164 50 Jänner
1634 2663 38 44 d.

1213 2804 165 62 ſpäter
1396 2803 59 46 bei
1496 2790 122 59 einem
1650 2802 314 57 Möbelhändler
1993 2799 249 60 beſchäftigt.

1230 3367 248 58 miſchungen
1503 3363 215 69 examinirt
1731 3364 162 45 wurde.

1239 1523 154 52 damit,
1424 1523 76 52 daß
1540 1523 80 56 ihm
1661 1525 60 42 die
1764 1524 200 55 erfahrene
2009 1521 219 60 Kränkung
2280 1525 86 56 jene

1237 1593 383 58 Berufsfreudigkeit
1659 1592 138 54 raube,
1830 1593 72 58 die
1932 1608 71 42 zur
2031 1593 235 59 Ausübung
2290 1597 76 47 des

1236 1663 225 57 Lehrjaches
1501 1664 257 56 nothwendig
1789 1663 78 54 iſt.
1907 1664 103 55 Auch
2045 1664 138 56 hoffe,
2207 1679 57 40 er,
2280 1664 89 53 daß

1237 1735 82 55 ſein
1348 1731 190 50 Rücktritt
1569 1734 112 46 einen
1714 1734 201 58 günſtigen
1938 1734 260 59 Umſchwung
2228 1735 43 45 in
2292 1736 79 43 der

1237 1804 242 58 Stimmung
1493 1805 69 46 der
1572 1796 352 66 Studentenſchaft
1940 1804 274 58 herbeiführen
2227 1801 141 50 werde.

1246 1877 138 57 Der
1381 1870 414 82 oberöſterreichiſche
1824 1875 182 58 Landtag
2045 1876 140 56 nahm
2206 1879 70 49 mit
2309 1878 56 43 32

1238 1938 122 65 gegen
1372 1932 79 59 V
1442 1938 271 54 Stimmen
1733 1947 94 44 den
1837 1947 176 56 Antrag
2038 1946 84 45 des
2138 1940 474 64 Schulauss—

1237 2017 167 58 ſchuſſes
1426 2030 66 40 an,
1515 2018 70 43 der
1604 2016 185 57 Landtag
1811 2019 114 53 möge
1947 2016 85 44 dem
2051 2015 231 58 Verlangen
2302 2015 68 46 der

1233 2086 278 57 Bevölkerung
1518 2085 333 56 Oberöſterreichs
1862 2086 94 55 nach
1969 2084 403 58 Wiederherſtellung

1237 2157 69 45 der
1336 2155 313 57 confeſſionellen
1673 2156 251 56 Volksſchule
1938 2155 204 45 Ausdruck
2172 2146 222 66 verleihen

1333 2240 205 56 rankreich.
1564 2228 125 60 Die
1738 2237 206 50 Jdentität
1995 2237 71 45 des
2114 2228 250 61 Attentäters

2034 2306 148 46 Sein
2212 2309 155 56 wahrer

1233 2380 71 46 Nam
1396 2379 45 57 iſt
1471 2379 110 46 Emil
1599 2379 172 79 Heury;
1803 2378 167 56 derſelbe
2001 2376 47 56 iſt
2077 2390 66 31 am
2173 2377 71 45 26.
2263 2379 103 55 Sep⸗

1235 2457 166 59 temler
1435 2447 133 47 1872
1597 2449 43 45 in
1671 2449 229 47 Barcelona
1937 2459 97 34 von
2087 2447 278 63 franzöſiſchen

1236 2508 141 60 Ellern
1399 2511 194 67 geboren,
1624 2519 47 55 iſt
1700 2518 159 65 kürzlich
1891 2519 79 45 aus
1990 2516 173 47 London
2184 2516 183 61 zugereiſt

1234 2593 86 44 und
1371 2590 64 46 ein
1484 2590 267 58 notoriſcher
1770 2579 214 68 Anarchiſt,
2033 2587 129 57 deſſen
2192 2587 175 57 Ankunft

1703 2661 50 50 J.
1785 2661 68 45 der
1863 2658 179 61 Polizei
2072 2658 167 46 bekannt
2267 2668 99 36 war.

1233 2733 67 51 Jn
1328 2732 129 58 Paris
1487 2741 91 47 war
1603 2746 43 31 er
1676 2732 177 57 anfangs
1886 2729 58 46 bei
1975 2729 124 46 einem
2126 2728 271 65 Bildhauer,

2289 2798 76 48 Bei

1234 2876 70 44 der
1331 2874 300 57 Vernehmung
1650 2873 174 55 erklärte
1840 2873 152 71 Henry,
2035 2883 41 32 er
2115 2869 111 98 habe
2245 2870 118 95 allein

1237 2937 103 65 ohne
1369 2942 223 64 Genoſen
1603 2942 264 60 gehandelt.

1255 3016 125 45 Der
1427 3014 232 71 Temps⸗
1660 3005 172 66 meldet,
1869 2970 81 97 daß
1982 2970 129 99 Emile
2141 2973 156 96 Heurh
2310 2999 62 56 im

1232 3086 133 55 Jahre
1410 3085 119 48 1888
1580 3097 54 32 an
1687 3084 70 45 der
1786 3073 249 56 Sorbonne
2060 3080 41 53 in
2131 3081 139 63 Paris
2297 3081 90 59 die

1230 3132 501 87 Baccalaureatsprifung
1745 3154 208 59 beſtanden
1972 3151 111 78 habe.
2104 3134 251 85 Jntereſſant

1232 3226 59 57 iſt,
1329 3225 125 53 daß
1469 3237 54 32 er
1553 3224 57 46 bei
1653 3225 122 57 dieſer
1799 3223 195 59 Prüfung
2033 3221 43 45 in
2108 3223 68 45 der
2206 3219 169 60 Chemie

1911 3292 31 8 —

1231 3298 100 45 über
1360 3294 61 47 die
1435 3294 272 58 Sprengkraft
1737 3294 70 46 der
1826 3292 263 58 Waſſerſtoff⸗
2118 3294 83 43 und
2218 3291 155 57 Chlor⸗

1944 3363 89 46 Der
2059 3362 227 46 Attentäter
2307 3360 67 55 iſt
2407 3351 41 74 —
2489 3337 119 53 —
