2413 3648
91 905 330 111 Kaiſert.
443 878 317 159 Königl.
809 898 556 119 privitegirten
1410 906 838 112 Bothen
1745 894 194 136 von
1938 906 295 112 Tyrol.

129 1084 272 45 Donnerstag

186 1206 90 37 Gie
293 1203 152 35 Eroͤffnung
463 1203 56 26 des
530 1199 173 36 Konkurſes
722 1199 52 36 fuͤr
794 1200 50 28 die
844 1194 284 54 Kreiswundarzt⸗

240 1244 83 36 Jſtellen
342 1240 182 37 betreffend.)
1108 1267 38 2 —

199 1294 47 27 Da
267 1296 27 24 es
310 1293 44 33 ſich
370 1289 203 36 gegenwaͤrtig
590 1296 53 21 um
664 1289 47 28 die
728 1287 172 35 Beſetzung
926 1290 51 24 der
995 1283 52 38 fuͤr
1062 1283 65 46 —

119 1334 42 29 rol
174 1335 54 27 und
243 1330 165 32 Vorarlberg
430 1328 210 36 ſyſtemiſirten
657 1324 400 37 Kreiswundarztkellen,
1070 1327 58 39 mit

116 1371 110 30 Belchen
245 1369 43 26 ein
309 1366 111 35 Gehalt
437 1374 60 20 von
507 1374 69 28 360
594 1367 32 33 fl.
647 1364 56 29 M.
717 1364 60 29 Bt.
797 1367 54 26 im
860 1372 43 19 26
924 1362 204 34 Guldenfuße

111 1407 153 28 verbünden
282 1404 49 35 iſt,
362 1405 146 35 handelt,
541 1403 28 34 ſo
591 1404 98 34 haben
713 1403 58 28 alle
795 1403 206 33 diejenigen
1021 1401 107 31 welche

89 1446 80 26 eine
166 1434 102 49 dieſer
276 1442 132 33 Stellen,
430 1445 63 24 und
507 1445 81 34 zwar
604 1443 32 26 in
650 1445 55 24 den
715 1440 230 35 Kreisſtadten,
969 1438 159 35 Schwatz,

67 1481 129 34 Amſt,
205 1471 173 49 Bruneck,
384 1479 146 36 Botzen,
555 1479 163 37 Bregenz,
744 1478 116 29 Trient
880 1481 62 26 und
964 1475 163 29 Roveredo

90 1525 44 30 Ju
154 1517 122 35 erhalten
295 1517 170 34 wuͤnſchen/
489 1517 66 35 ihre
579 1519 57 28 mit
656 1521 56 24 den
736 1517 149 35 noͤthigen
906 1515 221 42 Dokumenten

105 1555 65 27 uͤber
188 1555 41 27 die
247 1553 47 35 fuͤr
315 1555 72 33 diefe
405 1555 219 36 Dienſtpoſten
648 1555 231 34 erforderlichen
894 1552 238 36 Eigenſchaften

99 1592 120 35 belegten
239 1591 125 35 Geſuche
382 1594 49 27 bis
455 1594 157 35 längſtens
633 1595 103 33 letzten
758 1592 104 35 Sept.
887 1595 29 24 d.
933 1592 39 32 J.
997 1592 47 26 dei
1071 1594 56 24 den

95 1629 198 29 Kreisaͤmtern
312 1634 51 26 des
383 1630 117 36 Ortes,
534 1639 39 21 wo
592 1625 52 47 ſie
665 1632 47 28 die
732 1630 181 38 Anſtellung
932 1629 104 35 ſuchen
1059 1630 67 28 ein⸗

93 1664 150 44 zureichen.
429 1676 49 7 ——
757 1686 68 9 —

167 1704 172 35 Jnnsbruck
356 1710 58 25 den
436 1714 52 29 14.
512 1706 116 37 Auguſt
651 1711 101 33 1817.
913 1722 3 2 —
1000 1722 35 12 U

146 1742 80 27 Vom
243 1743 39 28 K.
305 1744 41 28 K.
367 1744 202 29 Gubernium
588 1743 31 30 in
637 1743 97 38 Tyrol
747 1747 74 27 und
844 1743 205 37 Vorarlberg.

88 1777 81 36 Ferd.
187 1779 103 38 Erneſt
311 1781 89 36 Graf
415 1790 61 20 von
497 1782 384 37 Biſſingen⸗Nippenbrg,
900 1782 227 30 Gouverneur.

545 1822 81 33 Joh.
642 1819 207 36 Keeſbacher
874 1821 25 27 t.
919 1822 30 28 k.
973 1822 101 27 wirki.

489 1857 276 36 Guberniatrath
784 1863 63 24 und
867 1859 273 33 Protomedikus.

92 1889 114 42 Nro.
228 1892 199 37 202685667.
452 1892 154 28 Sanitàt.
850 1907 4 3 —

77 1983 23 22 1
110 1962 96 53 (SDie
227 1974 222 35 Ausfertigung
475 1966 86 36 eines
580 1966 96 36 neuen
697 1975 155 34 Diploms
871 1975 51 33 fuͤr
939 1970 56 34 den
1016 1975 103 42 oſterr.

206 2012 117 38 Konſul
341 2011 206 39 Kindervater
567 2013 33 27 in
621 2013 71 27 Uim
710 2014 197 34 betreffend.)

164 2060 107 29 Seine
293 2061 151 35 Majeſtaͤt
463 2061 99 35 haben
583 2063 57 27 mit
659 2063 204 36 allerhoͤchſter
884 2061 235 37 Entſchließung

87 2107 62 21 vom
171 2107 50 19 11.
241 2098 77 28 Mai
348 2102 22 24 1.
388 2099 40 33 J.
453 2099 50 29 für
532 2102 55 26 den
603 2101 125 27 bereits
760 2103 44 25 im
825 2100 104 36 Sahre
948 2105 84 29 1808
1051 2109 68 29 zum

95 2137 87 34 dſterr.
199 2134 116 34 Konſul
343 2138 32 25 in
399 2136 72 28 ünm
498 2144 172 24 ernannten
696 2137 137 38 Johann
852 2137 71 35 Jof.
943 2138 176 33 Kindelva⸗

98 2178 57 28 ter,
181 2174 40 27 die
248 2173 226 35 Ausfertigung
499 2174 86 28 eines
607 2183 96 20 neuen
722 2176 156 34 Dipioms
898 2177 31 27 in
950 2176 94 35 dieſer
1060 2176 56 30 Ei⸗

104 2210 121 36 genſchaft
242 2211 211 34 allergnaͤdigſt
469 2218 35 29 zu
524 2212 170 36 bewilligen
713 2214 124 35 geruͤht.

168 2249 69 28 Von
272 2248 90 33 dieſer
384 2249 213 36 allerhoͤchſten
617 2250 235 37 Entſchließuͤng
870 2254 77 26 wird
968 2254 52 32 der
1037 2252 79 36 hier⸗

97 2285 100 36 tzndige
217 2286 228 38 Handelsſtand
470 2289 32 26 in
522 2287 92 36 Fotge
638 2291 82 26 einer
732 2290 209 36 Verordnung
967 2293 51 25 der
1033 2291 83 36 hoch⸗

94 2323 61 29 loͤbl.
168 2323 178 39 Kommerz
336 2319 18 51 ⸗
361 2323 256 36 Hoftommiſſion
644 2334 72 21 vom
746 2327 54 30 16.
823 2325 79 31 Mai
932 2330 21 27 1.
975 2328 41 35 3.
1038 2329 77 37 Zaht

92 2361 171 38 a42311402
281 2364 33 27 in
332 2361 163 35 Kenntnip
513 2363 112 36 gefetzt.

161 2400 178 34 Jnnsbruck
359 2409 49 19 am
427 2409 34 28 4.
484 2401 77 35 Juli
587 2407 96 31 1817.

149 2437 81 28 Vom
246 2437 40 29 K.
303 2437 41 29 K.
364 2438 199 34 Gubernium
586 2441 33 27 in
629 2433 109 49 Tyrol
758 2443 62 28 und
838 2441 203 37 Vorarlberg.

87 2472 83 36 Ferd.
180 2474 104 37 Erneſt
297 2476 86 34 Graf
401 2485 59 21 von
473 2476 405 41 Biſſingen⸗Nippenburg,
897 2480 221 32 Gouderneur.

299 2513 71 35 Joſ.
388 2514 109 30 Ritter
518 2523 31 21 v.
574 2516 170 38 Martini,
761 2519 34 29 t.
814 2519 25 29 t.
864 2518 88 32 Gub.
972 2519 167 38 Rath.

122 2547 80 33 Nro.
225 2558 102 31 1597
338 2543 103 53 4368.
464 2552 74 31 Com
548 2562 88 30 merz.
739 2559 48 2 u

84 2636 19 18 *
356 2632 118 42 Kun
499 2632 74 42 dim
596 2645 70 35 ach
690 2653 121 29 ung.

84 2687 72 37 (Sie
182 2689 240 40 Rearbitrirung
452 2697 52 27 der
510 2684 196 57 Patental⸗
706 2688 185 49 Jnvaliden
917 2691 196 47 betreffend.)

158 2740 135 37 Vermoͤg
314 2744 82 27 einer
414 2752 60 27 von
493 2749 67 26 dem
586 2747 74 28 loͤbl.
685 2747 24 28 t.
725 2748 26 27 k.
764 2747 351 31 Militàr-Kommando

83 2775 28 29 in
129 2776 93 37 Tytot
250 2784 60 25 und
340 2781 188 38 Vorarlbers
561 2785 148 36 erfoigten
731 2785 231 38 Mittheilung
994 2789 54 34 hat
1066 2792 50 24 der

85 2814 133 36 hochloͤbl.
243 2818 26 28 t.
289 2819 24 27 k.
342 2818 237 40 Hofkriegsrath
608 2824 157 28 acermats
797 2826 47 27 die
871 2825 244 36 Rearbitrirung

71 2849 57 42 der
130 2850 185 52 Patentals
327 2856 176 34 Jnvaliden
530 2865 193 31 anzuordnen
744 2862 167 33 befunden.

161 2893 93 34 Dieſe
281 2893 243 39 Rearbitrirung
554 2899 52 33 hat
630 2900 33 27 in
682 2903 56 25 den
759 2902 130 35 naͤchhin
911 2898 203 46 vezeichneten

88 2925 84 54 —
198 2939 69 21 vom
293 2941 49 27 16.
352 2933 128 37 Auguſt
508 2936 47 27 bis
588 2939 101 33 tetzten
722 2937 196 37 September
948 2940 166 36 kaufenden

92 2967 92 36 Jahrs
201 2977 55 21 vor
272 2970 50 36 ſich
340 2974 146 34 zugehen.

158 3006 61 44 Um
238 3006 184 39 hiebeiſaber
446 3012 47 27 die
513 3010 203 38 erforderliche
732 3013 153 37 Ordnung
906 3018 208 36 einzuhalten,

89 3043 46 42 und
155 3048 81 30 jeden
264 3047 363 36 Patental-Jnvaliden
658 3059 54 20 vor
746 3054 147 33 Schaden
919 3062 34 30 zu
975 3063 141 27 warnen,

91 3084 64 25 Fitd
171 3085 241 36 einverſtaͤndlich
435 3090 57 26 mit
518 3092 65 23 dem
612 3088 127 36 hieſigen
764 3091 25 27 k.
810 3092 24 28 t.
863 3093 73 28 186k.
963 3093 151 30 Militaͤr⸗

213 3114 53 76 e
293 3125 170 36 Folgendes
491 3132 52 31 zur
571 3133 138 29 genauen
737 3126 219 41 Nachachtung
983 3132 133 31 bekannt

138 3166 74 24 tben.

163 3196 39 37 F.
220 3199 22 30 J.
265 3201 65 30 Die
363 3201 245 38 Rearbitrirung
637 3206 50 26 der
712 3203 206 36 ſaͤmmtlichen
943 3207 197 36 Patentat⸗

96 3228 152 39 Anvaliden
271 3242 75 27 Pird
365 3245 58 26 aus
447 3241 171 36 Ruͤckſicht,
651 3250 51 22 um
735 3243 98 33 dieſen
861 3243 108 30 Leuten
1001 3249 46 27 die
1066 3249 49 28 vc⸗

97 3266 152 45 ſchwetliche
270 3277 90 35 Hin⸗
381 3284 62 24 nund
457 3279 154 38 Ruͤckkehr
627 3281 91 34 ſoviel
736 3281 127 35 moͤglich
879 3288 34 30 zu
927 3285 189 34 erleichtetn,

96 3306 69 46 durch
182 3314 52 28 die
241 3315 108 37 Plas⸗
364 3318 217 30 Kommanden
602 3327 60 21 von
672 3319 196 35 Jnusbruck,
895 3319 143 42 Bregenz
1052 3327 63 27 und

120 3352 116 36 rienthzu
256 3354 160 39 volſziehen,
442 3358 208 36 anbeſohlen,
674 3361 32 26 es
729 3358 82 29 kann
835 3358 92 36 daher
945 3362 83 34 jeder
1046 3362 69 36 Jn⸗

164 3386 154 38 Am̃tobl.
341 3396 29 37 zů
394 3394 56 33 B.
475 3403 39 25 v.
541 3396 44 33 J.
611 3397 100 32 Liro.
736 3397 59 40 69.
819 3400 137 39 1815.

1016 1069 125 50 Nro.
1176 1083 43 48 35
1221 1099 17 32 .

1778 1080 68 34 28.
1878 1065 169 53 Auguſt
2075 1080 115 49 1812.

1153 1192 241 33 Valideeinen
1420 1195 98 34 dieſer
1539 1194 97 35 ſeiner
1657 1195 209 39 Heimath
1811 1188 51 50 zu
1892 1195 98 36 naͤchſt
2008 1197 165 35 gelegenen
2182 1188 67 50 Oer

1182 1230 56 37 ſich
1252 1232 146 36 waͤhlen,
1423 1238 62 23 und
1507 1235 123 34 daſeibſt
1649 1241 68 30 zum
1741 1235 185 28 Roarbitrio
1947 1234 54 35 ſich
2019 1235 117 34 ſtellen.

1267 1269 107 36 S.
1349 1265 32 47 .
1399 1269 66 30 Alle
1487 1272 51 34 ſich
1560 1273 165 34 perſoͤntich
1745 1274 161 34 ſtellenden
1928 1273 183 34 Jnvaliden
2145 1270 103 37 haben

1182 1307 214 36 nachſtehende
1418 1309 196 30 Dotumente
1623 1313 258 34 mitzuvringen

1179 1353 35 20 2.
1239 1345 67 29 Die
1330 1347 356 34 Patentat-Urkunde
1720 1350 83 35 nebſti
1829 1353 69 25 dem
1917 1346 326 36 Anweiſungsbogen.

1211 1383 74 27 Da
1302 1386 47 26 die
1367 1386 58 27 von
1446 1389 51 25 der
1517 1387 112 35 koͤnigl.
1649 1387 96 29 baier.
1771 1393 64 23 und
1852 1388 141 27 vormals
2016 1386 70 27 koͤn.
2106 1385 141 29 italieni⸗

1227 1422 81 35 ſchen
1326 1421 178 37 Regierung
1524 1424 262 29 uͤbernommenen
1811 1424 181 35 Jnvaliden
2018 1423 85 27 keine
2124 1423 124 28 Uetun⸗

1205 1463 80 25 den
1307 1468 70 20 vom
1397 1461 263 36 Jnvalidenhaus
1682 1463 142 34 beſitzen,
1848 1463 30 33 ſo
1892 1463 39 34 iſt
1953 1469 63 21 von
2036 1460 116 35 ſolchen
2175 1459 72 30 blos

1187 1497 92 29 der
1296 1498 306 37 Anweiſungsbogen
1624 1502 246 35 mitzubringen.
2049 1504 71 10 —

1180 1534 32 32 b.
1240 1536 64 29 Ein
1336 1538 238 34 obrigkeitliches
1600 1534 376 40 Duͤrftigkeitszeugniß,
2014 1533 62 36 daß
2110 1533 138 43 derſelbe

1192 1574 120 35 dieſe
1327 1575 232 36 Unterſtuͤtzung
1594 1577 59 28 mit
1688 1578 68 27 dem
1777 1574 284 37 Patentalgehalte
2082 1575 80 33 nicht
2177 1578 72 23 ent⸗

1226 1613 113 34 behren
1371 1614 116 33 koͤune,
1522 1619 70 23 oder
1627 1617 43 25 im
1698 1614 195 35 Gegentheit
1921 1615 73 26 eine
2021 1612 231 37 Beſtaͤtigung,

1184 1651 94 11 daß
1290 1659 43 20 er
1354 1653 93 27 einen
1446 1645 134 47 fichern
1585 1645 187 47 taͤglichen
1771 1651 131 30 Erwerb
1923 1658 63 21 von
2020 1659 45 20 12
2086 1653 66 32 tr.,
2179 1652 73 26 und

1196 1687 120 31 wenn
1339 1689 130 34 derſelbe
1494 1692 50 26 ein
1565 1690 216 37 Unteroffizier
1801 1697 98 26 war,
1919 1697 75 20 von
2015 1689 111 35 taͤglich
2144 1697 43 19 20
2206 1687 48 29 ke-

1221 1726 58 38 W.
1307 1727 57 29 W.
1381 1725 103 31 Konv.
1508 1726 109 38 Muͤnz
1643 1729 49 34 ſich
1712 1728 180 35 verſchaffe,
1914 1727 95 36 daher
2030 1726 60 34 auf
2108 1730 58 24 den
2178 1720 72 48 Jn⸗

1201 1766 257 36 vatidengehalt
1475 1767 141 35 zeittlich;
1649 1769 71 25 vder
1748 1766 55 33 fuͤr
1827 1765 158 36 beſtaͤndig
2002 1764 144 38 Berzicht
2166 1763 87 36 thun

1206 1801 138 35 Foͤnne,
1378 1808 61 24 und
1470 1807 70 25 eine
1561 1803 388 37 Reſervationsurtunde,
1980 1808 74 24 oder
2081 1807 56 25 den
2154 1802 98 36 gänzt

1214 1826 111 58 ichen
1345 1842 142 34 Abſchied
1507 1848 35 30 zu
1560 1842 138 35 erhalten
1719 1842 151 34 wuͤnſche.

1222 1873 74 44 6CS.
1307 1878 76 28 III.
1394 1873 63 44 Von
1461 1880 132 31 folchen
1611 1873 186 44 Jnvaliden,
1823 1881 107 32 weſche
1942 1877 182 34 Gebrechen
2136 1884 109 28 wegen

1179 1912 47 28 vei
1253 1917 60 30 der.
1337 1913 251 34 Reatbitrirung
1615 1916 78 29 nicht
1719 1915 172 34 verfomtich
1912 1916 169 32 erſcheinen
2108 1915 137 32 koͤnnen,

1146 1965 75 4 iſ
1224 1955 71 18 von
1316 1950 59 24 den
1394 1949 205 33 betreffenden
1619 1949 218 33 Obrigkeiten,
1861 1950 90 27 allwo
1977 1949 37 33 ſie
2033 1951 211 32 domiciliren-

1183 1984 51 32 die
1244 1983 358 35 Batental⸗Urkunde,
1623 1989 53 24 der
1695 1985 346 36 Anweiſangsbogen,
2055 1989 57 25 das
2134 1986 109 34 Dürf—

1184 2021 143 33 tizteits⸗
1344 2025 70 24 oder
1447 2021 352 38 Vermoͤgenszeuaniß,
1842 2024 84 34 neöſt
1961 2025 85 27 einer
2075 2024 165 36 aͤrztlichen

1184 2057 204 37 Biſtaͤtigung
1406 2063 54 25 des
1482 2059 217 35 Gebrechens-
1720 2065 70 25 oder
1815 2061 302 36 Krautheitswegen
2136 2069 41 20 an
2194 2063 45 26 ei⸗

1184 2103 38 20 ne
1235 2100 52 24 der
1310 2097 136 35 naͤchſten
1467 2100 207 32 obbemerkten
1696 2099 539 37 Jnvaliden⸗Arbitrirungs⸗Kom⸗

1182 2134 157 35 miſſionen
1361 2136 32 27 in
1418 2136 152 37 offizioſen
1592 2136 95 36 Wege
1706 2137 234 37 einzuſenden.

1267 2172 31 36 8.
1320 2172 59 28 1V.
1404 2173 156 35 Jnvalide
1578 2174 101 34 Leute,
1702 2178 109 32 welche
1834 2180 59 24 aus
1913 2177 99 27 einem
2038 2173 202 41 Jnvaliden?

1182 2210 88 36 hauſe
1290 2212 162 29 beuriaubt
1472 2213 85 33 ſind,
1589 2214 98 35 haben
1720 2214 51 36 ſich
1793 2214 151 35 ebenfalls
1974 2215 58 28 mit
2056 2214 91 37 ihren
2163 2214 75 29 Do⸗

1181 2250 161 28 kumenten
1361 2250 142 35 verſehen
1525 2258 34 30 zu
1580 2252 111 35 ſteilen.

1263 2286 37 37 S.
1329 2286 43 30 V.
1396 2289 56 28 Da
1479 2290 50 28 ein
1546 2290 208 37 vorzuͤgliches
1766 2289 194 36 Augenmert
1982 2288 119 33 darauf
2117 2296 122 29 gewen⸗

1179 2328 50 26 det
1246 2331 121 28 werden
1388 2327 75 34 ſoll,
1487 2330 171 34 diejenigen
1677 2329 179 34 Jnvaliden
1877 2327 222 38 aufzufinden,
2130 2329 110 34 welche

1179 2371 36 29 zu
1235 2365 107 33 irgend
1370 2367 86 26 einer
1475 2365 257 38 Civitanſtellung
1761 2369 142 34 geeignet
1929 2368 87 33 ſind,
2050 2369 62 26 und
2124 2367 116 34 ſeiner

1176 2402 66 33 Zeit
1260 2406 230 33 untergebracht
1520 2408 120 26 werden
1660 2405 155 35 koͤnnten,
1847 2403 30 36 ſo
1903 2406 122 27 werden
2048 2405 76 33 dieſe
2148 2403 90 30 Leute

1174 2441 270 36 gemeinſchaͤftlich
1476 2443 160 34 beſonders
1662 2451 51 21 am
1744 2443 107 36 Platze
1871 2447 52 25 der
1953 2443 284 35 Rearbitrirungss

1175 2478 188 34 kommiſion
1374 2482 184 36 verzeichnet
1575 2485 137 31 werden,
1739 2482 99 35 haben
1855 2483 71 27 aber
1946 2489 48 21 von
2007 2481 99 35 ihren
2120 2480 115 36 Obrig⸗

1177 2517 97 27 keiten
1298 2520 66 26 eine
1391 2520 75 27 uͤbee
1485 2520 182 36 Faͤhigkeit,
1706 2524 64 25 und
1797 2520 77 36 ſonſt
1897 2527 34 30 zu
1964 2520 99 37 ihrem
2088 2518 145 39 Gunſten

1175 2555 175 35 ſprechende
1371 2556 206 38 Beſtaͤtigung
1603 2560 242 36 mitzubringen.

1262 2593 40 41 F.
1329 2593 57 31 VJ.
1411 2596 69 28 Alle
1500 2598 68 34 jene
1579 2597 201 34 Jnvdliden“
1806 2597 105 33 welche
1933 2595 50 35 ſich
2006 2595 53 28 bis
2080 2601 66 31 zum
2166 2595 67 34 letz—

1175 2637 53 24 ten
1241 2632 102 35 Sept.
1358 2636 31 26 d.
1400 2634 41 35 J.
1457 2636 81 33 nicht
1554 2639 152 25 entweder
1726 2635 165 35 perſoͤnlich
1909 2634 123 33 ſteilen,
2057 2638 69 23 oder
2143 2632 89 36 durch

1179 2673 48 26 die
1249 2672 206 35 betreſfenden
1473 2672 170 37 Behoͤrden
1665 2675 125 34 mittelſt
1812 2676 51 25 der
1879 2671 229 33 erforderlichen
2121 2670 111 29 Docu⸗

1174 2716 105 22 mente
1306 2712 49 27 als
1385 2718 51 30 zur
1448 2711 164 37 Stellung
1634 2713 227 34 unvermoͤgend
1882 2711 78 33 nicht
1979 2710 149 35 gemeldet
2150 2716 82 21 wer⸗

1175 2750 82 30 den,
1282 2752 121 25 werden
1422 2752 49 27 als
1496 2750 191 33 Emanſoren
1708 2751 33 28 in
1765 2750 130 35 Rögang
1914 2747 149 35 gebracht,
2087 2749 63 26 und
2160 2755 72 20 ver⸗

1174 2787 98 28 lieren
1298 2786 51 35 fuͤr
1365 2789 112 28 immer
1499 2789 57 28 alle
1569 2789 171 34 Anſpraͤche
1762 2789 58 32 auf
1833 2789 47 26 die
1894 2785 339 36 Militaͤrverſorgung.

1173 2823 72 33 Alle
1263 2827 69 33 jene
1352 2827 114 37 daher,
1499 2831 90 25 deren
1620 2826 304 35 Anweiſungsbogen
1954 2825 50 27 bis
2032 2831 70 29 zum
2123 2826 109 31 letzten

1175 2862 197 35 September
1389 2869 31 32 8.
1438 2865 43 36 J.
1492 2857 97 49 nicht
1606 2874 59 20 von
1698 2867 86 26 einer
1816 2867 50 25 der
1893 2864 62 27 drei
1990 2861 245 37 vorerwaͤhnten

1173 2901 300 36 Platzkommanden
1493 2905 163 28 vidimiert
1683 2903 68 33 ſeyn
1771 2903 99 33 wird,
1902 2902 137 27 kommen
2062 2901 58 28 mit
2140 2899 93 31 Ende

1174 2940 135 30 AQttober
1331 2946 84 33 1817
1435 2941 95 33 auſer
1549 2945 51 25 der
1614 2941 237 33 Vormerkung,
1885 2943 61 24 und
1970 2938 101 36 haben
2101 2947 72 20 vom
2196 2946 36 22 1.

1173 2977 92 30 Nov.
1283 2987 41 21 an
1347 2984 98 25 weder
1464 2982 47 27 bei
1531 2982 82 27 einer
1641 2978 102 30 Civil«-
1770 2979 70 35 noch
1864 2976 195 37 Kriegskaſſe
2084 2979 59 27 den
2161 2977 80 35 Jn——

1173 3018 287 38 validengehalt
1410 3014 55 46 zu
1484 3020 150 34 erhalten⸗

1264 3054 38 39 S.
1331 3056 74 30 Vll.
1429 3057 74 28 Von
1528 3061 50 25 der
1602 3054 154 36 Stellung
1776 3060 68 31 zum
1866 3052 185 32 Rearbitrio
2070 3052 63 38 ſind
2154 3057 80 28 aus⸗

1175 3102 207 28 genommen:

1175 3142 30 20 4.
1232 3132 69 30 Alle
1325 3135 59 29 mit
1412 3134 85 29 einer
1526 3130 400 37 Neſervations-Urkunde
1951 3129 188 41 verſehenen
2161 3131 71 37 Jn⸗

1219 3173 150 34 validen,
1388 3175 83 26 dann

1174 3209 36 31 b.
1235 3212 184 34 diejenigen,
1441 3209 107 34 welche
1571 3208 207 30 mittlerweile
1800 3208 35 29 in
1863 3210 67 28 eine
1941 3206 295 40 Provinzial⸗Ver⸗

1220 3249 130 36 ſorgung
1369 3249 218 28 uͤbernommen
1606 3249 143 32 worden,
1784 3251 73 25 oder
1883 3249 68 28 eine
1979 3247 182 41 Anſtellung
2184 3257 50 21 er⸗

1221 3287 109 38 halten
1344 3288 108 34 haben.
1483 3285 73 28 Von
1576 3285 98 34 dieſen
1688 3288 120 34 letztern
1824 3287 69 35 ſind
1908 3288 98 34 jedoch
2025 3295 62 22 von
2114 3292 56 24 den
2183 3288 51 28 be⸗

1222 3319 170 47 treſſenden
1404 3319 168 47 Behoͤrden
1592 3326 47 27 die
1651 3324 157 37 Anzeigen
1832 3327 58 28 mit
1909 3329 59 26 den
1982 3325 167 30 Urkunden
2164 3329 72 25 oder

1221 3362 308 38 Anweiſungsboͤgen
1549 3370 41 24 an
1608 3367 56 27 das
1678 3362 323 35 Militaͤrkommando
2019 3364 215 39 einzuſenden,
