2339 3659
222 409 62 27 ede
334 406 83 26 France
440 396 144 35 bemerkt,
617 394 57 38 daß.
709 395 60 37 Hr.
793 401 30 22 v.
851 390 114 33 Torres
986 393 54 35 ſelt
1063 393 63 42 dre

154 410 77 72 *
260 446 44 24 30
361 437 84 28 aliem
465 434 270 35 Miniſterwichſel
760 434 48 33 ſich
835 431 153 36 erhalten,
1023 433 28 32 ſo
1070 431 55 32 daß

106 490 70 22 Faa
215 481 49 29 ihn
288 480 53 23 den
377 472 168 33 ſpaniſchen
577 473 137 34 Decazes
743 474 134 37 genannt
904 468 94 39 habe.
1029 469 96 39 Jhm

106 517 170 30 Jdanelen
294 513 45 26 die
363 509 168 34 ſpaniſchen
548 505 187 37 Fluͤchtlihge
758 508 43 27 die
812 505 222 31 verſchlezenen
1047 506 75 27 Am⸗

104 554 126 32 neſuen
263 549 44 27 die
337 554 59 21 nur
429 545 152 36 Wenigen
611 547 46 26 die
685 543 151 42 Ruͤcktehr
866 543 51 27 ins
954 544 164 40 Vaterland

102 588 162 30 eriaubten.
316 583 203 32 Bekanntlich
549 583 95 32 ſuchte
672 590 28 20 tr
726 584 55 25 den
810 585 119 29 Herzog
959 581 75 38 von
1042 577 77 46 San

104 626 180 33 Fernando,
308 620 94 33 deſſen
429 620 191 32 wachſenden
641 617 128 34 Einfluß
792 625 35 34 er
839 611 168 52 fuͤrchtere,
1031 618 87 32 durch

100 663 64 27 ciae
193 658 158 35 Sendung
383 658 70 31 nach
478 657 225 37 Nordamerita
739 654 124 36 (wegen
889 653 137 36 Fiorida)
1050 655 70 27 vom

97 696 80 36 Hoſe
202 702 34 29 zu
255 693 178 37 entfernen,
465 693 148 38 ſcheiterte
650 693 69 27 aber
754 694 30 25 in
802 691 106 37 dieſem.
939 691 114 34 Plane,
1078 691 43 29 Er

98 736 110 27 mimmä
235 735 54 24 den
324 730 88 35 Troſt
434 731 61 29 mit
528 731 75 32 ſich,
640 730 55 32 daß
725 727 59 34 ſein
805 728 70 32 Fall
902 726 219 40 Niemandem,

99 772 49 27 ais
175 769 148 36 hoͤchſtens
361 771 55 24 den
443 768 167 34 Jefulten,
646 765 86 29 deren
759 765 107 36 großer
895 763 174 37 Beſchuͤtzer
1088 773 34 22 er

95 814 83 25 war,
208 808 65 26 eine
301 805 128 34 Thraͤne
447 805 147 29 entlocken
621 805 87 26 wird.

181 844 65 27 Die
279 842 79 35 Zaht
390 844 51 28 der
476 842 143 28 Kronken
651 843 32 25 in
717 838 94 40 Cadix
849 837 106 37 betrug
992 846 48 22 am
1070 846 51 21 21.

96 879 91 34 Ott.,
210 875 141 40 xt,258,
377 880 46 27 die
447 877 50 30 der
522 878 207 34 Geſtorbenen
763 877 52 33 55.

347 910 515 44 Grobkbritannten.

153 951 111 37 (Aus
261 944 202 50 engliſchen.
471 953 171 34 Zeitungen
660 959 67 21 vom
746 959 32 27 5.
799 948 107 40 Nou.)
939 948 71 41 Der
1024 949 118 41 Prinz.

94 991 119 36 Regent
243 991 64 28 will
338 991 70 34 ſich,
444 993 64 25 dem
536 990 196 34 Bernehmen
758 991 88 29 nach,
873 994 46 31 an,
946 990 48 35 der
1019 986 105 38 Stelle

95 1032 51 26 des
170 1028 304 33 niedexzureißenden
495 1025 324 37 Biickinghamhouſe,
834 1021 142 49 weiches
985 1021 66 49 die,
1056 1025 67 41 ver⸗

97 1066 130 34 ſtorbene
247 1064 139 30 Koͤnigin
408 1066 71 32 inne
505 1066 101 30 hatte,
641 1065 84 31 einen
746 1061 167 39 praͤchtigen
932 1060 117 36 Pallaſt
1070 1059 56 28 mit

95 1101 63 30 dre
177 1100 156 39 Facaden
359 1100 77 31 bauen
460 1102 113 31 laſſen,
609 1104 63 24 und
692 1099 218 33 Carttonhouſe
934 1102 53 23 den
1010 1099 116 34 Herzog

95 1137 61 31 von
176 1138 77 38 Hort
273 1135 154 38 obtreten.
482 1137 65 30 Die
570 1138 111 34 Koſten
707 1141 49 24 des
783 1140 95 24 neuen
894 1129 111 51 Baues
1037 1135 88 31 ſollen

97 1177 58 31 auf
170 1179 20 35 7
213 1177 92 29 Miu.
328 1177 60 35 ꝓf.
412 1177 74 29 St.
498 1176 137 35 geſchaͤtzt
654 1175 86 34 ſeyn,
773 1177 61 24 und
859 1177 37 23 da
921 1172 49 31 ſich
993 1175 49 25 der
1063 1172 63 28 Re⸗

98 1214 219 35 gent'deshailb
338 1215 79 31 nicht
438 1222 37 20 an
494 1217 55 33 das
569 1214 185 33 Parlament
774 1214 124 25 wenden
915 1209 81 32 will,
1021 1211 29 31 ſo
1070 1212 55 29 ſol⸗

98 1253 63 30 ien
181 1259 31 19 1.
231 1254 54 25 das
305 1250 132 37 Terrain
457 1253 51 26 des
530 1249 230 36 Pallaſtes
706 1243 76 48 von
780 1249 61 27 St.
864 1247 135 33 James,
1024 1254 32 20 2.
1083 1248 44 25 die

99 1285 185 37 kduiglichen
306 1286 136 35 Staͤlle,
473 1286 62 29 unds
565 1294 32 30 3.
624 1285 240 32 Warwickhouſe
893 1286 56 26 mit
960 1279 81 49 Zube
1046 1279 78 49 hoͤr,

99 1326 140 38 verkaͤuft
263 1329 143 29 werden,
439 1325 122 38 woraus
586 1330 71 22 man
678 1325 173 33 6,3800.000
871 1321 58 34 Pf.
949 1320 62 29 St.
1029 1328 32 28 zu
1084 1321 41 42 is-

99 1361 51 35 ſen
176 1362 97 29 dentt.
297 1355 242 48 (Morningy
539 1355 97 48 oſt.)
669 1375 37 5 —
743 1361 42 32 Zu
814 1360 158 32 Glasgow
1005 1361 61 24 und,
1096 1365 31 19 in

99 1394 96 37 defſen
223 1397 235 35 Racbarfchaft
474 1399 106 27 wäten
602 1399 48 26 am
671 1406 25 20 1.
720 1397 86 28 Rov.
830 1397 171 38 zahireice
1006 1386 119 53 Votts⸗

96 1433 292 39 verſamminngen,
412 1438 44 26 die
474 1436 78 36 ohne
571 1437 191 31 Unordnung
783 1433 143 33 abliefem
952 1434 60 25 Ein
1024 1431 104 34 Hanfe

97 1473 160 35 begegnete
271 1473 78 28 beün
363 1472 150 35 Hinwege
530 1472 57 32 auf
601 1473 51 27 der
673 1471 174 37 Landſtraße
868 1472 81 26 einer
970 1469 157 29 Estadron

96 1511 166 35 Huſaren;
288 1512 46 25 die
347 1508 104 34 Muſit
466 1513 49 24 der
529 1508 165 33 Reforiner
712 1510 100 31 ſpielte
834 1513 53 22 das
905 1508 83 27 Lied:
1019 1506 109 33 „Eng⸗

98 1547 84 34 niſche
204 1543 238 35 Grenadierett,
473 1549 61 26 und
546 1544 93 30 beide
662 1546 104 32 Theite
786 1549 89 30 zogen
898 1546 88 31 ruhig
1005 1550 38 20 an
1065 1544 60 26 ein,

98 1583 93 27 ander
207 1583 123 28 vorbei.
362 1596 44 7 —
437 1584 95 28 Unter
557 1584 55 26 den
632 1582 317 29 antirtvolutionaͤren
975 1580 148 36 Maaßre⸗

97 1617 89 37 geln,
208 1617 111 31 womit
314 1613 87 45 ſich
408 1620 57 28 das
487 1621 226 33 bevorſtehende
730 1622 186 32 Parlament
926 1613 202 45 beichaͤftigen

99 1657 99 30 wird,
231 1655 97 30 nennt
360 1657 71 28 man
460 1658 67 27 eine
552 1656 211 36 Auedehnüng
789 1660 52 24 der
869 1655 181 34 Befugniſſe
1083 1660 46 21 der

98 1689 54 46 Lor
159 1693 208 38 dlieutenanto
391 1696 33 26 in
454 1697 56 33 den
540 1694 231 33 Grafſchaften,
808 1699 49 22 wo
887 1694 148 35 Unruhen
1065 1693 90 33 ſtan

101 1728 128 35 finden,
266 1728 64 31 ünd
357 1732 46 26 die
423 1731 223 34 Unterſagung
677 1734 57 25 von
763 1730 365 34 Voitsverſammtunges

102 1765 77 32 ohne
194 1764 238 39 Einwiuigung
447 1767 58 28 der
536 1767 232 35 Magiſtrate.
786 1767 81 29 Auch
886 1769 52 28 Ldou
956 1770 58 26 ein
1027 1769 125 29 ſacter

103 1800 151 39 Steinpel
273 1805 57 30 auf
350 1804 56 27 aue
421 1804 113 28 Werte
558 1809 119 22 urter
699 1804 83 26 einer
792 1796 146 47 gewiſſen
955 1804 201 34 Bogenzahl.

104 1841 34 28 in
161 1839 164 34 Vorſchlaq
341 1841 143 33 gebracht
508 1842 139 29 werden,
681 1841 134 28 wodurch
841 1846 71 21 man
932 1845 55 22 den
1006 1842 125 30 aufruh⸗

105 1878 147 27 reriſchen
276 1877 218 29 Flugſchriften
518 1884 52 19 um
592 1877 73 29 zmei
690 1877 200 29 Pfenninge,
922 1878 52 24 den
1003 1874 153 26 Mauce⸗

103 1909 140 35 ſchriften
268 1916 37 21 1c.
339 1909 86 27 einen
451 1908 121 27 Damm
596 1913 142 29 entgegen
762 1915 34 27 zu
822 1909 87 33 ſetzen
932 1908 80 35 hofft.
1048 1908 85 38 Das

102 1939 203 43 Morning
324 1939 247 43 -Chronicte
605 1946 107 26 ertiärt
741 1945 49 32 ſich
821 1946 82 30 ſchon
937 1950 88 28 gegen
1058 1943 76 35 dieſe

107 1983 208 34 Maaßregel,
339 1984 47 25 als
405 1981 86 29 einen
509 1982 169 30 Vorlaͤufer
692 1989 58 19 von
769 1984 114 24 andern
896 1980 240 33 Preßbeſchräne

103 2021 129 34 kungen.
264 2024 43 16 —
345 2018 71 28 Von
438 2017 129 30 Madrid
588 2019 89 30 ſollen
695 2019 171 37 Depefchen
886 2013 56 47 mit
956 2021 58 23 der
1031 2017 103 30 Mach⸗

104 2054 74 37 richt
202 2056 191 36 eingelauſen
427 2058 91 31 ſeyn,
558 2056 58 32 daß
648 2057 45 25 die
717 2054 207 36 Konferenzen
954 2062 99 27 wegen
1083 2055 50 25 des

105 2095 153 33 Vertrags
284 2093 74 29 uüber
384 2095 45 26 die
452 2092 141 33 Floridas
627 2091 196 36 abgebrochen
851 2094 108 30 ſeyen,
997 2094 60 25 und
1083 2093 52 25 der

106 2128 308 38 noroamerttaniſche
428 2131 155 31 Geſandte
602 2130 49 33 ſich
673 2130 157 31 anſchicke,
855 2130 145 32 Spanien
1016 2136 32 27 zu
1063 2136 68 19 ver⸗

107 2169 105 36 laſſen.
236 2168 159 34 (Morn.
421 2167 164 35 Chron.)
604 2180 43 19 —
670 2168 62 27 Die
750 2168 120 31 Abreiſe
892 2171 49 23 des
958 2166 68 34 Hrn
1057 2166 78 31 For⸗

108 2206 87 34 ſyth,
228 2205 325 31 nordameritaniſchen
580 2204 176 31 Geſandten
782 2211 33 27 zu
841 2205 149 29 Madrid,
1026 2204 110 29 ſcheint

110 2243 60 33 ſich
189 2249 36 29 zu
252 2242 182 32 beſtaͤtigen,
467 2241 130 33 indeſſen
622 2241 99 31 dürfte
743 2242 122 30 dieſeilbe
891 2244 66 28 noch
983 2243 60 25 kein
1069 2240 67 26 An⸗

109 2279 113 37 zeichen
241 2280 60 28 von
316 2273 98 47 Krieg
435 2280 93 33 ſeyn,
557 2280 102 26 indem
677 2279 61 33 Hr.
761 2279 147 32 Sorityth,
941 2280 66 27 nach
1032 2277 103 33 Verſi⸗

112 2316 126 35 cherung
257 2320 52 25 des
325 2315 427 33 Nationat⸗Jntelligencer,
777 2322 58 20 von
856 2316 92 30 ſeiner
961 2314 176 35 Regierung

112 2355 56 32 ſeit
185 2353 136 36 laͤngerer
335 2354 67 32 Zeit
420 2354 49 26 die
480 2353 169 31 Erlaubuiß
659 2349 123 31 erbeten
800 2354 71 29 hat,
896 2354 30 24 in
944 2356 50 22 den
1010 2350 126 33 Schoos

114 2390 96 34 ſeiner
228 2389 130 35 Famitie
375 2390 268 34 zuruͤckzutehren,
667 2389 97 32 ſobald
784 2391 44 25 die
843 2391 228 32 Angelegenheit
1087 2393 51 23 der

114 2425 146 35 Floridas
290 2427 56 32 auf
371 2427 46 26 die
445 2427 63 26 eine
533 2428 68 25 oder
630 2431 106 22 andere
761 2427 58 27 Art
843 2428 175 30 entſchieden
1043 2426 93 28 wäte.

115 2463 226 37 (Cburier.;
354 2476 41 7 —
413 2463 62 27 Ein
495 2464 169 30 Schreiben
686 2467 55 23 aus
754 2464 153 31 Liverpost
923 2471 66 19 vom
1004 2472 30 20 2.
1047 2464 90 28 Nov.

117 2500 138 36 erzaͤhtt:
295 2500 92 30 „Der
416 2499 186 33 Einnehmer
629 2503 51 23 des
710 2501 126 34 hieſigen
864 2500 120 33 Hafens
1014 2502 51 33 hat
1089 2502 47 26 be⸗

117 2534 96 33 kannt
236 2537 161 37 gemacht,
432 2537 55 36 daß
519 2537 55 26 alle
608 2541 58 23 aus
701 2540 52 23 den
784 2539 185 33 vereinigten
997 2537 157 30 Staaten

120 2576 176 27 kommende
317 2573 120 35 Schiffe
457 2578 87 23 unter
559 2574 213 28 Quarantaine
788 2576 95 33 gelegt
898 2578 117 26 werden
1034 2573 104 37 ſouen.

119 2610 113 32 SBriefe
245 2608 63 41 von
327 2610 83 29 New
435 2603 107 50 Nort,
576 2613 43 26 die
647 2611 84 34 heute
752 2612 188 33 eingetäufen
963 2612 73 34 ſind?
1071 2614 65 26 ma⸗

122 2648 68 36 chen
208 2649 66 27 eine
294 2648 134 33 traurige
449 2647 206 35 Schilderung
674 2655 57 21 von
752 2652 53 25 den
825 2649 241 34 Verheerungen,
1091 2651 48 26 die

122 2689 56 24 das
197 2686 84 33 gelbe
299 2683 107 34 Fieber
429 2679 134 45 dalelöſt
569 2679 187 45 anrichtet.
757 2684 63 29 Die
839 2687 218 33 Hauptſtraten
1076 2689 61 25 die⸗

121 2723 47 33 ſer
193 2722 105 29 Stadt
322 2722 63 32 ſind
406 2721 165 33 verlaſſen,
607 2724 46 26 die
679 2723 187 34 Einwohner
889 2724 91 32 haben
1008 2727 48 30 ſich
1084 2723 58 33 auf

125 2762 56 26 das
201 2759 81 28 Land
303 2757 174 35 gefluͤchtet,
500 2765 51 22 um
570 2762 49 25 der
633 2760 120 31 Seuthe
768 2766 34 29 zu
817 2762 156 33 entgehen.
996 2764 69 26 Die
1071 2763 66 27 Ge—

124 2796 107 36 ſchaͤfte
254 2798 144 32 ſtockten,
428 2797 62 26 und
512 2801 72 23 man
610 2798 80 33 hatie
711 2797 78 28 keine
814 2797 175 35 Hoffnung,
1018 2800 54 32 daß
1093 2800 70 26 die.

122 2833 169 32 Krantheit
321 2832 70 29 vor
409 2832 84 29 Ende
520 2833 148 29 Oktobers
696 2833 167 34 abnehmen
896 2836 107 28 wuürde.
1063 2837 74 28 Das

123 2870 108 35 Schiff
251 2870 105 32 Lann,
383 2870 63 27 das
474 2873 58 25 von
559 2869 197 36 New-Nork
779 2873 131 30 kommt,
946 2876 62 32 tegt
1027 2881 110 28 gegen⸗

123 2909 111 33 waͤrtig
254 2907 57 26 vor
326 2907 130 32 unſerm
476 2906 102 34 Haſen
603 2909 57 28 mit
689 2909 81 33 mehr
796 2910 48 26 ais
873 2909 125 29 huntert
1013 2912 125 33 aσι

123 2945 200 31 manderzen,
362 2946 45 26 die
433 2947 31 25 es
490 2946 31 26 in
548 2946 49 32 ihr
624 2946 170 28 Vaterland
820 2945 209 37 zuruͤckbrinzt.
1085 2950 75 33 Zu—

123 2981 108 34 diefti
254 2980 182 39 Augenblick
460 2981 61 33 ſind
546 2986 58 24 nur
628 2983 73 33 zwei
731 2983 225 33 omerſtaniſche
976 2986 164 35 Fahrzeſge

122 3018 87 33 hier,
232 3018 67 29 was
318 3019 33 28 in
369 3017 243 37 Friedenszeiten
635 3020 168 31 deiſpiellos
829 3021 88 29 iſt.
916 3034 29 6 —
972 3023 37 31 Zu
1030 3024 109 28 Batn—

124 3055 81 28 more
230 3055 100 34 hatte,
348 3056 74 32 auf
437 3056 119 34 Antrag
572 3055 59 33 der
650 3056 223 34 Geiſtiichkeit,
903 3058 51 28 der
969 3059 119 30 Manor
1108 3062 32 26 in

127 3091 82 28 einer
235 3089 234 41 Protiamation
496 3095 47 25 die
567 3091 178 35 Abhattung
775 3093 84 27 etnes
878 3094 84 36 Faſt-
981 3090 64 35 und'
1059 3085 80 49 Ber—

129 3128 69 32 tags
218 3127 58 34 aut
291 3128 54 28 den
364 3129 55 35 23.
436 3129 96 32 Sept.
554 3130 235 33 ànembfohſen,
812 3132 97 27 damit
932 3136 46 24 dee
994 3133 148 35 Allmach⸗

132 3166 60 32 tige
213 3165 45 26 die
285 3163 32 29 in,
342 3168 93 32 diefer
458 3165 102 30 Stadt
590 3167 188 35 herrſchende
806 3165 165 36 Krantheit
995 3172 165 34 aufhoren.

132 3200 98 39 Iſſen
243 3201 117 39 mochte.
384 3207 43 15 —
450 3202 56 29 Am
500 3193 172 52 Dieüſtag
680 3193 127 52 brachte
825 3206 44 25 die
885 3193 188 52 Landkurfche
1082 3206 60 30 dus

139 3233 130 37 Chatam
281 3243 24 30 à
321 3239 89 31 aroße
427 3240 114 28 Ballen
560 3242 75 30 mit,
660 3242 46 26 die
723 3241 76 31 dhnr
815 3240 118 34 Adreffe
951 3245 104 33 waren,
1080 3248 79 25 und

134 3264 48 56 bis
214 3274 71 41 zur.
294 3267 205 43 Abforderang
531 3277 96 36 itegen
653 3276 113 30 reben
790 3277 114 31 ſontien.
958 3280 107 36 Wegen
1091 3285 51 25 des

134 3309 173 40 Geruchs,
330 3312 54 24 den,
402 3312 35 39 ſie
453 3314 57 27 von
529 3314 51 37 ſich
599 3316 114 34 gäben,
747 3314 127 32 ſchöpite
896 3317 68 27 man
988 3319 156 31 Ferdact,

138 3341 117 50 öffnete
268 3346 58 37 die.
334 3346 126 39 Ballen,
483 3351 61 27 und
551 3351 191 31 fandielnen
765 3352 192 34 abgezehrten
978 3356 186 32 wetdiichen

139 3385 63 38 und,
212 3385 98 23 einen
332 3382 90 30 ſetten
441 3385 186 35 maͤnnlichen
645 3388 142 34 Koͤrper,
814 3391 45 25 die
877 3390 95 33 jedoch
990 3391 80 33 eines
1077 3386 85 42 nas:

139 3419 147 34 tuͤrlichen
306 3416 99 32 Todes
426 3422 148 34 geſtorben
597 3430 33 29 zu
656 3426 68 36 feyn
751 3425 145 35 ſcheinen.
942 3428 204 35 emaibu

1107 253 83 94 z00

1186 391 63 40 ſind
1273 389 45 45 e
1332 390 51 39 luͤr
1402 390 85 31 einen
1504 390 174 37 Wundarzt
1698 398 34 31 zu
1750 392 220 37 angtomiſchen
1987 392 216 35 Unterſuchun⸗

1185 432 56 32 gen
1265 429 173 38 beſtimmt;
1463 431 65 31 doch
1548 429 52 34 hat
1620 429 53 37 ſich
1695 431 67 30 noch
1794 431 149 28 Riemand
1951 435 81 30 dazu
2056 437 147 29 gemeidet.

1213 463 103 41 Es
1334 459 77 49 find
1436 466 205 36 gegenwartig
1667 468 31 26 in
1730 467 143 36 England
1905 475 61 20 100
2002 471 72 26 —
2193 483 11 18 —

1187 505 41 37 im
1253 501 77 30 Bau;
1341 502 197 38 worumter
1551 504 63 27 drei
1630 504 68 27 von
1722 512 79 24 120,
1827 507 84 26 eines
1937 512 58 20 von
2018 505 81 33 100,
2131 512 76 32 zwei

1181 544 60 31 von,
1266 545 88 35 to4-
1379 540 63 33 acht
1466 548 58 21 von
1554 542 62 33 g84,
1649 541 84 27 eines,
1763 550 58 19 von
1851 547 65 28 8o,
1950 543 76 32 ſechs
2056 550 58 20 ven
2144 552 58 29 74,

1183 576 75 35 ſuͤnſ
1285 578 62 28 von
1376 574 44 30 60
1449 577 177 37 Kanonen;
1658 578 47 28 die
1737 578 126 36 uͤbrigen
1888 579 63 34 ſind
1974 585 59 22 von
2057 581 145 31 minder?t

1183 614 118 34 Groͤße.
1337 614 189 37 (Tim
1435 610 32 46 e
1466 614 55 37 s.)

1464 652 456 34 Nordameritta.

1265 687 73 32 Die
1367 687 144 37 neueſten
1525 687 328 41 nördameritanitchen
1883 688 147 33 Blatter,
2061 696 69 23 vom
2155 700 51 26 20.

1165 720 102 38 Ort.,
1279 727 191 33 verſtchern,
1496 728 47 28 die
1564 729 66 26 dem
1649 727 83 34 Hrn.
1755 727 127 35 Fortuth
1909 727 210 32 uͤberſendeten
2142 729 62 28 De⸗

1185 763 117 37 peſchen
1326 761 85 38 ſeyen
1435 764 62 34 ſehr
1526 766 244 30 peremtoriſchen
1798 764 138 33 Jntalts
1966 766 142 32 geweſen.
2155 767 52 27 Ei—

1184 808 36 22 ne
1243 803 130 32 Zeitung
1404 809 58 20 von
1499 801 206 35 Wahlhington
1741 802 154 31 verſichert
1922 803 219 31 ausdrücklich,
2176 805 32 32 ſie

1185 837 105 38 baͤtfen
1318 839 136 37 forgende
1482 838 149 37 Weiſung
1653 839 175 31 enthauen:
1853 837 127 33 „Wenn
2005 841 44 25 de?
2081 840 128 31 Vertraa

1186 878 71 26 über
1279 877 46 27 die
1355 874 149 34 Florisa's
1531 875 79 34 nicht
1639 876 141 33 ratifizirt
1810 876 56 34 iſt,
1900 876 28 34 ſo
1960 875 163 36 verlangen
2149 878 60 29 Sie

1184 914 87 35 Jhre
1297 913 96 35 Paſſe
1417 916 61 25 und
1502 915 106 30 kehren
1634 914 140 34 zuruͤck.“

1286 983 4 2 ——
1438 950 508 38 —DODanemartk.
2009 981 4 4 —

1241 983 196 41 Folgendes
1475 985 140 36 Beiſpiel
1647 988 81 28 einer
1763 988 132 32 ſeltenen
1931 985 183 33 Redüchkeit
2145 995 61 22 ver⸗

1186 1023 81 28 dient
1292 1023 167 35 oͤffentliche
1489 1025 309 38 Bekanntmachung.
1846 1025 70 27 Der
1949 1024 180 35 Kaufmann
2148 1026 59 33 Ja⸗

1180 1060 55 28 kob
1272 1059 192 36 Tirueiund
1499 1064 58 26 aus
1602 1066 65 25 dem
1706 1062 107 33 Stifte
1849 1061 123 32 Ripen,
2009 1063 51 32 ſah
2089 1062 49 33 ſich
2171 1065 38 25 im

1185 1099 103 34 Jahre
1313 1105 86 30 1792
1425 1099 177 36 genothigt,
1624 1101 98 33 ſeinen
1751 1100 183 29 Kreditoren
1962 1099 77 33 ſeine
2070 1101 142 34 gaͤnzliche

1185 1137 88 33 Habe
1290 1139 43 31 zu
1364 1136 182 36 Aberlaſſenn
1581 1141 62 24 und
1660 1139 130 33 gieng,
1825 1138 69 26 weil
1920 1144 30 21 er
1974 1132 64 33 kein
2051 1169 199 5 anſtändie

1184 1177 52 31 ges
1266 1172 210 29 Aaskommen
1502 1174 97 30 haben
1639 1176 126 30 konnte,
1805 1180 33 29 zu
1865 1174 140 35 Schiffe,
2044 1174 168 29 Vatertand

1186 1213 61 26 und
1274 1210 119 29 Gattin
1419 1211 175 32 verlaſſend.
1642 1212 84 32 Doch
1747 1212 92 32 nahm
1862 1220 31 19 er
1917 1213 49 32 ein
1992 1214 132 32 genaues
2137 1212 83 26 Ver⸗

1186 1247 128 37 zetchniß
1360 1247 72 28 aller
1470 1248 162 32 Schutden
1659 1251 57 26 mit
1752 1250 63 35 ſich.
1871 1248 107 33 Durch
2014 1249 200 31 anhattenden

1186 1285 86 33 Fleiß
1295 1289 83 30 ward
1391 1293 29 19 er
1440 1286 67 26 batd
1520 1281 220 44 Eigenthuͤmer
1754 1288 82 26 eines
1847 1285 151 36 Schiffes,
2023 1287 91 32 ſuchte
2127 1294 86 20 unert

1188 1327 108 23 wartet
1321 1323 41 26 im
1383 1315 102 47 Jahte
1501 1324 93 32 1816
1621 1324 79 32 ſeine
1726 1323 116 29 Gattin
1864 1323 72 33 auf,
1973 1327 48 25 der
2042 1325 97 27 erein
2169 1324 44 27 be⸗

1189 1361 164 26 deutendes
1375 1360 124 30 Kapital
1525 1361 154 35 uͤbergab,
1705 1361 61 29 urid
1788 1361 132 35 bezahlte
1942 1362 97 33 genau
2062 1360 78 28 allen
2164 1360 53 32 ſei⸗

1187 1405 57 20 nen
1277 1396 203 32 Kteditoren,
1517 1401 70 25 oder
1621 1401 54 26 den
1704 1398 101 29 Erben
1837 1398 150 30 derſelben
2023 1400 45 27 die
2095 1399 120 31 ſchuldt,

1187 1441 55 29 gen
1274 1435 186 30 Summen,
1494 1439 61 23 und
1592 1442 84 29 zwar
1705 1435 56 29 wie
1790 1437 45 28 die
1862 1435 270 36 Kollegialzeitung
2165 1441 55 20 an⸗

1188 1473 105 31 fuͤhrt,
1335 1474 78 29 nicht
1449 1475 31 24 in
1510 1472 260 37 Reichebankgeld
1808 1475 69 27 nach
1907 1474 102 32 irgend
2039 1471 181 37 eineczum⸗

1188 1510 194 33 ſchreibung,
1408 1510 125 31 ſondern
1556 1511 33 25 in
1615 1511 161 30 Schitsw.
1802 1510 99 35 Heiſt.
1927 1509 158 32 Courant,
2109 1509 110 32 Thaler

1188 1547 50 32 fuͤr
1267 1546 125 31 Thater.
1447 1547 94 31 Nicht
1574 1547 100 32 ſobald
1707 1549 102 33 hatten
1831 1550 77 26 Se.
1926 1548 87 31 Maj.
2025 1549 77 27 dies
2131 1546 104 37 recht«

1189 1585 139 32 ſchaffene
1355 1584 180 33 Benehmen
1565 1587 52 25 des
1646 1586 144 28 Mannes
1820 1587 31 24 in
1875 1584 178 35 Erfahrung
2079 1584 142 33 gebracht—

1188 1624 48 24 als
1263 1620 166 32 Dieſeiven
1459 1623 106 30 dieſem
1593 1622 109 28 Mann
1729 1625 53 25 das
1809 1623 217 33 Ehrenzeichen
2052 1625 50 25 der
2131 1621 105 40 Dans.

1190 1658 244 35 nebrogmaͤnner
1459 1658 212 37 allergnaͤdiaſt
1700 1660 137 35 zuſtellen
1869 1660 113 32 ließen.

1266 1699 19 18 D
1557 1696 91 31 Sch
1674 1702 203 23 weden.

1264 1732 84 28 Aus
1367 1732 79 27 allen
1471 1733 207 34 ſchwediſchen
1704 1734 203 33 Provinzen,
1937 1732 119 30 ſchreibt
2076 1740 70 20 man
2169 1734 55 25 aus

1192 1768 270 32 Stockholm,
1498 1770 80 26 wird
1593 1771 72 26 uͤber
1696 1772 45 25 die
1771 1770 89 33 grote
1881 1770 110 27 SDuͤrre
2015 1772 94 30 dieſes
2125 1770 99 33 Herb⸗

1194 1808 56 30 ſtes
1272 1807 62 24 und
1356 1807 66 33 den
1437 1809 125 23 daraus
1594 1807 215 31 entſtandenen
1844 1807 226 33 empfindlichen
2093 1807 133 31 Waſſer⸗

1193 1843 121 31 mangel
1337 1842 138 33 gekiagt;
1500 1842 138 33 mehrere
1659 1844 263 32 Schmiedewerke
1944 1846 94 31 liegen
2067 1845 83 29 ſchon
2171 1844 55 29 ſeit

1191 1883 69 17 dem
1280 1877 115 28 Aunuſi
1416 1880 82 26 ſtiue,
1523 1882 62 19 anid
1601 1883 55 19 das
1677 1880 134 30 Mahien
1834 1882 51 23 des
1906 1880 163 27 Getreides
2093 1881 34 31 iſt
2139 1881 113 26 eben-

1195 1910 70 32 fals
1288 1912 31 24 in
1343 1911 141 36 manchen
1507 1910 166 34 Gegenden
1708 1914 131 34 gaͤnztich
1873 1916 226 31 unterbrochen.
2148 1915 80 35 Hier

1195 1946 105 28 wuͤrde
1323 1948 31 24 is
1388 1950 62 23 uns
1476 1947 80 32 nicht
1586 1948 92 32 beſſer
1709 1950 97 33 gehh,
1848 1951 104 28 haͤtten
1982 1953 58 26 wir
2071 1953 78 29 nicht
2183 1952 45 27 die

1195 1983 245 38 Damofmuͤhle!
1467 1985 105 32 weiche
1593 1988 50 25 der
1663 1986 166 34 Präſident
1850 1987 111 29 Baron
1985 1988 163 36 Edelkranz
2175 1997 52 18 vor

1196 2022 119 32 einigen
1354 2020 125 33 Jahren
1509 2021 53 33 hat
1594 2023 97 27 bauen
1721 2025 111 30 laſſen,
1865 2029 62 24 und
1957 2027 57 30 auf
2048 2030 49 24 der
2121 2027 105 32 taͤglich

1197 2059 133 33 hundert
1352 2058 132 39 Tonnen
1509 2058 119 29 Rocken
1654 2063 157 32 gemahlen
1837 2067 120 24 werden
1979 2065 127 27 koͤnnen.

1282 2095 98 31 Unſer
1412 2094 174 37 Kronrrinz
1600 2098 73 33 gibt
1702 2105 32 29 zu
1762 2099 110 36 Uſpala
1907 2100 106 33 taäͤglich
2044 2103 64 24 eine
2141 2100 86 31 Talel

1197 2139 58 20 von
1256 2128 151 51 einigen
1426 2140 52 35 20
1507 2132 167 33 Couverts,
1718 2140 93 34 wozu
1831 2138 216 33 Prefcfforen,
2071 2137 155 36 Offiziers,

1196 2170 184 28 Studenten
1401 2171 86 33 Fünd,
1524 2174 112 25 andere
1676 2173 159 33 Perfonen
1880 2177 172 32 eingeladen
2083 2175 141 28 werden.

1197 2208 90 30 Sehr
1313 2207 45 30 oft
1363 2202 107 50 ſind.
1484 2207 168 35 Konzerte,
1688 2213 35 25 da
1758 2213 48 27 der
1839 2212 175 36 Kronprinz
2042 2215 48 26 ein
2120 2212 117 36 großer—

1196 2244 120 34 Freund
1342 2250 60 20 von
1434 2244 103 35 Muſit
1563 2244 46 34 iſt.
1710 2248 41 3 —

1295 2305 54 18 —
1557 2283 74 34 Per
1661 2284 194 32 enben.

1226 2317 267 36 Fortſetung
1518 2321 52 25 des
1597 2322 191 37 preuteſchen
1814 2323 154 31 Umſauf⸗
1971 2318 214 45 Schreibens.

1283 2354 86 29 Man
1398 2355 72 33 ſieht
1502 2359 57 25 aus
1581 2358 67 28 dem
1679 2355 125 40 Ecfoige
1825 2362 92 30 dieſer
1944 2362 293 32 Unterſachungen,

1197 2391 56 33 daß
1276 2396 33 24 es
1331 2392 50 34 ſich
1409 2393 77 32 nicht
1508 2400 53 21 um
1589 2396 64 27 eine
1675 2398 172 33 eigentliche
1872 2398 260 36 Verſchwoͤrung,
2159 2400 77 31 ſon⸗

1196 2433 72 24 dern
1295 2433 54 23 um
1383 2430 48 27 ein
1453 2431 192 36 aumaͤhtiges
1670 2433 177 37 Hinncigen
1876 2442 34 30 zu
1937 2436 300 35 einer“gewaltihaͤ-,

1196 2468 82 32 tigen
1312 2467 224 35 Umwaͤtzung,
1561 2470 80 31 nicht
1669 2472 91 27 allein
1781 2475 50 24 des
1855 2473 189 32 preußiſchen“
2067 2472 169 33 Staatés,

1197 2505 127 33 ſondeen
1347 2512 75 28 ganz
1436 2505 246 35 Deutſchlands,
1691 2501 100 46 mehr
1798 2510 63 31 fär
1891 2512 46 27 die
1958 2512 170 27 temmende
2149 2512 79 31 Zeit,

1197 2542 47 27 ats
1265 2541 51 31 fuͤr
1337 2543 57 26 den
1418 2544 246 35 gegenwaͤrtigen
1692 2545 204 36 Augenblick,
1922 2548 132 33 handelt.
2101 2549 135 28 Schald

1187 2580 56 33 die,
1266 2580 153 31 deutſchen
1439 2580 216 36 Regierungen
1676 2582 54 29 den
1759 2584 145 31 Schaden
1934 2589 125 26 ertannt
2084 2590 60 23 und
2170 2592 55 21 un—

1198 2617 126 32 terſucht
1344 2616 123 40 hatten,
1490 2624 64 21 war
1572 2622 34 24 es
1626 2619 65 35 ihre
1712 2621 139 34 Pflichi,
1866 2623 72 32 ſich
1948 2630 56 21 mit
2026 2622 53 29 den
2093 2625 132 26 Brittein

1198 2659 50 31 zur
1277 2654 186 34 Verhuüfung
1482 2656 83 27 eines
1590 2658 127 27 weitern
1740 2656 251 38 Umſichgreifene
2016 2667 32 28 zu
2077 2657 160 38 beſchafti⸗:

1197 2693 55 32 gen
1272 2692 75 26 und
1378 2693 69 38 eine
1478 2692 173 34 gruͤndtiche
1690 2696 137 33 Heitung
1865 2704 34 28 zu
1930 2699 168 31 verſuchen.
2154 2698 71 26 Das

1198 2728 90 27 Uebel
1320 2727 53 40 hat
1403 2728 48 32 ſich
1487 2734 56 22 aus
1564 2731 209 35 allgemeinen
1811 2734 146 32 irfachen
1991 2742 133 28 erzenat,
2158 2740 68 21 man

1200 2768 106 39 könnte
1327 2769 32 23 es
1381 2766 60 29 alſo
1481 2769 68 31 auch
1582 2775 58 21 nur
1683 2772 73 29 durch
1785 2769 224 37 gemeinſame,
2032 2776 90 24 unier
2151 2772 74 26 auen

1199 2803 153 31 deutſchen
1374 2802 139 29 Staaten
1538 2806 184 35 einſtimmig
1742 2809 202 28 vetabredeie
1958 2798 203 49 Maatzregeln
2180 2810 45 26 be⸗

1199 2839 147 40 ſchwoͤren
1385 2841 141 39 wollen.
1566 2842 108 37 Gegen
1710 2845 152 35 einzeine,
1899 2846 66 33 die
2000 2850 76 31 nicht
2107 2851 46 22 ais
2175 2847 54 25 die

1200 2867 243 62 Schuldlaſten,
1451 2878 138 41 ſondern
1621 2882 47 26 als
1687 2882 111 33 ſoſche,
1823 2881 48 39 die
1896 2892 48 19 am
1969 2885 118 33 meiſten
2113 2883 120 33 Abſich⸗

1199 2919 48 23 den
1266 2911 76 49 niib.
1353 2915 267 38 Riiciebe
1533 2911 99 49 icſet
1645 2917 363 39 ꝓariieieingegangen
2033 2924 120 27 waren,
2177 2921 47 30 lich

1199 2952 31 27 in
1262 2951 56 41 den
1329 2947 171 50 Handen.
1514 2955 50 27 der
1602 2954 221 37 Gerechtigteit
1852 2959 168 33 befanden,
2061 2960 55 25 mit
2157 2954 79 30 aier

1198 2989 143 41 Strenge
1385 2991 51 25 des.
1466 2986 223 42 Richteramtes
1728 2996 217 32 vorſchreiten,
1982 2996 102 28 warde
2106 3000 57 23 nur
2181 2995 46 27 ein

1200 3026 172 42 einſetiges
1383 3028 72 24 und
1475 3026 70 29 eben
1566 3029 107 27 darum
1700 3033 273 34 unzweckimaftges
1989 3032 170 31 Verfahten
2179 3030 47 35 ge⸗

1200 3063 96 31 weſen
1314 3063 108 40 ſeyn;
1448 3063 29 28 in
1498 3067 53 31 den
1579 3065 145 34 Urſachen
1758 3070 103 31 mußte
1881 3070 72 27 nran
1978 3071 44 26 die
2043 3068 186 33 Wirkungen

1200 3099 184 34 virutchten.
1432 3100 156 30 Undidies
1602 3103 65 28 war
1691 3104 49 30 der
1762 3106 115 35 einzige
1890 3107 99 33 Zweck
2007 3111 47 23 der
2067 3107 43 34 zu
2123 3105 108 29 Karls⸗

1201 3140 54 25 bad
1268 3133 199 50 gepflogenen
1472 3133 307 50 unterhandiungen.
1799 3144 70 28 Sie
1891 3145 223 33 beabſichtigten
2135 3144 95 26 nichts

1200 3174 47 27 als
1266 3178 92 37 eine
1379 3176 197 32 gemeinſame
1612 3179 186 36 Berathung
1824 3180 75 29 aller
1927 3180 209 35 Bethriiigten
2163 3180 68 27 uber

1202 3212 56 39 die
1276 3212 256 39 angemeſſenſten
1558 3215 132 32 Mittet,
1720 3217 61 28 die
1812 3216 171 36 beſtehende
2017 3217 151 30 Ordnuna
2200 3217 32 25 in

1202 3248 206 40 Deutlchland
1434 3256 33 30 zu
1502 3251 124 33 ſichern,
1646 3253 122 34 theils,
1793 3255 103 27 indem
1913 3256 72 24 man
2010 3256 48 25 der
2082 3254 149 31 deutfchen

1203 3285 115 41 Bunds
1324 3287 239 36 sverſammiung
1596 3290 108 33 mehr
1714 3281 129 49 Kraft,
1872 3289 117 30 Wärde
2014 3288 70 29 und
2125 3292 105 25 Macut

1203 3321 140 32 verlieh,
1380 3324 104 33 ltheils
1512 3328 97 31 idürch
1640 3328 190 33 Aufſtennng
1861 3328 228 32 gemeinſamer
2101 3317 131 50 Grund⸗

1207 3354 66 52 ſaͤtze
1298 3359 68 42 uͤber
1397 3361 51 26 die
1467 3363 100 28 belden
1602 3364 112 34 großen
1722 3354 110 52 Hebei
1846 3362 59 29 der
1935 3364 183 37 oͤffentlichen
2144 3365 85 27 Mei⸗

1205 3398 421 34 unnòe
1323 3394 74 49 die
1401 3398 139 34 Priſſe
1548 3394 86 49 und,
1651 3394 65 49 den,
1712 3402 207 36 oͤffentlüichen
1943 3402 182 31 iinterricht.
2159 3401 73 26 Die

1208 3433 146 47 Miniſter
1387 3436 50 27 der
1477 3437 91 41 erſten
1601 3437 87 37 Hoͤle
1713 3438 226 34 Deutſchlands
1967 3446 101 21 waren
2102 3440 31 25 tin
2166 3437 63 27 Ge—
