2339 3659
1149 241 78 42 362

245 336 63 43 Ser
325 318 140 60 geichnam
481 319 53 50 des
561 339 85 32 1806
663 335 39 32 an
722 338 99 35 ſetnen
841 314 160 66 Wunden
990 315 192 66 verſtorbi⸗

245 386 129 29 Ziczezes
398 380 73 28 Karl
496 375 149 41 Wilheim
676 377 194 32 Serdinand,
905 376 123 36 weicher
1058 378 32 26 in
1120 379 49 25 der

321 412 144 42 Gttenſen
484 402 147 50 biigefetzi
650 420 82 26 war,
754 413 33 33 iſt
805 419 63 28 nun
887 409 98 39 burch
993 411 65 31 eine
1068 412 100 35 Kom⸗

159 462 119 32 miſffon
296 454 66 32 nach
387 451 236 34 Braunſchweig
651 451 138 36 abgeholt
816 444 166 36 worden
948 440 26 51 /
995 457 48 24 wo
1068 458 30 21 er
1121 457 56 39 am

160 505 48 20 18.
228 490 100 33 Növ.,
353 489 109 31 ſeinem
481 487 191 35 Todestage,
697 486 156 35 eintceffen
878 486 96 32 ſollte.

235 526 208 35 Oeffentlichen
465 524 201 31 Nachrichten
684 525 115 34 zuſolge
821 523 52 33 hat
897 524 46 27 die
964 498 205 68 zeoßherzogi.

151 567 124 32 badiſche
294 562 175 34 Regletung
491 565 87 24 einen
599 562 223 32 betraͤchtlichen
845 559 64 33 Zoli
921 561 65 32 auf
1004 559 56 30 die
1071 564 98 28 einde⸗

148 606 112 31 penden
278 599 208 35 ſranzoͤſiſchen
503 598 110 29 Beine
632 600 115 34 gelegt,
772 600 61 24 und
854 598 51 29 foll
926 598 49 33 ſich
1000 599 170 32 uͤberhaupt

147 642 56 27 mit
224 640 94 35 einem,
350 643 97 21 neuen
474 636 170 34 Zollſyſtem
672 634 218 34 beſchaͤſtigen,
929 637 138 33 wodurch
1097 642 71 35 man

149 669 110 36 andere
271 672 125 33 Maͤchte
406 679 41 29 zu
466 672 205 35 Avaͤnderung
690 672 81 32 ihres
788 671 255 35 Vervotſyſtems
1051 680 35 28 zu
1102 669 65 30 ver⸗

145 712 128 34 anlaſſen
298 710 102 35 ſucht,
438 710 101 28 indem
572 717 72 20 man
669 716 60 21 nur
756 711 65 25 dem
847 708 125 33 Handel
998 711 170 40 derjenigen

143 751 160 35 Etaaten,
338 747 106 31 weiche
468 748 49 34 ſich
543 746 196 35 gleichmaͤßig
763 745 188 32 benehmen,
984 747 67 28 das
1064 747 105 30 Groͤß⸗

143 781 191 40 herzogthum
367 784 111 34 oͤffnet,
522 783 147 35 hingegen
698 785 45 26 die
770 784 158 33 Produtte
960 785 51 49 der
1021 784 145 42 Abrigen

140 825 143 27 verbietet
305 824 68 25 oder
395 824 56 25 mit
473 820 96 33 hehen
590 820 145 34 Abgaten
756 821 107 32 belegt.

225 855 58 32 Am
307 866 31 26 7.
360 858 90 29 Nov.
476 859 34 32 iſt
529 864 35 29 zu
575 857 186 34 Darmſtadt
780 859 49 26 ein
849 859 94 26 neues
949 842 220 61 Schauſpiel⸗

142 887 77 46 haus
238 896 129 33 eroͤffnet
387 898 134 25 worden.

224 933 124 35 Zufoige
384 934 52 25 des
469 929 230 35 proviſoriſchen
702 917 205 52 Bundestags
918 921 189 44 beſchtuſſes
1132 931 32 27 in

139 965 166 39 Anſehung
330 972 62 25 der
411 968 225 31 Univerſitaͤten
662 969 62 36 ſind
756 967 41 28 im
832 967 188 35 Koͤnigreich.
1034 968 129 32 Baiern

137 1015 35 30 zu
206 1006 293 45 außerordentlichen
528 1003 421 38 Miniſteriatkommiſſarien
981 1009 50 34 der
1052 1003 111 52 Regle.

1231 335 171 34 runasrath
1423 335 86 36 Kart
1525 343 30 22 v.
1581 334 150 32 Guͤnther
1752 336 46 30 bei
1813 338 50 28 der
1887 326 186 44 Univerſitaͤt
2089 338 162 40 Landshut,

1230 377 76 29 und
1318 378 62 28 der.
1388 369 275 40 Regierungsrath
1683 375 128 32 Freudel
1839 375 45 27 bei
1913 377 50 25 der
1990 376 184 31 Univerſttat
2196 382 56 29 Ec.

1232 402 137 45 lanaen/
1394 413 57 33 mit
1476 414 65 25 dem
1574 411 93 33 Rang
1696 415 62 31 und
1792 412 167 30 Charakter
1985 419 58 21 von
2076 414 177 34 Direttoren

1231 444 188 40 aufaeſtellt,
1444 452 81 24 dann
1556 448 35 31 iſt
1625 450 50 25 der
1699 444 83 37 ſchon
1813 448 194 32 beſtebenden
2037 450 215 33 Untverſiatz.

1231 487 115 34 kuratel
1366 492 35 28 zu“
1433 480 180 43 Wuͤrzburag
1642 487 50 26 der
1728 486 330 35 Regieruͤngsdirektor
2091 487 113 31 Arnoid
2224 500 28 23 v.

1233 522 94 34 Mieg
1352 521 178 36 beigegeben
1555 524 136 25 worden.

1319 559 69 28 Der
1406 560 106 34 groͤßte
1528 559 90 31 Theil
1645 562 50 24 der
1712 557 178 34 Geſandten
1917 556 67 36 zum
1989 540 257 64 Wienerkongteß

1232 596 42 33 iſt
1283 603 133 21 ernannt
1434 600 63 24 und
1516 596 118 33 einige,
1659 596 59 27 wie
1735 602 26 30 z.
1781 596 46 28 B.
1845 599 48 24 der
1911 597 155 30 baieriſche
2088 602 61 23 und
2174 601 78 34 wuür⸗

1230 633 210 35 tembergiſche
1461 633 178 34 Geſandte,
1662 632 97 34 haben
1779 630 112 32 bereits
1908 634 47 27 die
1975 632 90 35 Relſe
2088 635 91 38 dahin
2200 645 71 22 ans.

1231 677 146 29 getreten.

1294 707 92 34 Auf
1400 707 133 35 hoͤchſten
1556 705 116 35 Befehl
1683 702 44 36 iſt
1751 707 31 26 in
1807 707 88 32 jenen
1921 706 207 32 badiſchen
2153 708 98 31 Städ,

1229 734 71 43 ten/
1326 746 32 26 in
1378 746 129 31 weichen
1522 743 133 34 Lycaͤren,
1680 743 193 34 Gymnaſien
1892 748 62 23 und
1969 744 231 34 Paͤdagogien
2184 748 68 33 ſind,

1229 785 56 24 den
1299 782 161 30 Schuͤlern
1482 785 55 25 das
1553 780 158 32 Beſuchen
1729 789 59 19 von
1803 780 80 28 Bier
1930 780 115 28 Wein-
2066 785 61 23 und
2141 781 110 36 Kaffee—

1228 820 130 33 häuſern
1388 820 97 32 ſtreng
1510 818 179 34 unterſagt,
1726 821 61 25 und
1816 818 128 35 zugleich
1972 820 123 32 geboten
2125 824 126 30 worden,

1227 857 57 32 daß
1305 857 36 32 ſie
1366 857 51 31 ſich
1441 856 79 32 nicht
1542 856 86 29 durch
1652 856 65 28 eine
1741 856 102 33 eigene
1856 843 229 52 Kleidertracht
2111 859 140 33 auszeich⸗

1226 901 96 23 nen,
1339 896 62 25 und
1421 892 51 33 ſich
1497 894 78 29 nicht
1599 899 33 28 zu
1655 892 163 36 feühzeſtig
1837 895 55 23 das
1918 889 228 33 Tabakrauchen
2166 902 84 26 ange⸗

1227 931 151 36 woͤhnen,
1405 933 131 31 dagegen
1559 929 50 32 ſich
1629 932 87 27 durch
1736 933 47 23 ein
1802 929 213 34 anſtaͤndiges,
2041 930 137 34 boͤfliches
2196 937 55 25 und

1226 964 203 54 beſcheidenes
1447 967 160 35 Betragen
1628 973 35 29 zu
1685 967 170 35 empfehlen
1880 966 104 33 ſuchen
2006 967 99 32 ſollen.

95 1062 92 34 T
302 1062 52 34 —————
373 1066 97 23 —
495 1062 97 34 —
608 1062 92 34 —
716 1062 63 34 —

487 1090 231 58 Kundumach
732 1090 121 58 ung.
1024 1105 23 44 JU

223 1148 65 28 Die
318 1147 58 29 mit
407 1147 97 28 einem
538 1147 406 34 Fruhmeß-Benefizium
973 1115 197 65 verbundene

138 1181 194 38 Rooperatur
360 1191 34 31 zu
418 1185 98 31 Soͤll,
549 1186 25 25 7.
599 1187 25 25 k.
649 1185 225 33 Landgerichtes
899 1187 64 25 und
974 1181 193 50 Detanates

137 1222 159 36 Kuſſtein,
304 1223 90 26 wird
420 1223 32 26 in
478 1221 190 36 Erlediaung
686 1224 150 26 kommen.

224 1261 63 27 Die
309 1260 218 30 Kompetenten
552 1259 96 32 haben
680 1260 64 38 ihre
745 1251 235 46 Bitiſchriften
1006 1256 160 54 innerhalb

136 1292 24 41 4
178 1297 130 33 Wochen
325 1297 77 26 allda
424 1297 231 34 einzureichen.

281 1334 172 38 Salzburg
468 1334 41 27 im
527 1333 249 36 erzbiſchoͤflichen
794 1327 245 57 Konſiſtorium.

1142 1360 24 14 —

483 1374 53 24 den
552 1377 59 36 12.
618 1371 87 34 Nov
718 1373 161 33 1819.
1111 1378 64 5 —

422 1425 88 29 —
557 1406 130 48 ——
704 1430 173 29 —
1149 1447 15 9 —

225 1438 69 55 Der
330 1464 226 34 Pfarrmeßner
580 1462 208 34 Criſoſtomus
816 1433 195 68 KLchmoyr
1042 1451 128 44 welcher

137 1503 58 28 mit
212 1502 231 35 Hinterlaſſung
469 1502 82 27 eines
585 1501 80 30 nicht
696 1503 266 33 unbedeutenden.
973 1501 196 32 Vermdgens

136 1541 152 34 geſtorben
316 1538 53 32 iſt,
414 1538 52 33 hat
491 1540 31 26 in
561 1537 111 32 ſeinem
693 1540 78 29 nach
795 1542 69 25 dem
898 1538 272 34 hieſigen,Stadt⸗

138 1578 93 30 rechte
266 1577 173 29 errichteten
474 1575 188 33 Teſtamente
689 1575 77 32 ſeine
791 1576 156 31 Gattin,
960 1577 46 25 die
1037 1577 133 25 nunma⸗

139 1615 58 33 lige
225 1614 128 28 Wittwe
387 1613 163 35 Franzista
576 1612 202 35 Kirchmayr,
801 1616 48 25 ais
880 1612 100 29 Erbin
1007 1606 163 65 eingeſetzt⸗

140 1654 63 25 und
223 1650 134 35 zugteich
388 1650 236 32 Vermaͤchtniſſe
651 1654 205 30 angeordnet.

227 1688 48 29 Es
302 1690 118 24 werden
455 1695 64 18 nun
555 1687 184 30 ſaͤmmtiiche
774 1664 194 58 Bewandte
1003 1677 76 36 des·
1090 1663 79 50 Bec⸗

142 1725 99 34 lebten
264 1725 122 28 hiermit
413 1725 221 32 aufgeſordert,
660 1725 124 26 binnen
800 1731 21 20 2
841 1725 159 27 Monaten
1023 1724 50 35 ſich
1100 1723 73 27 uͤber

144 1765 46 24 die
219 1756 173 37 Guͤitigteit
421 1764 52 23 des
498 1761 212 30 voruiegenden
736 1748 192 50 Teſtaments
954 1765 35 30 zu
1010 1757 163 39 erklaren,

146 1801 64 24 und
241 1801 41 23 im
310 1798 82 30 Falle
417 1800 48 23 der
492 1797 78 30 nicht
597 1796 226 33 Anertennung
850 1798 64 29 ihre
935 1790 234 39 Erbſchaftsan?

146 1835 118 32 ſpruͤche
296 1827 131 36 iierorts
456 1833 121 34 gehoͤrig
609 1835 118 33 geitend
752 1838 47 31 zu
818 1834 139 41 machen,
989 1836 100 25 indem,
1115 1835 56 25 wi⸗

146 1873 105 30 drigen
258 1870 69 29 faus
365 1873 53 22 das
461 1868 171 36 Seſtamen:
667 1871 48 25 als
754 1865 198 47 techisgnitig
994 1866 172 60 veirechitt,

143 1911 64 23 und
234 1907 150 33 volzogen
412 1910 117 22 werden
563 1900 117 36 můßte.

320 1943 74 26 Den
420 1949 51 28 9.
478 1936 177 35 November
678 1935 118 42 1819.

184 1972 127 42 Koͤnigf.
341 1979 112 29 Baiec.
486 1978 107 28 Kreis
620 1982 63 24 und
683 1977 239 55 Etzgerlcht
940 1945 186 72 Manchem.

474 2015 239 34 Gerngroß,
682 2014 231 37 Direttor.

860 2049 107 16 u
970 2032 154 67 Daslec.

443 2084 138 57 F
671 2103 253 44 AnzetgełU
1040 2121 90 22 —

243 2123 207 88 Lulgteek
513 2154 68 20 vom
608 2153 40 27 15
686 2147 47 25 bis
756 2153 56 20 20.
836 2138 209 40 November.

283 2183 229 31 .Bertolletti,
536 2184 24 26 t.
586 2184 23 28 t᷑.
633 2184 101 31 oſterr.
779 2182 286 32 General-Major
1112 2187 60 27 von

146 2184 116 71 —
246 2191 56 63 din
331 2224 48 23 der
398 2224 77 30 gold.
499 2203 76 46 —
664 2234 43 15 —
730 2220 57 35 Hr.
819 2220 37 33 J.
881 2220 155 32 Maurer,
1056 2217 114 36 Lauf⸗

144 2265 94 21 mann
270 2265 58 19 von
349 2258 160 32 Frankfurt
534 2255 203 36 (Ebendaſ.)
762 2270 42 7 —
825 2257 58 34 Hr.
905 2256 121 35 Joſeph
1052 2255 118 35 Veter,

143 2295 25 29 k.
181 2297 24 27 k.
226 2295 258 32 Rechnungsrath
516 2300 57 21 ous
594 2298 49 23 der
664 2294 142 34 Schweiz
819 2289 198 45 (Ebendaſ.)
1039 2306 42 5 —
1093 2293 75 34 Hr.

112 2332 191 35 Thomas,
329 2331 112 34 Praͤtat
460 2335 51 24 des
526 2331 136 32 Klolters
685 2332 98 31 Fiecht
820 2339 58 18 von
900 2332 97 31 Fiecht'
1038 2330 59 33 (im
1122 2338 46 24 gr.

144 2369 103 35 Baͤr.)
276 2382 44 5 —
355 2368 58 34 Hr.
440 2368 74 27 Ant.
535 2368 130 30 Stoͤckt,
686 2370 40 26 t.
760 2370 21 27 k.
814 2376 84 22 prov-
927 2368 180 36 Satzfakter
1134 2373 35 28 32

145 2407 142 34 Pettnou
320 2405 57 32 (im
409 2406 114 29 weißzen
556 2404 130 36 Kreuz.)
718 2419 43 7 —
793 2405 60 36 Hr.
888 2405 131 34 Johänn
1060 2404 110 32 Roſſt,

147 2441 217 33 Guͤterbeſitzer
394 2449 61 25 don
470 2441 106 33 Borgo
597 2444 76 30 (im
667 2436 103 52 gold.
781 2436 123 52 Adler.)
928 2456 40 8 —
993 2444 57 40 Hr.
1071 2443 99 35 Franz

148 2479 140 33 Freiherr
309 2485 58 19 von
389 2478 226 38 Satzenhoſen,
641 2478 28 28 .
687 2479 93 28 baier.
804 2479 178 28 Kaͤmmerer
1012 2478 62 53 üno
1104 2478 68 30 Rẽ⸗

148 2517 146 32 gierungs
330 2514 124 32 Aſſeſſor
478 2516 46 30 (in
546 2513 48 41 der
612 2519 81 30 goid.
715 2517 146 33 Sonne)
889 2530 41 6 —
956 2518 57 34 Hr—z
1035 2518 135 33 Zohana

149 2552 139 31 Michael
308 2550 234 34 Baideſſaroni,
557 2551 181 29 Edelmann
757 2561 57 20 von
836 2554 126 39 Lvorno
977 2529 159 65 —

150 2602 37 7 —
207 2589 59 34 Hr.
287 2588 202 31 Marcheſani,
516 2587 237 35 Handelsmann
773 2598 59 19 von
836 2590 168 30 Roveredo
1012 2594 55 32 (im
1089 2595 78 30 goit.

126 2625 149 34 Adler.)
300 2639 42 5 —
366 2625 60 34 Hr.
437 2626 110 33 Negri,
567 2626 218 40 Großbaͤndler
797 2634 58 20 von
871 2628 155 29 Roveredo
1050 2629 119 34 (Eben⸗

151 2663 80 35 daſ.)
254 2669 42 14 —
329 2662 208 43 Hr-Ausuſt
567 2664 29 26 v.
623 2663 172 33 Eichtbal,
816 2665 125 43 Privat,
961 2672 55 22 aus.
1036 2667 133 31 Baiern

148 2701 49 33 (in
219 2704 49 25 der
284 2701 78 32 goid.
385 2699 146 34 Sonne.)
555 2714 41 5 —
619 2701 57 33 Hr.
698 2701 148 32 Friedrich
870 2710 27 21 v.
918 2697 130 39 Halder,
1076 2704 93 27 Ban—

148 2739 93 33 quier
251 2739 33 26 in
301 2735 166 35 Augsburg
494 2736 183 36 Ebendaf.)
700 2746 40 12 —
774 2739 58 33 Hr.
860 2739 126 28 Gaſſina
1005 2745 70 24 und
1102 2740 67 36 Hr.

149 2782 32 21 v.
199 2774 128 31 BGauer,
353 2758 182 53 Zauuenſe
561 2778 50 24 des
640 2778 22 24 t.
690 2778 22 24 t.
737 2775 218 32 Genie-Coros
980 2778 190 35 (Evendaſ.)

147 2825 44 6 —
214 2814 60 32 Hr.
300 2814 100 30 Jatob
428 2811 148 31 Frarina,
608 2815 181 29 Kaufmann
810 2820 58 18 von
889 2815 77 32 Lyon
988 2816 182 34 (Evendaſ.)

148 2851 130 32 Hr.
286 2849 82 32 Fdlix
381 2856 29 19 v.
435 2850 184 32 Perthaner,
645 2849 61 34 Er.
718 2850 89 27 Alois
829 2857 27 19 v.
879 2850 214 36 Wohtgemuth
1109 2857 62 27 und

147 2886 61 35 Hr.
223 2887 104 31 Georg
349 2893 28 19 v.
390 2886 150 33 Paſſotti,
562 2864 116 60 Pcloni.
709 2891 58 23 aus
780 2890 65 24 dem
859 2886 163 35 Etſchthale
1040 2889 124 36 (Eben⸗

149 2923 80 34 daſ.)
251 2937 44 5 —
318 2924 61 32 Hr.
404 2924 116 33 Zoſeyt
546 2930 30 18 v.
596 2923 183 34 Ortenthal.
813 2926 25 23 t.
871 2926 23 23 t.
924 2925 193 37 Landric;ter.
1137 2929 32 28 in

149 2953 131 63 Weirey
305 2953 62 44 (im
394 2953 78 41 gold.
500 2954 133 41 Lowen.)

420 3014 336 45 Verzerichen
840 3014 65 43 iß

150 3057 50 41 der
217 3032 55 63 vey
294 3062 48 26 der
367 3062 23 27 k.
409 3062 24 27 k.
453 3021 211 81 zodokeſodg
685 3063 46 25 in
734 3062 181 33 Jnnsbruck
940 3065 47 26 am
1008 3060 52 48 18.
1080 3039 93 84 —

438 3090 176 60 gehobenen
641 3095 74 36 fuͤnf
736 3098 140 35 Zahlen:

513 3137 41 34 49
640 3133 43 28 26
771 3142 41 27 Z1
902 3141 40 27 —U—

142 3162 77 43 Die
125 3164 91 54 De
215 3164 134 54 naͤchſte
378 3143 145 68 Jhung⸗
545 3172 143 33 geſchieht
715 3179 34 28 zu
778 3172 112 33 Botzen
921 3182 47 19 am
1001 3174 51 38 29.
1080 3150 91 65 Nov.

152 3206 77 8 —
321 3226 78 28 hatte
419 3230 52 24 das
497 3234 202 21 unerwartete
720 3227 116 31 Gluck,
860 3235 59 20 von
942 3233 62 25 dem
1026 3231 143 33 beruͤhm⸗

158 3261 50 24 ten
225 3259 125 31 Mahler
362 3262 39 32 J.
415 3264 122 31 Schoͤof
556 3266 63 25 eine
647 3266 128 25 radierte
762 3242 83 60 ——
1012 3276 58 26 von
1092 3269 78 32 Atb⸗

159 3295 76 30 recht
251 3295 104 28 Duͤrer
373 3306 33 24 zu
436 3301 153 31 erhalien,
614 3301 46 27 die
684 3303 82 31 jener
787 3302 73 32 einſt
883 3307 57 23 ans
962 3300 53 36 den
1035 3306 135 33 Haͤnden

157 3332 85 28 eines
253 3326 175 50 Schmiedes
450 3337 132 32 giackiich
600 3343 125 27 gerettet
747 3337 94 33 hatte!
887 3339 46 29 Es
951 3338 40 43 iſt
1008 3344 44 26 die
1079 3343 90 27 naͤm⸗

154 3369 94 33 liche,
274 3368 43 26 die
338 3369 80 39 Herr
439 3371 102 29 Rnton
564 3374 91 28 Kiein
679 3376 31 25 in
731 3375 109 31 ſeinem
876 3377 209 34 Verzeichniſſe
1110 3387 60 20 un⸗

137 3412 66 29 ter
238 3408 53 26 den
320 3405 215 39 beruͤhmteſten
570 3413 61 27 und
668 3412 169 37 ſeltenſten
848 3408 155 53 Arbeiten
1040 3411 129 74 Duͤrers

1201 2673 152 33 Lyceum
1386 2672 167 33 oͤffenttiche
1581 2673 213 30 Vorteſungen

1227 1117 59 20 von
1306 1116 84 28 1515
1417 1110 159 34 auffuhrt,
1597 1112 76 24 und
1697 1116 60 20 von
1784 1112 88 24 deren
1904 1108 163 35 Jdentitaͤt
2090 1109 44 26 die
2158 1110 95 33 Jahr⸗

1226 1148 89 33 zahl,
1342 1149 55 25 das
1415 1147 123 32 Zeichen
1560 1149 62 25 und
1634 1148 54 26 die
1710 1146 107 28 Arbeit
1839 1146 84 33 ſeibſt
1946 1145 181 34 dinlaͤnglich
2148 1153 104 27 zeuget.

1228 1184 46 28 Es
1295 1184 90 32 ſtellet
1419 1189 55 22 den
1503 1184 279 31 Menſchenerioͤſer
1811 1186 42 24 im
1884 1183 191 34 erhabenſten
2098 1182 156 30 Momente

1227 1222 99 34 ſeines
1359 1221 114 28 Lebens
1506 1222 31 26 in
1575 1221 109 30 leinem
1703 1221 134 36 Kampfe
1862 1228 48 19 am
1935 1221 145 34 Oetberge
2098 1227 80 27 vor;
2202 1224 52 26 mit

1228 1259 91 29 tiefen
1345 1259 180 31 chriſtlichen
1548 1257 141 33 Sinne,
1716 1262 69 24 und
1803 1261 58 25 mit
1886 1259 148 28 deutſcher
2052 1258 199 32 Eigenthuͤm⸗

1229 1297 52 30 lich
1309 1299 62 23 und
1399 1295 262 32 Gemuͤthlichkeit
1692 1296 52 32 hat
1774 1296 63 31 hier
1865 1296 110 27 Duͤrer
2006 1296 75 30 feine
2101 1294 81 34 Jdee
2199 1304 55 19 von

1227 1333 98 28 einem
1354 1334 123 32 goͤttlich
1502 1333 211 31 menſchlichen
1745 1333 58 32 ſich
1818 1334 82 32 ſetbſt
1925 1332 163 31 opfernden
2111 1332 143 31 Welthei—

1227 1372 71 26 land
1318 1370 32 26 in
1371 1372 108 28 dieſem
1508 1369 432 34 Entſcheidunge-Momente
1962 1373 56 23 mit
2039 1370 135 32 wenigen
2188 1370 66 31 küh⸗

1226 1415 60 20 nen
1308 1411 62 31 und
1395 1408 190 32 beſtimmten
1605 1407 103 34 Zugen
1735 1408 225 34 hingezaubert,
1979 1407 119 33 wuͤrdig
2119 1410 51 24 des
2192 1406 60 29 Ge⸗

1228 1445 179 34 genſtandes
1436 1448 62 25 und
1537 1444 57 33 tief
1624 1445 170 33 ergreifend
1826 1446 82 31 jedes
1943 1445 137 30 chriſtlich
2116 1445 140 32 gebildete

1228 1483 91 33 Herz.
1348 1483 64 32 Jn
1438 1483 83 27 einer
1554 1482 74 27 oͤden
1664 1482 147 33 Gegend,
1838 1483 94 28 neben
1958 1484 96 24 einem
2085 1480 171 28 verdortten

1228 1518 144 31 Baume,
1400 1520 101 34 hinter
1519 1520 137 30 welchem
1675 1527 100 27 zween
1796 1519 129 34 Junger
1947 1523 49 23 der
2021 1519 110 32 mäden
2155 1518 105 27 NMatur

1229 1556 149 33 ſihlafend
1400 1558 209 29 untertiegen,
1635 1558 62 26 und
1718 1559 82 24 einer
1826 1557 69 30 noch
1917 1557 56 26 mit
1998 1556 139 30 muͤhſam
2158 1555 98 31 empor

1228 1593 179 35 gehaltenen
1427 1595 109 34 Haupt
1563 1596 65 25 dem
1655 1594 167 34 mächtinen
1850 1593 202 32 Schiummer
2069 1592 188 32 ohnmachtia

1227 1631 283 42 entaenenkämpft,
1541 1630 117 28 überall
1685 1631 119 34 Nacht,
1839 1635 62 23 und
1940 1639 59 19 nur
2033 1634 31 24 in
2085 1631 97 31 Ferne
2203 1633 52 24 das

1229 1667 195 38 Gartenthor
1454 1666 57 29 mit
1544 1667 97 28 einem
1672 1668 225 31 furchterlichen
1933 1663 121 37 Strahl
2080 1667 179 30 beleuchtet,

1230 1712 48 22 ivo
1302 1708 49 24 der
1376 1704 177 34 Serräther
1569 1707 58 26 mit
1652 1708 50 24 der
1722 1705 236 31 Moͤrderſchaar
1979 1706 81 28 ſchon
2081 1705 50 32 ſich
2152 1702 109 34 nahet:

1231 1745 36 24 da
1297 1742 80 27 kniet
1397 1745 58 24 der
1485 1741 199 31 Weltecloͤſer
1711 1743 33 26 in
1775 1743 82 32 einer
1887 1745 97 23 etwas
2005 1742 172 32 gedruückten
2195 1741 68 27 aber

1232 1777 85 31 nicht
1341 1779 166 34 gebeuaten
1538 1778 142 34 Haltung
1709 1779 57 26 mit
1794 1778 82 30 fanſt
1901 1779 140 34 zwiſchen
2061 1779 115 32 Bitten
2202 1781 60 24 und

1231 1810 180 40 Annehmen
1429 1809 235 44 hingehaltenen
1675 1810 146 50 Haͤnden⸗
1847 1815 56 26 mit
1923 1815 98 27 einem
2033 1816 88 35 ruhig
2147 1816 144 37 uàbertes.

1233 1850 136 34 genden,
1395 1851 76 26 alſes
1492 1851 296 37 uͤberſchauenden,
1796 1852 68 26 aber
1883 1851 73 28 uͤber
1974 1853 95 26 nichts
2089 1849 176 32 erſchütter⸗

1233 1893 48 22 ten
1312 1886 107 35 Blick;
1457 1890 56 24 den
1542 1886 110 28 Mund
1677 1888 73 26 eben
1775 1875 131 54 geoͤffnet
1934 1894 33 25 zu
1992 1887 102 27 beiden
2114 1882 152 61 Werten:

1225 1925 106 26 nimm
1365 1924 44 30 in
1448 1926 55 24 den
1529 1922 105 31 Kelch
1634 1927 49 15 —
1703 1927 62 23 und
1785 1929 41 23 —
1852 1926 67 24 dein
1939 1923 92 28 Wille
2048 1922 163 35 geſchehe!“

1233 1962 39 25 in
1283 1962 97 34 einem
1400 1966 83 36 zwar
1501 1961 30 26 in
1543 1959 129 28 Duͤrers
1691 1948 141 39 Nanier
1840 1961 199 36 gebrochentn
2067 1961 42 31 —
2201 1938 53 53 —

1231 1997 69 28 eber
1319 1999 30 27 in
1376 1998 111 42 groſen
1518 1996 124 33 Maſſen
1682 1997 246 32 hinabrollender
1952 1994 212 38 Bekteidung;
2197 1999 67 26 ober

1230 2036 63 31 ihm
1302 2032 44 29 in
1365 2035 96 26 einem
1483 2030 175 51 zexriſſenen
1689 2034 155 29 Gewolke
1862 2035 94 27 neben
1990 2038 64 24 dem
2079 2035 104 31 Kelche
2210 2038 53 24 das

1228 2069 171 37 Angeſicht
1408 2073 84 26 eines
1512 2071 116 34 Engels
1648 2072 132 37 imeiner
1791 2071 104 34 hohen
1920 2069 163 37 Miſchung
2097 2079 58 20 von
2177 2073 84 27 Mit⸗

1231 2110 58 26 leid
1309 2113 61 23 und
1390 2109 273 33 Bewunderung,
1677 2105 58 31 mit
1759 2110 110 35 offnem
1890 2108 125 30 Munde
2035 2113 76 31 nicht
2130 2110 130 31 wiſſend,

1230 2144 68 30 was
1316 2154 30 19 er
1365 2149 70 29 noch
1455 2147 86 32 jagen
1563 2146 71 30 foll:
1660 2146 31 32 ſo
1708 2149 65 29 iſt
1758 2152 54 22 das
1830 2147 205 32 erhabene
2040 2148 26 26 Bild
2079 2142 80 32 des
2152 2147 109 33 großen

1230 2184 155 32 deutſchen
1417 2181 183 34 Meiſters.
1641 2183 116 31 Dieſes
1794 2183 80 27 Biid
1905 2185 78 31 mißt
2008 2185 75 30 ohne
2110 2184 95 28 Raänd
2230 2185 31 25 in

1230 2223 46 24 die
1295 2220 91 35 Hoͤhe
1403 2222 84 32 g172
1507 2221 83 31 Zoll,
1613 2221 31 26 in
1681 2222 46 27 die
1744 2221 109 27 Breite
1878 2219 21 27 6
1922 2221 72 31 Zoll.
2042 2221 68 28 Der
2136 2221 126 32 Beſitzer

1230 2258 118 32 biethet
1362 2265 65 19 nun
1449 2262 97 22 davon
1573 2258 99 29 ſchoͤne
1694 2263 72 22 und
1782 2259 117 33 flrißige
1911 2258 150 28 Abdruͤcke
2079 2260 76 24 alen
2181 2259 77 27 Lieb—

1229 2297 112 29 hazeru
1361 2299 49 22 der
1444 2291 260 35 vaterlandiſchen
1727 2297 109 32 Runſt,
1857 2296 53 26 das
1934 2296 99 28 Stack
2059 2296 46 31 af
2129 2296 131 30 ſchoͤnem

1222 2333 146 26 Basler⸗
1383 2329 119 35 Papier
1524 2332 49 28 ſur
1592 2335 54 24 den
1668 2335 98 26 Rreis
1787 2341 34 23 pr
1840 2340 43 27 30
1912 2334 40 25 tkr.
1979 2334 43 26 R.
2049 2334 52 26 Vt.
2126 2341 51 22 an,
2203 2335 58 25 und

1230 2372 75 33 iſt
1277 2365 41 44 zu
1325 2370 95 31 haben
1441 2369 53 32 bey
1514 2369 104 30 Anton
1640 2369 182 36 Mazerotti,
1846 2371 226 31 Kunſthändler
2090 2377 89 20 unter
2198 2373 61 23 dem

1228 2411 146 29 goldenen
1393 2407 116 31 Dachet
1531 2408 31 25 in
1583 2407 191 41 Sausbruck.
1820 2406 112 33 Brieke
1952 2403 59 54 und
2035 2409 114 27 Geider
2174 2409 86 27 bittet

1229 2452 71 20 man
1316 2444 102 34 Porto
1440 2444 63 33 frey
1526 2444 210 34 einzuſeuden.
1778 2442 14 4 —

1602 2482 136 32 Sohanu
1758 2482 104 35 Georg
1883 2477 169 37 Schedler,
2078 2476 141 37 Mahler.

1316 2561 176 28 uUnterricht
1517 2559 72 30 uͤber
1615 2547 52 41 die
1686 2560 140 36 Rettung
1860 2564 50 25 der
1936 2562 235 30 Scheintodten.

1296 2598 154 33 Vermoge
1471 2602 84 24 eines
1579 2599 102 38 bohen
1709 2600 297 27 Gubernialdetrets
2034 2607 67 20 vom
2121 2608 31 26 3.
2177 2601 83 26 Nor.

1230 2631 83 36 1818
1347 2636 82 27 Fre,
1457 2636 209 37 2642ꝗ374230
1698 2636 105 29 Stud.
1834 2636 90 32 ſollen
1955 2644 48 20 am
2033 2637 126 33 hieſtatn
2189 2637 22 27 t.
2237 2637 23 28 t.

1831 2674 73 27 über
1939 2676 55 25 das
2025 2675 167 31 Verhalten
2216 2673 44 28 bei

1229 2711 167 33 plòtztichen
1420 2708 199 34 Todesfällen
1639 2714 62 23 und
1729 2712 45 27 die
1798 2711 143 33 Rettung
1970 2715 49 24 der
2041 2710 219 32 Scheintodten

1230 2755 39 19 an
1304 2747 147 34 Sonn,
1476 2751 61 24 und
1563 2747 207 36 Feyertagen,
1805 2750 45 26 die
1876 2749 96 34 hohen
1998 2749 130 34 Feſttage
2153 2753 108 28 ausge⸗

1231 2791 166 28 nommen,
1422 2785 127 31 gegeben
1575 2789 132 24 werden.

1294 2822 111 33 Dieſer
1427 2823 172 30 Unterricht
1619 2820 127 37 beginnt
1769 2823 174 34 Sonntags
1967 2825 54 26 den
2045 2827 52 29 28.
2124 2821 136 29 Novem⸗

1234 2859 50 27 ber
1309 2860 41 25 im
1376 2861 222 30 anatomiſchen
1624 2861 131 33 Hoͤrſale
1783 2861 202 34 Vormittags
2020 2868 50 20 um
2105 2867 36 19 11
2177 2860 85 30 Uhr,

1230 2901 83 31 wozu
1339 2896 75 29 alle,
1441 2898 45 25 die
1512 2898 74 30 dieſe
1608 2897 181 33 Kenntniſſe
1814 2897 50 33 fuͤr
1890 2899 50 32 ſich
1967 2898 104 35 noͤthig
2096 2901 68 23 oder
2183 2895 76 33 nuͤt⸗

1232 2936 54 31 ti
1311 2932 122 32 hetten,
1459 2934 107 32 hiemit
1572 2928 82 44 eiιà
1660 2928 74 44 elατI
1790 2939 134 23 ιrισι2

1315 2971 184 33 Jnnsbeuck
1524 2977 54 21 den
1604 2977 50 26 r8.
1681 2973 179 27 November
1906 2977 93 31 1819.

1528 3049 28 29 E
1581 3057 62 21 un
1668 3040 71 62 ò,m
1763 3040 30 62 3.
1834 3040 130 62 u,g.

1301 3065 95 57 Das
1427 3086 136 34 Graͤſlich
1606 3088 132 32 Zenobio
1767 3079 192 50 Aibrizziſchẽ
1996 3089 188 32 Richteramt
2226 3091 34 28 zu

1234 3123 174 29 Neumarkt
1440 3126 34 30 iſt
1502 3126 152 33 erledigt,
1688 3128 92 31 felbes
1810 3129 50 31 hat
1884 3128 94 26 neben
2003 3127 202 32 Freiquartier
2229 3125 31 24 in

1234 3160 186 31 Neumarkt,
1447 3165 61 24 und
1530 3163 40 26 im
1591 3163 155 29 Sommer
1768 3169 54 23 das
1848 3165 123 33 noͤthige
1994 3165 31 26 in
2048 3167 62 23 dem
2119 3162 65 65 Fe

1235 3197 95 35 Enn,
1376 3199 47 25 ein
1453 3199 157 31 jaͤhrliches
1649 3200 201 30 Einkommen
1883 3209 60 19 von
1974 3205 64 26 goo
2063 3201 29 34 ſi.
2187 3197 73 27 We:

1236 3229 89 37 daher
1346 3234 115 28 koͤnnen
1490 3237 49 30 ſich
1571 3238 86 32 jene,
1705 3241 105 30 welche
1850 3239 49 30 ſich
1934 3245 52 19 um
2008 3232 91 34 diefes
2119 3200 139 63 —

1234 3277 65 22 amt
1334 3270 155 30 bewerben
1521 3275 127 33 wollen,
1674 3280 62 23 und
1757 3278 56 26 mit
1845 3278 93 23 denen
1962 3274 178 33 gefetzlichen
2159 3278 101 26 vorge⸗

1235 3308 184 31 ſchriebenen
1446 3310 113 34 Eigenf
1584 3291 86 57 aften
1700 3310 141 35 verſehen
1873 3310 82 32 ſind,
1987 3311 56 25 mit
2071 3311 94 31 ibhrem
2198 3309 64 27 Ge⸗

1234 3345 80 36 fuche
1335 3346 45 27 bet
1403 3346 93 32 dieſer
1518 3349 405 33 Dinaſtial⸗Verwattung
1950 3348 127 26 melden.

1360 3383 130 41 Salurn
1512 3393 49 22 am
1587 3392 38 29 1.
1650 3387 90 30 Nov.
1766 3392 94 30 1819.

1440 3424 55 4 —
1691 3453 49 10 ..
1907 3428 47 23 v.
1980 3421 110 31 Vilac.
