2339 3659
1060 51 104 60 139

147 173 88 28 wenn
261 171 33 23 er
324 160 71 37 nach
425 156 138 37 Verlauſ
591 158 55 29 des
678 154 291 47 militaͤrpfichtigen
1007 160 126 39 Alters

152 205 136 37 ergriffen
311 201 106 31 wird,
926 219 5 4 .

95 246 31 38 c)
147 246 53 27 mit
222 239 138 36 Berlurſt
384 238 52 28 des
459 233 130 37 Rechtes
613 233 51 37 ſich
689 239 150 27 vertreten
864 240 35 32 zu
924 235 109 38 laſſen,
1053 241 62 31 und

153 276 77 45 endli
1051 287 25 21 —

93 321 34 35 )
148 280 147 69 eu⸗
314 314 57 28 mit
393 309 228 37 angemeſſenen
636 307 211 37 Geldſtrafen.
867 316 56 38 U

93 359 37 31 J
141 357 39 30 K.
204 351 187 39 Landzericht
412 348 179 30 Brunecken
614 348 33 29 in
665 345 101 38 Tyrol
778 352 57 24 den
858 355 40 30 4.
905 341 91 53 Nov.
1019 350 97 40 1819.

219 384 46 45 ——
360 387 158 37 iSoachim
543 395 30 20 v.
599 384 100 35 Mor,
722 384 202 39 Landrichitr.

425 460 372 39 Vorladung.

177 504 62 30 Bei
262 504 51 27 dee
338 507 52 22 am
414 504 76 39 28..
524 507 77 30 29.
623 503 63 26 Qund
715 508 58 29 30
797 499 131 33 Ottober
948 504 30 27 d.
1001 503 40 35 J.
1066 509 51 31 zur

95 543 173 37 Ergaͤnzung
290 542 53 26 des
363 536 413 37 Kaiſeriaͤger⸗Regiments
794 541 78 27 allda
892 547 225 29 vorgendomme⸗

97 591 56 21 neñ
174 579 127 33 Lsoſung
329 575 99 36 haben
450 575 49 39 ſich
523 576 210 37 nachſtehende
754 577 218 35 Jndividuen,
997 581 49 30 die
1061 582 79 26 das

95 616 68 34 doos
186 624 68 30 zuc.
265 614 195 35 Einceihung,
480 614 181 35 getroffen,
694 616 78 35 nicht
795 616 221 36 eingefunden,
1047 620 69 27 ais:

173 654 132 38 Johann
329 652 98 35 Peter
450 648 258 42 Kammerlohner
723 659 59 22 von
804 652 161 38 Kuſſtein,
990 657 61 27 und
1074 669 44 6 —

97 695 122 30 Mardin
248 690 82 29 Auer
361 696 58 21 von
449 686 154 41 Thierſee,

118 728 278 36 Nachſtehende
424 727 71 28 aber
526 726 99 36 haben
650 729 55 27 das
736 727 74 30 Loos
838 734 50 32 zur
916 728 131 36 Reſerve
1068 738 51 27 ge⸗

95 776 102 32 zogen,
220 771 88 33 deren
328 765 185 35 Aufenthalt
536 765 150 34 ebenfalls
710 766 175 29 unbekannt
905 769 54 32 iſt,
982 770 48 26 als

175 807 102 32 Georg
312 802 140 34 Mober,
485 802 299 38 Schiffmannsſohn
813 812 57 21 von
899 805 151 36 Kuüfſtein.
1074 819 44 7 —

94 843 145 37 Mathias
269 841 124 34 Rafner
422 848 59 20 von
500 839 92 30 Soͤli.
615 855 44 5 —
680 840 102 37 Zakob
804 841 108 36 Soger
933 851 59 19 von
1012 843 105 29 Ellau.

93 879 176 38 Joſeph
291 879 202 35 Pirchmaſter
509 885 60 21 von
583 877 172 37 Thierſee,
778 884 61 25 und
861 879 83 37 Joh.
968 879 149 36 Schmal⸗

95 923 41 28 ler
158 927 56 20 don
235 915 223 34 Niederndorf.

176 954 165 35 Dieſelben
366 955 118 29 werden
515 953 109 39 hiemit
653 953 200 36 vorgerufen,
890 955 51 35 ſich
964 955 154 36 laͤngſtens

96 997 109 28 binnen
228 998 20 27 8
273 993 132 33 Wochen
434 994 46 26 bei
501 995 66 25 dem
589 991 234 36 unterfertigten
840 992 205 37 Landgerichte
1065 1003 53 21 um

88 1031 32 36 ſo
135 1032 150 37 gewiſſer,
309 1037 33 28 zu
362 1031 117 34 ſtellen:
505 1031 49 28 als
575 1029 147 31 dieſelben
743 1031 71 32 nach
834 1030 186 34 fruchtloſem
1038 1031 85 30 Ver⸗

93 1071 67 32 lauf
178 1070 93 32 dieſes
294 1067 157 30 Termins
475 1070 57 26 mit
555 1070 56 25 den
643 1068 56 32 auf
713 1069 46 27 die
787 1067 154 37 Renitenz
965 1069 154 36 feſtgeſetz⸗

91 1115 48 22 ten
163 1105 139 33 Strafen
333 1106 96 35 belegt
460 1110 121 25 werden
605 1104 138 29 wuͤrden.

90 1145 126 35 Kaiſerl.
246 1144 131 35 Koͤnigt.
403 1143 190 36 Landgericht
608 1141 143 37 Kufſtein
773 1144 56 27 den
850 1150 33 29 5.
903 1142 89 29 Nov.
1018 1148 96 34 18.

361 1180 7 4 ——
730 1180 110 34 Wolf,
871 1179 200 37 Landrichter.

87 1259 20 29 2
194 1255 153 37 Gſchoͤſter
364 1255 72 37 Joſ.
457 1254 104 35 Felix,
579 1254 126 36 geboren
726 1259 120 35 unterm
866 1256 53 29 16.
933 1255 77 31 Mai
1033 1263 84 32 1798

89 1299 42 26 im
157 1293 93 38 Turx;
276 1300 81 24 dann
387 1294 145 31 Meirner
558 1292 155 35 Johann,
755 1293 128 35 gedoren
907 1301 120 22 unterm
1060 1303 55 29 27.

89 1333 88 36 April
199 1340 103 29 1705,
339 1335 62 26 und
418 1332 137 33 Meßner
581 1330 157 35 Johann,
770 1331 128 35 geboren
922 1339 120 22 unterm
1060 1342 55 24 24.

87 1371 133 33 Februar
255 1374 85 33 i79
371 1371 96 33 haben
496 1371 47 26 die
569 1366 215 37 Beſtimmung
809 1375 52 29 zur
887 1368 131 34 Reſerve
1048 1379 66 27 vei⸗

88 1411 98 30 foost,
218 1412 62 25 und
310 1411 36 24 da
369 1409 35 32 ſie
425 1408 155 34 dermaten
595 1406 175 28 unbekannt
803 1412 45 22 wo
868 1406 50 33 ſich
942 1407 190 35 aufhalten,

88 1447 28 33 ſo
134 1449 118 26 werden
275 1446 35 34 ſie
330 1451 89 23 unter
440 1450 55 25 den
514 1444 182 35 geſetzlichen
708 1442 140 34 Strafen
867 1444 186 34 aufgefodert
1080 1448 34 26 in

87 1493 21 26 4
135 1484 129 32 Wochen
285 1484 45 28 bei
357 1484 97 35 idrem
469 1482 232 33 Gerichtsſtand
731 1481 48 36 ſich
812 1487 35 30 zu
865 1481 118 35 ſtellen,
1016 1484 97 33 ſofern

87 1522 35 33 ſie
147 1523 32 27 in
197 1525 51 24 der
266 1522 137 35 Provinz
426 1521 49 33 ſich
497 1519 183 34 aufhalten,
706 1522 62 24 und
790 1520 72 30 in8
886 1519 150 35 Wochen,
1070 1521 44 36 ſo⸗

85 1560 65 33 fern
172 1559 35 33 ſie
231 1559 48 33 ſich
304 1558 94 33 außer
419 1561 50 25 der
486 1557 141 36 Provinz
646 1556 138 34 befinden
807 1554 116 34 ſollten.

169 1597 134 27 Volders
327 1600 56 24 den
405 1603 33 28 9.
462 1595 177 28 November
664 1598 94 30 1819ł1

169 1633 112 30 Baron
296 1634 67 27 von
385 1632 196 35 Loͤchou'ſches
613 1630 189 34 Landgericht
824 1627 201 41 Rettenberg.

486 1670 184 35 Aigner,
692 1668 202 40 Landrichter.

83 1754 29 23 2
363 1738 482 47 EdiktalaVorladung.

107 1782 228 35 Grantner
352 1783 96 33 Peter
466 1789 58 21 von
542 1781 160 38 Schwatz,
739 1783 49 27 ein
807 1781 101 33 Sohn
938 1783 52 26 des
1010 1780 102 34 Berg—

85 1824 115 24 manns
216 1820 134 35 Sohann
374 1820 162 27 Brautner
564 1823 63 22 und
649 1823 49 23 der
712 1817 117 29 Roſina
858 1818 182 34 Frohlerin,
1065 1824 49 27 ge⸗

83 1859 91 25 boren
197 1863 48 20 am
271 1863 52 19 20.
343 1855 77 27 Mai
441 1859 103 32 17098,
569 1860 49 29 zog
638 1856 45 25 bei
702 1858 50 22 der
779 1854 155 32 Stellung
958 1861 50 27 zur
1036 1853 78 28 Kai⸗

82 1894 54 32 ſerj
146 1890 547 38 iger-Regiments-Completirung
721 1897 67 21 vom
821 1897 53 28 30.
902 1898 30 19 v.
968 1890 56 27 M.
1068 1892 48 26 die

84 1929 324 36 Neſeroe-Nummer
436 1928 48 27 16.

172 1968 57 26 Oa
257 1967 126 32 derſelte
418 1966 149 33 angeblich
600 1965 48 27 als
674 1963 228 33 Bauerstnecht
938 1962 176 28 unbekannt

85 2012 49 23 wo
157 2005 175 31 abweſend,
355 2007 61 24 und
436 2011 49 28 zur
506 2003 184 34 Ergaͤnzung
719 2005 52 25 des
796 1999 207 35 Contingents
1020 1999 89 35 noth⸗

87 2044 119 32 wendig
229 2043 54 33 iſt;
307 2041 28 33 ſo
354 2041 224 29 wirdderſelbe
597 2040 108 33 hiemit
723 2037 213 36 aufgefordert,
954 2038 49 32 ſich
1023 2043 90 21 unter

89 2085 96 24 denen
206 2078 180 37 Abweſende
412 2078 189 33 leſtgeſetzten
619 2076 138 31 Strafen
776 2082 76 30 ganz
871 2075 148 34 beſtimmt
1044 2075 68 27 vin⸗

89 2126 59 20 nen
169 2123 19 27 8
208 2116 130 34 Wochen
356 2126 18 19 a
376 2108 97 46 Dato
483 2114 175 36 perſoͤnlich
677 2116 46 26 vei
742 2114 106 30 dieſem
876 2113 25 28 k.
921 2112 24 29 k.
980 2112 132 33 Landge⸗

87 2154 89 30 richte
200 2161 34 30 zu
258 2154 111 32 ſiellen.

84 2192 131 34 Kaiſeri.
244 2191 131 41 Kdnigi.
398 2189 188 37 Landgericht
614 2187 212 36 Freundsberg
867 2189 62 27 und
974 2186 138 35 Schwas

174 2238 50 22 am
251 2239 28 19 1.
301 2229 175 30 Noͤvember
502 2232 100 31 1819.

463 2264 168 37 Stirotz,
654 2263 199 35 Landrichter.

87 2354 24 20 2
194 2342 67 33 Bei
288 2345 50 25 der
368 2348 49 20 am
444 2348 53 28 29.
521 2348 18 19 v.
589 2339 56 28 M.
679 2338 217 35 abgehaltenen
919 2334 128 36 Looſung
1066 2341 51 30 zur

92 2382 184 36 Erganzung
293 2383 51 25 des
366 2379 72 28 lèbi.
472 2376 410 39 Kaiſer⸗Jaͤgertegiments
915 2374 51 33 hat
995 2376 37 46 8
1051 2377 66 40 dem

92 2420 81 33 ſchön
205 2419 104 36 feit“9
338 2416 124 35 Sahren
497 2414 167 33 unwiſſend
697 2421 46 21 w
773 2414 192 29 abrefenden
989 2410 128 28 Martin

91 2457 168 35 Fieckinger
279 2460 50 24 der
348 2454 116 35 Treffer
485 2452 83 27 Nro.
594 2461 36 24 1,
663 2454 61 25 und
752 2454 65 24 dem
848 2448 155 43 ebenfalls.
1019 2451 98 24 abwe⸗

94 2495 107 31 fenden
221 2494 119 35 Joſeph
361 2492 212 29 Eintemmer,
607 2492 49 25 der
678 2489 50 33 ſich
756 2490 48 26 als
834 2487 207 40 Goldſchmied
1066 2483 57 35 auf

116 2541 29 20 ee
165 2530 228 35 Wderſchaft
416 2529 149 34 befindet,
588 2528 82 32 jener
697 2528 56 26 mit
773 2524 122 36 Nro.?7
921 2529 154 37 getroffen.

181 2569 93 33 Diefe
313 2572 118 25 werden
461 2574 63 20 nun
553 2567 32 25 in
606 2564 89 34 Folge
717 2566 50 25 der
793 2561 269 35 Amtsinſtruktion
1083 2558 37 36 8.

94 2615 62 30 28,
189 2611 61 23 und
281 2614 98 25 zwar,
413 2612 86 21 wenn
525 2603 36 32 ſie
587 2602 49 34 ſich
669 2604 42 25 im
731 2600 98 29 Lande
857 2600 113 27 binnen
989 2606 38 27 4,
1059 2601 61 22 und

96 2652 88 23 wenn
214 2647 34 31 ſie
272 2640 92 35 cußer
384 2646 49 24 der
450 2642 140 34 Provinz
608 2638 95 35 Tyrol
736 2642 61 24 und
810 2637 188 42 Boraxibers
1026 2634 95 33 befin⸗

96 2686 55 25 den
179 2684 114 28 biluen
313 2686 20 28 8
362 2681 128 32 Wochén
517 2686 70 20 vom
605 2676 83 35 Täge
706 2679 49 24 der
775 2673 241 40 gegenwägtigen
1036 2672 82 44 Aus⸗

98 2720 169 35 ſchreibung
284 2720 172 34 gerechnet,
482 2717 45 27 bei
556 2718 65 25 dem
651 2713 238 42 ünterfertigten
919 2710 204 41 Landgerichte

172 2759 9 4 ſ
381 2754 161 37 perſsntich
571 2761 36 29 zu
630 2753 97 33 ſteilen,
761 2750 223 35 aufaeſordert,
1015 2750 47 25 ais
1088 2752 36 28 Ke

99 2795 222 36 widrigenfalls
346 2796 31 26 in
398 2797 46 24 die
460 2792 180 36 geſetztichen
670 2790 187 31 beſtimmten
886 2786 159 32 Strafen,
1078 2787 47 40 die

98 2835 33 28 in
154 2835 232 33 Serſangecung
407 2835 49 25 der
474 2827 293 41 Kapitulationzzeit
793 2833 60 20 von
872 2833 21 19 2
915 2823 142 35 Jahren,
1091 2828 34 20 in

99 2875 49 24 der
188 2871 122 35 Abgabe
340 2877 66 29 zum
437 2866 167 37 Regiment
626 2864 125 39 Kaiſer,
783 2864 82 42 auch
884 2869 88 22 wenn
988 2855 50 42 ſie
1055 2859 70 44 nach

99 2909 134 30 Verlauf
249 2912 52 25 des
320 2905 290 36 mititaͤrpflichtigen
632 2902 105 29 Alters
759 2902 142 34 ergriffen
920 2901 137 28 werden
1093 2903 34 37 in

101 2950 64 25 dem
197 2946 156 35 Beriurſte
380 2946 49 32 ſich
458 2948 151 24 vertreten
640 2947 33 29 zu
698 2938 109 33 laſſen,
840 2941 62 25 und
920 2935 150 34 allenſalis
1093 2939 34 23 in

102 2985 224 36 angemeſſenen
350 2981 195 34 Geldſtrafen
570 2979 153 33 beſtehen,
748 2971 161 46 verfallen.

170 3023 41 30 K.
233 3023 41 29 K.
299 3020 188 36 Landgericht
509 3018 75 34 Hall
618 3020 53 24 den
695 3021 32 28 52
749 3012 178 29 November
960 3014 93 31 1819.

454 3055 227 34 Attimayr,
711 3050 201 34 Landrichter.

99 2770 50 17 umi
167 2764 29 27 ſo
220 2758 133 35 geiorſſer

98 3144 20 22 2
200 3137 83 30 Vom
314 3136 26 29 e.
372 3133 26 29 k.
439 3128 206 38 Landgerichte,
677 3126 165 27 Dornbirn
877 3126 37 42 in
930 3114 200 44 Vorarlberg

99 3177 74 29 Wird
198 3177 84 33 daͤcch
318 3168 238 42 gegenwaͤrtiges
589 3164 88 29 Edikt
708 3163 78 28 allen
815 3163 197 34 denjenigen,
1037 3162 95 24 denen

99 3216 34 25 da
247 3208 254 34 ſegenbetannt
525 3204 152 36 gemacht:

138 3222 133 62 rarzeft
311 3222 58 56 —
388 3251 48 25 —
467 3243 142 32 Berchte
622 3242 32 26 in
674 3240 45 28 die
742 3237 175 36 Ersffnung
940 3237 80 26 eines
1040 3232 89 30 Kon⸗

99 3289 96 35 turſes
213 3288 90 33 uͤbel
320 3290 55 26 das
397 3283 161 37 geſammte
592 3282 41 26 im
664 3277 94 29 Lande
783 3270 98 53 Tyrol
916 3276 60 27 und
1000 3271 128 28 Vorarl⸗

102 3326 68 39 berg
196 3326 172 36 befindliche
397 3321 171 37 bewegliche
607 3319 62 30 und
691 3313 230 44 unbewegliche
962 3308 174 37 Vermoͤgen

1177 163 54 28 des
1250 160 113 37 Zakob
1386 162 193 41 Schneider,
1602 166 137 37 Davids,
1781 176 63 25 von
1866 167 66 35 St.
1986 179 102 22 Johann
2100 172 30 30 5

1176 199 159 39 gewilliget,
1367 205 134 39 worben.
1954 168 69 45 —
2115 168 98 86 drchſt

1277 239 109 38 Daher
1407 244 76 28 wird
1506 245 200 35 jedermann,
1730 250 52 26 der
1804 254 43 22 an
1871 250 58 27 den
1948 249 158 35 gedachten
2129 249 82 30 Ver⸗

1177 272 164 37 ſchuldeten
1375 280 66 29 eine
1467 281 176 38 Forderung
1681 290 35 32 zu
1738 285 98 34 ſtellen
1869 285 177 36 berechtiger
2073 284 36 38 zu
2141 288 71 35 feyn

1176 314 126 36 glaubt,
1311 310 114 55 anmit
1442 321 146 32 erinnext,
1612 321 49 29 bis
1681 323 182 35 einſchluͤſſig
1887 331 51 21 am
1968 332 52 20 16.
2040 323 172 38 Dezember

1178 355 30 40 d.
1233 351 37 35 J.
1291 357 43 25 die
1346 347 173 53 Anmeldung
1527 357 115 36 ſeiner
1655 358 218 38 Forderung
1827 347 54 53 in
1884 361 125 35 Geſtalt
2022 363 84 27 einer
2115 347 96 53 foͤrm⸗

1178 390 93 44 lichen
1280 390 95 46 Klage
1384 396 93 27 wider
1500 395 76 33 dieſe
1588 386 233 54 Konkursmaffe
1833 400 54 34 bey
1901 399 109 33 dieſem
2021 398 145 36 Gerichte
2182 399 30 34 ſo

1176 433 96 29 Zewiß
1291 433 211 34 einzureichen,
1527 436 62 26 und
1607 434 32 28 in
1669 435 76 32 dieſe
1766 436 76 33 nicht
1868 444 59 21 uͤur
1947 438 47 28 die
2024 435 188 37 Richtigteit

1178 460 95 44 ſeiner
1288 462 185 52 Forderung,
1492 472 126 30 londern
1633 471 71 35 auch
1718 475 55 35 das
1785 472 116 35 Recht,
1907 467 94 47 Kraft
2008 467 109 47 deſſen
2133 483 31 21 er
2176 476 35 28 in

1178 503 75 34 dieſe
1264 507 64 27 oder
1336 513 66 27 jene
1413 506 102 36 Klaſſe
1527 509 99 35 geſetzt
1637 515 34 31 zu
1683 513 119 26 werden
1813 511 170 36 verlangte,
2005 518 34 30 zu
2050 513 160 34 erweiſen,

1179 542 50 27 als
1245 543 159 36 widrigens
1453 546 72 31 nach
1551 545 132 36 Verfiuß
1708 550 53 25 des
1786 548 188 36 beſtimmlen
2008 548 105 37 Tages
2141 551 69 28 nfe⸗

1180 581 91 26 mand
1293 582 82 35 mehr,
1405 581 107 36 gehoͤrt
1545 587 141 29 werden,
1726 587 62 26 und
1826 587 194 34 diejenigen,
2059 588 48 28 die
2141 588 70 35 ihre

1178 616 170 38 Forderung
1380 619 49 28 bis
1459 619 94 35 dahin
1585 623 79 31 nicht
1689 624 196 33 angemeider
1900 623 117 36 haben,
2040 626 32 28 in
2099 624 103 29 Ruͤck⸗

1180 654 66 34 ſicht
1271 659 49 24 des
1337 657 184 34 geſammten
1551 658 43 28 im
1620 658 97 29 Lande
1740 660 93 36 Tyrol
1859 664 61 25 und
1947 662 186 36 Vorarlberg
2157 662 51 28 be⸗

1179 693 153 32 fndlichen
1355 693 195 37 Vermoͤgens
1573 698 54 26 des
1652 698 174 28 benannien
1864 697 231 34 Verſchuldeten
2127 699 83 37 ohne

1178 729 177 38 Ausnahme
1381 732 70 34 auch
1479 735 82 26 dann
1577 733 183 35 abgewieſen
1781 735 68 33 ſeyn
1870 736 107 32 tollen,
2004 744 88 21 wenn
2107 738 100 32 ihuͤen

1178 768 125 31 wirkiich
1330 770 49 27 ein
1404 770 341 36 Kompenſationsrecht
1766 773 165 34 gebuͤhrte,
1964 777 69 25 oder
2053 781 92 22 wenn
2167 774 40 34 ſie

1180 807 70 32 auch
1270 807 46 27 ein
1343 808 121 33 eigenes
1496 806 72 31 Gut
1594 815 59 21 ven
1675 811 51 25 der
1747 808 104 34 Maſſa'
1882 818 34 28 zu
1936 811 119 32 ſordern
2077 812 130 35 haͤtten,

1179 846 68 25 oder
1265 851 86 21 wenn
1371 846 70 30 auch
1459 845 66 35 ihre
1544 845 177 35 Forderung
1750 846 56 32 auf
1821 849 48 26 ein
1891 850 150 32 liegendes
2062 848 71 34 Gut
2152 852 56 25 des

1178 880 224 35 Verſchuideten
1425 884 187 33 vorgemerkt
1639 885 104 31 wäre,
1776 884 60 32 daß
1865 885 61 32 alſo
1955 885 87 34 ſolche
2067 885 140 30 Giaͤubi⸗

1177 926 73 28 ger,
1271 926 88 21 wenn
1387 919 36 35 ſie
1457 926 79 22 etwa
1560 921 33 28 in
1615 922 47 27 die
1691 919 104 35 Maſſe
1825 922 128 34 ſchutdig
1985 923 67 34 ſeyn
2081 923 127 34 ſollten,

1179 958 48 38 die
1249 955 117 34 Schuld
1393 958 204 35 ungehindert
1615 960 52 26 des
1685 958 520 37 Kompenſations⸗Eigenthums⸗

1179 997 68 24 oder
1269 994 246 34 Pfandrechtes,
1538 997 56 25 das
1628 996 94 34 ihnen
1743 996 75 35 ſonſt
1852 995 40 37 zu
1907 997 108 33 ſtatten
2032 997 176 35 gekoninten

1179 1032 99 32 waͤre,
1310 1032 180 35 abzutragen
1510 1033 164 36 verhalten
1713 1037 118 25 werden
1863 1033 139 29 wuͤrden.

1265 1069 132 35 Zugleich
1433 1071 77 26 wird
1530 1076 67 29 zum
1616 1070 147 35 Verſuche
1780 1073 84 27 einer
1879 1070 149 35 guͤtlichen
2056 1070 150 36 Ausglei⸗

1164 1101 107 47 chung
1284 1101 127 47 dieſer
1412 1105 247 34 Kontursſache,
1704 1112 60 24 und
1791 1110 44 26 im
1867 1107 343 36 Richterzieiungsfalle

1180 1151 51 30 zur
1253 1144 200 34 Beſtaͤrigung
1474 1147 68 25 oder
1563 1144 97 35 Wahl
1678 1146 83 27 eines
1781 1145 428 35 Vermoͤgens-Verwalters

1179 1185 62 24 und
1252 1181 201 29 Kreditoren?
1464 1177 194 46 Ausſchuſſes
1679 1187 61 24 und
1761 1189 50 30 zur
1840 1182 217 35 Beuͤimmung
2079 1186 131 25 anderer

1179 1219 74 32 dieſe
1280 1218 104 32 Maſſa
1411 1219 199 34 betreffender
1638 1218 276 36 Angelegenheiten
1933 1221 67 26 eine
2019 1218 191 36 Tagſatzung

1178 1257 52 32 auf
1244 1261 51 23 den
1313 1264 48 27 13.
1373 1256 169 33 naͤmlichen
1554 1256 141 30 Monats
1705 1254 84 40 urit
1800 1258 65 35 Uhr
1876 1252 221 38 Vormittagn
2116 1256 96 32 dieſer

1177 1294 321 37 Landgerichtstanztei
1514 1298 197 30 angeordnet,
1725 1296 180 28 beiweicher
1914 1289 180 46 ſaͤmmtliche
2105 1293 106 29 Gläu⸗

1177 1333 81 32 biger
1282 1339 49 20 um
1356 1331 28 33 ſo
1405 1330 135 36 gewiſſer
1558 1338 35 29 zu
1611 1331 163 34 erſcheinen
1806 1332 121 35 haben,
1951 1332 50 27 als
2024 1332 46 26 die
2102 1330 109 40 Nicht⸗

1177 1370 220 33 erſcheinenden
1428 1372 55 24 den
1518 1368 195 35 Beſchluͤſſen
1739 1373 50 24 der
1824 1369 209 35 Anweſenden
2065 1368 145 35 beigetre⸗

1167 1413 64 32 ten
1252 1409 127 33 geachtet
1403 1404 141 30 wuͤrden.

1175 1437 126 46 Kaiſerl.
1309 1442 125 35 Konigl.
1445 1442 193 36 Landgericht
1647 1442 166 30 Dornbirn
1824 1451 50 20 am
1885 1447 31 29 8.
1920 1442 178 34 November
2112 1446 98 33 1819.

1236 1488 150 24 ————
1612 1480 66 28 Dr.
1705 1481 232 37 Mosbrugger,
1967 1479 201 42 Landrichter.

1174 1556 22 21 2
1549 1552 91 31 Ed
1688 1555 138 28 itt.
2035 1560 79 32 U

1260 1586 44 29 Es
1339 1590 77 28 wird
1449 1590 109 36 hiemit
1590 1592 132 28 bekannt
1744 1594 153 33 gegeben,
1928 1593 58 32 daß
2011 1592 203 36 Magdalena

1175 1623 167 44 Barwart,
1366 1628 177 35 geehelichte
1562 1627 131 30 Martin
1714 1630 35 36 zu.
1766 1629 139 34 Weiler,
1928 1638 102 27 wegen
2055 1630 159 33 Bloͤdſinn

1174 1668 89 22 unter
1293 1664 127 28 Cuxatet
1451 1666 131 34 geſtellt,
1616 1671 63 24 und
1710 1666 92 36 daher
1835 1669 72 32 nach
1932 1672 67 23 dem
2023 1668 111 34 Rechte
2159 1674 53 23 der

1174 1698 271 42 Minderjahrigen
1466 1705 31 25 in
1513 1702 281 36 Rechtsgeſchaͤften
1812 1705 164 35 behandelt
1996 1708 116 31 werde,
2132 1713 81 21 wor⸗

1173 1740 71 30 nach
1268 1739 47 32 ſich
1339 1739 178 32 jedermann
1543 1747 33 28 zu
1602 1742 110 31 richten
1737 1741 102 31 wiſſen
1865 1744 158 26 wird.

1172 1775 40 27 K.
1224 1776 39 27 R.
1284 1773 100 30 Civils
1395 1784 34 22 u.
1449 1769 273 51 Krimĩinalgericht
1730 1776 150 36 Seidtirch
1890 1782 56 23 den
1961 1782 33 29 8.
2007 1777 90 30 Nov.
2120 1782 99 34 1819.

1349 1812 85 38 Joh.
1463 1812 107 35 Georg
1599 1812 272 39 Berreitter,
1908 1815 130 35 Praſes.

1615 1849 181 34 Rungger,
1823 1853 25 24 t.
1873 1852 23 26 tk.
1922 1852 97 32 Nath.

1624 1885 64 27 Dr.
1714 1886 148 31 Gruͤßer,
1863 1881 48 43 k.
1921 1888 37 26 t.
1982 1886 101 34 Rath.

1496 1919 100 37 Franz
1619 1920 107 29 Ritter
1743 1930 29 20 v.
1795 1922 186 37 Haflmayr,
2000 1922 168 31 Sekretaͤr.

1174 1998 21 20 2
1429 1987 238 50 Ediktate«
1689 1995 261 38 Vorladung.

1185 2027 133 43 Da
1343 2031 231 34 nachſtehende,
1598 2032 167 30 unwiſſend
1798 2040 47 21 wo
1869 2034 192 33 abweſende,
2085 2034 125 35 ſaͤmmt⸗

1170 2065 52 32 lich
1247 2068 42 26 im
1315 2065 303 38 Magikratsbezirke
1653 2070 114 34 Botzen
1799 2071 151 34 geborne,
1983 2076 68 25 oder
2075 2075 126 28 domici⸗

1175 2104 67 27 lirte
1264 2104 224 33 Jndividuen,
1515 2107 49 27 als

1370 2141 81 33 Zur
1485 2143 139 30 Stadt
1656 2143 147 35 Botzen
1835 2143 218 37 gehorig.
2024 2137 32 47 .

1218 2175 187 38 Wencggſia
1429 2179 173 38 Leonhard,
1634 2184 126 32 geboren
1782 2188 51 22 am
1865 2190 56 29 25.
1951 2182 131 31 Bttober
2112 2185 101 36 1796.

1219 2213 101 30 Murr
1343 2217 157 35 Sohann,
1870 2228 53 20 22.
1948 2221 80 28 Maͤr
2111 2230 17 19 —

1218 2250 105 33 Selſer
1347 2255 128 33 Auton,
1703 2267 15 14 —
1891 2265 35 28 9.
1951 2228 129 59 Jier
2129 2225 69 75 33.

1217 2288 82 29 Kink
1323 2290 143 35 Soſeph,
1855 2302 75 29 29.
1955 2295 114 35 Maͤrz
2111 2303 101 29 27593.

1218 2325 131 34 Aichner
1371 2329 122 37 Franz,
1693 2323 24 48 au
1908 2341 29 19 .
1962 2332 89 32 April
2111 2341 102 29 1599.

1217 2362 182 36 Lampacher
1422 2367 160 35 Thomas,
1886 2377 51 20 I0.
1962 2369 80 36 Julih
2112 2378 104 28 1755.

1218 2404 203 34 Kreitzweger
1441 2405 152 33 Johann,
1805 2416 14 15 D
1884 2407 55 27 26.
1962 2408 92 34 Juny
2110 2415 105 30 1709.

1221 2439 148 35 Baidauf
1389 2443 123 34 Geosrg,
1695 2452 14 16 3
1905 2452 33 27 3.
1962 2443 118 34 ZAiprii
2116 2446 101 35 1765.

1222 2477 229 35 Tſchammerin
1473 2479 141 35 Jeſeph,
1699 2490 13 14 —
1881 2489 53 20 a22.
1958 2480 133 34 Februar
2112 2490 104 29 1795.

1221 2515 188 34 Pittſchiller
1432 2517 115 34 Petec,
1698 2528 18 15 —
1886 2526 54 29 19.
1967 2518 128 30 Qktober
2121 2527 96 31 1795.

1223 2553 153 35 Auguſtin
1397 2555 99 35 Franz
1517 2554 198 35 Seſeph,⸗
1801 2564 14 17 2
1886 2563 56 27 31.
1966 2555 95 38 Maͤrz
2118 2558 100 35 1765.

1199 2590 192 34 Schermer
1417 2591 156 35 Michaet,
1683 2594 27 23 E
1879 2601 54 19 A2.
1958 2593 133 31 Februar
2115 2601 100 30 1759.

1221 2629 202 32 Gansbacher
1447 2629 127 35 Georg,
1698 2639 14 15 7
1883 2637 50 28 13.
1959 2630 87 33 April
2115 2638 103 29 2295.

1221 2667 114 35 Holzer
1356 2667 156 34 Johann,
1874 2675 54 19 20.
1952 2667 78 35 Dez.
2110 2672 107 31 1798.

1223 2704 111 32 Gaffer
1356 2705 155 33 Sohann,
1878 2704 53 28 26.
1955 2704 80 35 Zuiy
2115 2710 96 30 1708.

1223 2741 138 29 Sartori
1385 2742 124 34 Georg;
1882 2750 50 19 I10.
1955 2741 82 34 Zuiy
2114 2749 102 29 1799.

1182 2779 79 34 Zue
1284 2778 428 35 Rarcgemeindα
1736 2777 257 37 Magrμʒ
1957 2765 60 55 Hn
2030 2779 65 35 eh
2109 2778 106 36 tι

1229 2815 118 30 Ramm
1371 2816 137 34 Joſeph,
1531 2816 128 34 geboren
1683 2822 50 21 am
1778 2824 32 19 18.
1836 2815 97 36 Marz
1957 2822 94 28 1797.

1269 2854 78 32 Zur
1379 2854 365 33 Ruralgemeinde
1775 2852 135 28 Gries
1940 2853 188 35 gehdrig.

1225 2891 127 35 Pircher
1375 2892 152 34 Johann,
1550 2889 129 35 geboren
1703 2898 49 20 am
1775 2894 33 27 8.
1832 2888 173 30 November
2028 2894 98 32 1795.

1226 2929 145 34 woͤlſerer
1393 2929 136 34 JZoſeph,
1617 2938 14 14 d
1777 2935 33 26 4.
1836 2926 176 29 November
2036 2934 137 31 1295.

1259 2966 80 32 Züur
1371 2965 356 35 Ruralgemeinde
1757 2963 164 33 Leifers
1954 2964 240 36 sehörrtg.

1229 3003 103 34 Mayr
1356 3005 119 33 Jakob,
1498 3003 127 35 geboren
1650 3009 49 20 am
1723 3008 31 26 4.
1780 3000 83 34 Juiy
1889 3001 94 36 1796.

1228 3041 143 34 Pſenner
1394 3042 123 30 Anton,
1720 3042 31 28 B.
1776 3037 80 36 Dez.
1886 3043 94 31 1797.

1229 3078 193 29 Summerer
1444 3078 125 32 Anton,
1666 3084 87 19 2t.
1780 3074 115 35 Auguſt
1919 3074 85 39 1796

1186 3119 56 25 das
1274 3115 73 30 Loos
1376 3117 91 33 theils
1493 3123 51 28 zur
1572 3114 166 31 wirklichen
1765 3111 194 36 Einreihung“
1993 3113 46 28 bei
2060 3114 67 29 dem
2146 3114 76 32 isbt.

1187 3154 299 35 Jaͤger⸗-Regiment
1521 3151 128 32 Kaiſer,
1686 3150 91 35 theils
1808 3156 52 29 zur
1888 3150 133 32 Reſerve
2053 3154 170 33 getroffen,

1187 3195 120 26 werden
1327 3192 76 31 ſeibe
1425 3191 106 34 hiemit
1550 3189 223 34 aufgefordert,
1798 3187 116 29 binnen
1938 3191 55 25 den
2015 3187 129 31 Termin
2162 3196 75 24 voſt

1187 3237 21 28 4
1231 3228 132 36 Wochen
1386 3235 59 21 von
1476 3227 86 35 heute
1588 3234 41 19 an
1631 3221 219 48 gerechnet,
1866 3233 91 22 wenn
2001 3226 76 34 ſelve
2103 3230 31 25 in
2172 3232 53 26 der

1188 3267 141 36 Provinz
1341 3258 106 49 Tyrol
1458 3268 69 25 und
1547 3263 204 33 Vorariberg!
1784 3266 80 24 und
1883 3263 166 33 binnen8
2073 3264 156 37 Wochen,

1188 3311 91 25 wenn
1310 3305 77 35 feibe
1419 3302 91 35 außer
1540 3300 150 39 gedachter
1719 3299 143 38 Provinz
1886 3302 51 36 ſich
1970 3302 179 37 aufhalten,
2178 3304 51 31 bel
