<?xml version="1.0" encoding="UTF-8"?>
<alto xmlns="http://www.loc.gov/standards/alto/ns-v3#" xmlns:xlink="http://www.w3.org/1999/xlink" xmlns:xsi="http://www.w3.org/2001/XMLSchema-instance" xsi:schemaLocation="http://www.loc.gov/standards/alto/ns-v3# http://www.loc.gov/alto/v3/alto-3-0.xsd">
	<Description>
		<MeasurementUnit>pixel</MeasurementUnit>
		<sourceImageInformation>
			<fileName>			</fileName>
		</sourceImageInformation>
		<OCRProcessing ID="OCR_0">
			<ocrProcessingStep>
				<processingSoftware>
					<softwareName>tesseract v4.1.0-elag2019</softwareName>
				</processingSoftware>
			</ocrProcessingStep>
		</OCRProcessing>
	</Description>
	<Layout>
		<Page WIDTH="2339" HEIGHT="3659" PHYSICAL_IMG_NR="0" ID="page_0">
			<PrintSpace HPOS="0" VPOS="0" WIDTH="2339" HEIGHT="3659">
				<TextBlock ID="block_0" HPOS="292" VPOS="857" WIDTH="617" HEIGHT="12">
					<TextLine ID="line_0" HPOS="292" VPOS="857" WIDTH="617" HEIGHT="12">
						<String ID="string_0" HPOS="292" VPOS="857" WIDTH="617" HEIGHT="12" WC="0.95" CONTENT=" "/>
					</TextLine>
				</TextBlock>
				<TextBlock ID="block_1" HPOS="175" VPOS="893" WIDTH="179" HEIGHT="47">
					<TextLine ID="line_1" HPOS="175" VPOS="893" WIDTH="179" HEIGHT="47">
						<String ID="string_1" HPOS="175" VPOS="893" WIDTH="179" HEIGHT="47" WC="0.89" CONTENT="Montag"/>
					</TextLine>
				</TextBlock>
				<TextBlock ID="block_2" HPOS="192" VPOS="106" WIDTH="2041" HEIGHT="773">
					<TextLine ID="line_2" HPOS="192" VPOS="106" WIDTH="2041" HEIGHT="773">
						<String ID="string_2" HPOS="192" VPOS="106" WIDTH="2041" HEIGHT="773" WC="0.95" CONTENT=" "/>
					</TextLine>
				</TextBlock>
				<TextBlock ID="block_3" HPOS="1056" VPOS="895" WIDTH="201" HEIGHT="50">
					<TextLine ID="line_3" HPOS="1056" VPOS="895" WIDTH="201" HEIGHT="50">
						<String ID="string_3" HPOS="1056" VPOS="895" WIDTH="104" HEIGHT="40" WC="0.75" CONTENT="Nro"/><SP WIDTH="30" VPOS="895" HPOS="1160"/>
						<String ID="string_4" HPOS="1190" VPOS="906" WIDTH="67" HEIGHT="39" WC="0.78" CONTENT="93."/>
					</TextLine>
				</TextBlock>
				<TextBlock ID="block_4" HPOS="1473" VPOS="856" WIDTH="599" HEIGHT="12">
					<TextLine ID="line_4" HPOS="1473" VPOS="856" WIDTH="599" HEIGHT="12">
						<String ID="string_5" HPOS="1473" VPOS="856" WIDTH="599" HEIGHT="12" WC="0.95" CONTENT=" "/>
					</TextLine>
				</TextBlock>
				<TextBlock ID="block_5" HPOS="1826" VPOS="894" WIDTH="360" HEIGHT="48">
					<TextLine ID="line_5" HPOS="1826" VPOS="894" WIDTH="360" HEIGHT="48">
						<String ID="string_6" HPOS="1826" VPOS="906" WIDTH="64" HEIGHT="26" WC="0.42" CONTENT="—"/><SP WIDTH="-22" VPOS="906" HPOS="1890"/>
						<String ID="string_7" HPOS="1868" VPOS="890" WIDTH="43" HEIGHT="56" WC="0.36" CONTENT="—Ä"/><SP WIDTH="11" VPOS="890" HPOS="1911"/>
						<String ID="string_8" HPOS="1922" VPOS="894" WIDTH="115" HEIGHT="39" WC="0.55" CONTENT=" —"/><SP WIDTH="32" VPOS="894" HPOS="2037"/>
						<String ID="string_9" HPOS="2069" VPOS="902" WIDTH="117" HEIGHT="40" WC="0.55" CONTENT="—"/>
					</TextLine>
				</TextBlock>
				<TextBlock ID="block_6" HPOS="126" VPOS="957" WIDTH="2109" HEIGHT="20">
					<TextLine ID="line_6" HPOS="126" VPOS="957" WIDTH="2109" HEIGHT="20">
						<String ID="string_10" HPOS="126" VPOS="957" WIDTH="2109" HEIGHT="20" WC="0.95" CONTENT=" "/>
					</TextLine>
				</TextBlock>
				<TextBlock ID="block_7" HPOS="504" VPOS="974" WIDTH="1330" HEIGHT="60">
					<TextLine ID="line_7" HPOS="504" VPOS="974" WIDTH="1330" HEIGHT="60">
						<String ID="string_11" HPOS="504" VPOS="987" WIDTH="167" HEIGHT="47" WC="0.91" CONTENT="Redigirt"/><SP WIDTH="30" VPOS="987" HPOS="671"/>
						<String ID="string_12" HPOS="701" VPOS="974" WIDTH="61" HEIGHT="60" WC="0.91" CONTENT="von"/><SP WIDTH="24" VPOS="974" HPOS="762"/>
						<String ID="string_13" HPOS="786" VPOS="992" WIDTH="195" HEIGHT="38" WC="0.84" CONTENT="Caſimir"/><SP WIDTH="23" VPOS="992" HPOS="981"/>
						<String ID="string_14" HPOS="1004" VPOS="993" WIDTH="290" HEIGHT="36" WC="0.90" CONTENT="Schumacher"/><SP WIDTH="30" VPOS="993" HPOS="1294"/>
						<String ID="string_15" HPOS="1324" VPOS="994" WIDTH="61" HEIGHT="28" WC="0.91" CONTENT="und"/><SP WIDTH="31" VPOS="994" HPOS="1385"/>
						<String ID="string_16" HPOS="1416" VPOS="992" WIDTH="42" HEIGHT="30" WC="0.92" CONTENT="im"/><SP WIDTH="34" VPOS="992" HPOS="1458"/>
						<String ID="string_17" HPOS="1492" VPOS="992" WIDTH="141" HEIGHT="38" WC="0.91" CONTENT="Verlage"/><SP WIDTH="31" VPOS="992" HPOS="1633"/>
						<String ID="string_18" HPOS="1664" VPOS="989" WIDTH="170" HEIGHT="38" WC="0.84" CONTENT="desſelben."/>
					</TextLine>
				</TextBlock>
				<TextBlock ID="block_8" HPOS="126" VPOS="1033" WIDTH="2115" HEIGHT="17">
					<TextLine ID="line_8" HPOS="126" VPOS="1033" WIDTH="2115" HEIGHT="17">
						<String ID="string_19" HPOS="126" VPOS="1033" WIDTH="2115" HEIGHT="17" WC="0.95" CONTENT=" "/>
					</TextLine>
				</TextBlock>
				<TextBlock ID="block_9" HPOS="102" VPOS="1075" WIDTH="1044" HEIGHT="221">
					<TextLine ID="line_9" HPOS="449" VPOS="1075" WIDTH="485" HEIGHT="34">
						<String ID="string_20" HPOS="449" VPOS="1075" WIDTH="26" HEIGHT="28" WC="0.24" CONTENT="O"/><SP WIDTH="-1" VPOS="1075" HPOS="475"/>
						<String ID="string_21" HPOS="474" VPOS="1071" WIDTH="87" HEIGHT="44" WC="0.19" CONTENT="eſt"/><SP WIDTH="24" VPOS="1071" HPOS="561"/>
						<String ID="string_22" HPOS="585" VPOS="1075" WIDTH="270" HEIGHT="34" WC="0.50" CONTENT="erreich."/>
					</TextLine>
					<TextLine ID="line_10" HPOS="209" VPOS="1111" WIDTH="936" HEIGHT="37">
						<String ID="string_23" HPOS="209" VPOS="1111" WIDTH="136" HEIGHT="32" WC="0.91" CONTENT="Wien,"/><SP WIDTH="35" VPOS="1111" HPOS="345"/>
						<String ID="string_24" HPOS="380" VPOS="1114" WIDTH="55" HEIGHT="26" WC="0.89" CONTENT="den"/><SP WIDTH="28" VPOS="1114" HPOS="435"/>
						<String ID="string_25" HPOS="463" VPOS="1111" WIDTH="49" HEIGHT="35" WC="0.89" CONTENT="16."/><SP WIDTH="31" VPOS="1111" HPOS="512"/>
						<String ID="string_26" HPOS="543" VPOS="1112" WIDTH="75" HEIGHT="30" WC="0.86" CONTENT="Nov"/><SP WIDTH="58" VPOS="1112" HPOS="618"/>
						<String ID="string_27" HPOS="676" VPOS="1114" WIDTH="77" HEIGHT="34" WC="0.88" CONTENT="Der"/><SP WIDTH="30" VPOS="1114" HPOS="753"/>
						<String ID="string_28" HPOS="783" VPOS="1115" WIDTH="112" HEIGHT="33" WC="0.83" CONTENT="koͤnigt."/><SP WIDTH="21" VPOS="1115" HPOS="895"/>
						<String ID="string_29" HPOS="916" VPOS="1112" WIDTH="229" HEIGHT="35" WC="0.36" CONTENT="hanndver&#39;ſche"/>
					</TextLine>
					<TextLine ID="line_11" HPOS="124" VPOS="1148" WIDTH="1022" HEIGHT="38">
						<String ID="string_30" HPOS="124" VPOS="1148" WIDTH="142" HEIGHT="30" WC="0.61" CONTENT="Staats⸗"/><SP WIDTH="31" VPOS="1148" HPOS="266"/>
						<String ID="string_31" HPOS="297" VPOS="1153" WIDTH="65" HEIGHT="33" WC="0.65" CONTENT="und"/><SP WIDTH="31" VPOS="1153" HPOS="362"/>
						<String ID="string_32" HPOS="393" VPOS="1149" WIDTH="302" HEIGHT="35" WC="0.70" CONTENT="Cabinettsminiſter"/><SP WIDTH="31" VPOS="1149" HPOS="695"/>
						<String ID="string_33" HPOS="726" VPOS="1151" WIDTH="87" HEIGHT="32" WC="0.91" CONTENT="Graf"/><SP WIDTH="28" VPOS="1151" HPOS="813"/>
						<String ID="string_34" HPOS="841" VPOS="1159" WIDTH="76" HEIGHT="25" WC="0.77" CONTENT="von"/><SP WIDTH="12" VPOS="1159" HPOS="917"/>
						<String ID="string_35" HPOS="929" VPOS="1144" WIDTH="217" HEIGHT="46" WC="0.74" CONTENT="Muünſter,"/>
					</TextLine>
					<TextLine ID="line_12" HPOS="125" VPOS="1186" WIDTH="1020" HEIGHT="38">
						<String ID="string_36" HPOS="125" VPOS="1190" WIDTH="60" HEIGHT="23" WC="0.92" CONTENT="und"/><SP WIDTH="21" VPOS="1190" HPOS="185"/>
						<String ID="string_37" HPOS="206" VPOS="1191" WIDTH="47" HEIGHT="23" WC="0.92" CONTENT="der"/><SP WIDTH="24" VPOS="1191" HPOS="253"/>
						<String ID="string_38" HPOS="277" VPOS="1186" WIDTH="125" HEIGHT="36" WC="0.41" CONTENT="herzoat."/><SP WIDTH="22" VPOS="1186" HPOS="402"/>
						<String ID="string_39" HPOS="424" VPOS="1188" WIDTH="177" HEIGHT="33" WC="0.92" CONTENT="naſſauiſche"/><SP WIDTH="19" VPOS="1188" HPOS="601"/>
						<String ID="string_40" HPOS="620" VPOS="1188" WIDTH="261" HEIGHT="36" WC="0.92" CONTENT="Staatsminiſter"/><SP WIDTH="29" VPOS="1188" HPOS="881"/>
						<String ID="string_41" HPOS="910" VPOS="1188" WIDTH="141" HEIGHT="35" WC="0.82" CONTENT="Freiherr"/><SP WIDTH="34" VPOS="1188" HPOS="1051"/>
						<String ID="string_42" HPOS="1085" VPOS="1196" WIDTH="60" HEIGHT="21" WC="0.92" CONTENT="von"/>
					</TextLine>
					<TextLine ID="line_13" HPOS="102" VPOS="1223" WIDTH="656" HEIGHT="36">
						<String ID="string_43" HPOS="102" VPOS="1223" WIDTH="251" HEIGHT="33" WC="0.54" CONTENT="Marſchalt"/><SP WIDTH="25" VPOS="1223" HPOS="353"/>
						<String ID="string_44" HPOS="378" VPOS="1224" WIDTH="60" HEIGHT="33" WC="0.79" CONTENT="ſind"/><SP WIDTH="26" VPOS="1224" HPOS="438"/>
						<String ID="string_45" HPOS="464" VPOS="1225" WIDTH="63" HEIGHT="33" WC="0.92" CONTENT="hier"/><SP WIDTH="23" VPOS="1225" HPOS="527"/>
						<String ID="string_46" HPOS="550" VPOS="1226" WIDTH="208" HEIGHT="33" WC="0.90" CONTENT="eingetroffen."/>
					</TextLine>
					<TextLine ID="line_14" HPOS="492" VPOS="1263" WIDTH="267" HEIGHT="33">
						<String ID="string_47" HPOS="492" VPOS="1263" WIDTH="29" HEIGHT="33" WC="0.89" CONTENT="J"/><SP WIDTH="28" VPOS="1263" HPOS="521"/>
						<String ID="string_48" HPOS="549" VPOS="1267" WIDTH="10" HEIGHT="23" WC="0.81" CONTENT="t"/><SP WIDTH="24" VPOS="1267" HPOS="559"/>
						<String ID="string_49" HPOS="583" VPOS="1264" WIDTH="120" HEIGHT="26" WC="0.36" CONTENT="alie"/><SP WIDTH="25" VPOS="1264" HPOS="703"/>
						<String ID="string_50" HPOS="728" VPOS="1271" WIDTH="31" HEIGHT="21" WC="0.57" CONTENT="n."/>
					</TextLine>
				</TextBlock>
				<TextBlock ID="block_10" HPOS="127" VPOS="1289" WIDTH="1046" HEIGHT="82">
					<TextLine ID="line_15" HPOS="216" VPOS="1289" WIDTH="930" HEIGHT="45">
						<String ID="string_51" HPOS="216" VPOS="1296" WIDTH="179" HEIGHT="34" WC="0.84" CONTENT="Neapel,"/><SP WIDTH="23" VPOS="1296" HPOS="395"/>
						<String ID="string_52" HPOS="418" VPOS="1300" WIDTH="54" HEIGHT="26" WC="0.91" CONTENT="den"/><SP WIDTH="15" VPOS="1300" HPOS="472"/>
						<String ID="string_53" HPOS="487" VPOS="1306" WIDTH="32" HEIGHT="28" WC="0.46" CONTENT="3."/><SP WIDTH="26" VPOS="1306" HPOS="519"/>
						<String ID="string_54" HPOS="545" VPOS="1300" WIDTH="86" HEIGHT="28" WC="0.0" CONTENT="Nev."/><SP WIDTH="18" VPOS="1300" HPOS="631"/>
						<String ID="string_55" HPOS="649" VPOS="1285" WIDTH="86" HEIGHT="53" WC="0.90" CONTENT="Die"/><SP WIDTH="8" VPOS="1285" HPOS="735"/>
						<String ID="string_56" HPOS="743" VPOS="1285" WIDTH="198" HEIGHT="53" WC="0.56" CONTENT="Kommiſſton"/><SP WIDTH="25" VPOS="1285" HPOS="941"/>
						<String ID="string_57" HPOS="966" VPOS="1292" WIDTH="53" HEIGHT="38" WC="0.92" CONTENT="des"/><SP WIDTH="18" VPOS="1292" HPOS="1019"/>
						<String ID="string_58" HPOS="1037" VPOS="1290" WIDTH="109" HEIGHT="44" WC="0.64" CONTENT="offent⸗"/>
					</TextLine>
					<TextLine ID="line_16" HPOS="127" VPOS="1334" WIDTH="1046" HEIGHT="37">
						<String ID="string_59" HPOS="127" VPOS="1334" WIDTH="91" HEIGHT="29" WC="0.87" CONTENT="lichen"/><SP WIDTH="28" VPOS="1334" HPOS="218"/>
						<String ID="string_60" HPOS="246" VPOS="1336" WIDTH="208" HEIGHT="29" WC="0.92" CONTENT="Unterrichts,"/><SP WIDTH="25" VPOS="1336" HPOS="454"/>
						<String ID="string_61" HPOS="479" VPOS="1338" WIDTH="70" HEIGHT="29" WC="0.76" CONTENT="ſiets"/><SP WIDTH="22" VPOS="1338" HPOS="549"/>
						<String ID="string_62" HPOS="571" VPOS="1337" WIDTH="55" HEIGHT="33" WC="0.92" CONTENT="auf"/><SP WIDTH="16" VPOS="1337" HPOS="626"/>
						<String ID="string_63" HPOS="642" VPOS="1340" WIDTH="46" HEIGHT="31" WC="0.92" CONTENT="die"/><SP WIDTH="16" VPOS="1340" HPOS="688"/>
						<String ID="string_64" HPOS="704" VPOS="1338" WIDTH="191" HEIGHT="33" WC="0.91" CONTENT="Fortſchritte"/><SP WIDTH="20" VPOS="1338" HPOS="895"/>
						<String ID="string_65" HPOS="915" VPOS="1342" WIDTH="49" HEIGHT="22" WC="0.91" CONTENT="der"/><SP WIDTH="20" VPOS="1342" HPOS="964"/>
						<String ID="string_66" HPOS="984" VPOS="1338" WIDTH="189" HEIGHT="33" WC="0.6" CONTENT="nutziichen"/>
					</TextLine>
				</TextBlock>
				<TextBlock ID="block_11" HPOS="126" VPOS="1371" WIDTH="1020" HEIGHT="37">
					<TextLine ID="line_17" HPOS="126" VPOS="1371" WIDTH="1020" HEIGHT="37">
						<String ID="string_67" HPOS="126" VPOS="1371" WIDTH="243" HEIGHT="31" WC="0.87" CONTENT="Wiſſenſchaften"/><SP WIDTH="20" VPOS="1371" HPOS="369"/>
						<String ID="string_68" HPOS="389" VPOS="1375" WIDTH="136" HEIGHT="29" WC="0.91" CONTENT="vedacht,"/><SP WIDTH="27" VPOS="1375" HPOS="525"/>
						<String ID="string_69" HPOS="552" VPOS="1377" WIDTH="150" HEIGHT="26" WC="0.83" CONTENT="errichtete"/><SP WIDTH="21" VPOS="1377" HPOS="702"/>
						<String ID="string_70" HPOS="723" VPOS="1378" WIDTH="41" HEIGHT="24" WC="0.83" CONTENT="im"/><SP WIDTH="20" VPOS="1378" HPOS="764"/>
						<String ID="string_71" HPOS="784" VPOS="1376" WIDTH="110" HEIGHT="32" WC="0.52" CONTENT="koͤnigi."/><SP WIDTH="26" VPOS="1376" HPOS="894"/>
						<String ID="string_72" HPOS="920" VPOS="1375" WIDTH="226" HEIGHT="33" WC="0.76" CONTENT="mediziniſchen"/>
					</TextLine>
				</TextBlock>
				<TextBlock ID="block_12" HPOS="125" VPOS="1408" WIDTH="1050" HEIGHT="76">
					<TextLine ID="line_18" HPOS="125" VPOS="1408" WIDTH="1050" HEIGHT="38">
						<String ID="string_73" HPOS="125" VPOS="1408" WIDTH="173" HEIGHT="32" WC="0.80" CONTENT="Kolltgium"/><SP WIDTH="31" VPOS="1408" HPOS="298"/>
						<String ID="string_74" HPOS="329" VPOS="1411" WIDTH="63" HEIGHT="30" WC="0.92" CONTENT="eine"/><SP WIDTH="25" VPOS="1411" HPOS="392"/>
						<String ID="string_75" HPOS="417" VPOS="1410" WIDTH="184" HEIGHT="35" WC="0.86" CONTENT="Lehranſtalt"/><SP WIDTH="26" VPOS="1410" HPOS="601"/>
						<String ID="string_76" HPOS="627" VPOS="1411" WIDTH="50" HEIGHT="32" WC="0.46" CONTENT="fuͤr"/><SP WIDTH="29" VPOS="1411" HPOS="677"/>
						<String ID="string_77" HPOS="706" VPOS="1412" WIDTH="203" HEIGHT="34" WC="0.42" CONTENT="Apotheter,"/><SP WIDTH="19" VPOS="1412" HPOS="909"/>
						<String ID="string_78" HPOS="928" VPOS="1413" WIDTH="106" HEIGHT="28" WC="0.58" CONTENT="worin"/><SP WIDTH="34" VPOS="1413" HPOS="1034"/>
						<String ID="string_79" HPOS="1068" VPOS="1413" WIDTH="107" HEIGHT="33" WC="0.89" CONTENT="nicht"/>
					</TextLine>
					<TextLine ID="line_19" HPOS="127" VPOS="1445" WIDTH="1044" HEIGHT="39">
						<String ID="string_80" HPOS="127" VPOS="1450" WIDTH="59" HEIGHT="20" WC="0.89" CONTENT="nur"/><SP WIDTH="17" VPOS="1450" HPOS="186"/>
						<String ID="string_81" HPOS="203" VPOS="1445" WIDTH="53" HEIGHT="25" WC="0.65" CONTENT="alle"/><SP WIDTH="20" VPOS="1445" HPOS="256"/>
						<String ID="string_82" HPOS="276" VPOS="1447" WIDTH="89" HEIGHT="29" WC="0.62" CONTENT="dahin"/><SP WIDTH="20" VPOS="1447" HPOS="365"/>
						<String ID="string_83" HPOS="385" VPOS="1448" WIDTH="260" HEIGHT="33" WC="0.89" CONTENT="einſchiagenden,"/><SP WIDTH="32" VPOS="1448" HPOS="645"/>
						<String ID="string_84" HPOS="677" VPOS="1451" WIDTH="125" HEIGHT="30" WC="0.91" CONTENT="ſondern"/><SP WIDTH="19" VPOS="1451" HPOS="802"/>
						<String ID="string_85" HPOS="821" VPOS="1451" WIDTH="69" HEIGHT="30" WC="0.92" CONTENT="auch"/><SP WIDTH="20" VPOS="1451" HPOS="890"/>
						<String ID="string_86" HPOS="910" VPOS="1453" WIDTH="110" HEIGHT="23" WC="0.90" CONTENT="andere"/><SP WIDTH="20" VPOS="1453" HPOS="1020"/>
						<String ID="string_87" HPOS="1040" VPOS="1450" WIDTH="102" HEIGHT="32" WC="0.45" CONTENT="nutzii⸗"/>
					</TextLine>
				</TextBlock>
				<TextBlock ID="block_13" HPOS="125" VPOS="1481" WIDTH="1021" HEIGHT="149">
					<TextLine ID="line_20" HPOS="126" VPOS="1481" WIDTH="1019" HEIGHT="37">
						<String ID="string_88" HPOS="126" VPOS="1482" WIDTH="45" HEIGHT="27" WC="0.88" CONTENT="che"/><SP WIDTH="27" VPOS="1482" HPOS="171"/>
						<String ID="string_89" HPOS="198" VPOS="1481" WIDTH="242" HEIGHT="32" WC="0.35" CONTENT="Wiſſenſchaften"/><SP WIDTH="27" VPOS="1481" HPOS="440"/>
						<String ID="string_90" HPOS="467" VPOS="1485" WIDTH="113" HEIGHT="33" WC="0.46" CONTENT="geſehrt"/><SP WIDTH="14" VPOS="1485" HPOS="580"/>
						<String ID="string_91" HPOS="594" VPOS="1489" WIDTH="151" HEIGHT="28" WC="0.89" CONTENT="worden."/><SP WIDTH="56" VPOS="1489" HPOS="745"/>
						<String ID="string_92" HPOS="801" VPOS="1486" WIDTH="104" HEIGHT="27" WC="0.13" CONTENT="Dabel"/><SP WIDTH="32" VPOS="1486" HPOS="905"/>
						<String ID="string_93" HPOS="937" VPOS="1487" WIDTH="130" HEIGHT="31" WC="0.70" CONTENT="veftudet"/><SP WIDTH="29" VPOS="1487" HPOS="1067"/>
						<String ID="string_94" HPOS="1096" VPOS="1487" WIDTH="49" HEIGHT="31" WC="0.90" CONTENT="ſich"/>
					</TextLine>
					<TextLine ID="line_21" HPOS="126" VPOS="1518" WIDTH="1020" HEIGHT="37">
						<String ID="string_95" HPOS="126" VPOS="1518" WIDTH="68" HEIGHT="28" WC="0.92" CONTENT="auch"/><SP WIDTH="32" VPOS="1518" HPOS="194"/>
						<String ID="string_96" HPOS="226" VPOS="1520" WIDTH="47" HEIGHT="24" WC="0.93" CONTENT="ein"/><SP WIDTH="32" VPOS="1520" HPOS="273"/>
						<String ID="string_97" HPOS="305" VPOS="1521" WIDTH="199" HEIGHT="30" WC="0.83" CONTENT="anſehnlicher"/><SP WIDTH="31" VPOS="1521" HPOS="504"/>
						<String ID="string_98" HPOS="535" VPOS="1525" WIDTH="181" HEIGHT="26" WC="0.39" CONTENT="botaniicher"/><SP WIDTH="21" VPOS="1525" HPOS="716"/>
						<String ID="string_99" HPOS="737" VPOS="1522" WIDTH="123" HEIGHT="30" WC="0.90" CONTENT="Garten"/><SP WIDTH="31" VPOS="1522" HPOS="860"/>
						<String ID="string_100" HPOS="891" VPOS="1526" WIDTH="61" HEIGHT="24" WC="0.93" CONTENT="und"/><SP WIDTH="-6" VPOS="1526" HPOS="952"/>
						<String ID="string_101" HPOS="946" VPOS="1514" WIDTH="73" HEIGHT="46" WC="0.77" CONTENT="ein"/><SP WIDTH="11" VPOS="1514" HPOS="1019"/>
						<String ID="string_102" HPOS="1030" VPOS="1514" WIDTH="116" HEIGHT="46" WC="0.77" CONTENT="chemi⸗"/>
					</TextLine>
					<TextLine ID="line_22" HPOS="125" VPOS="1553" WIDTH="737" HEIGHT="39">
						<String ID="string_103" HPOS="125" VPOS="1553" WIDTH="75" HEIGHT="31" WC="0.91" CONTENT="ſches"/><SP WIDTH="22" VPOS="1553" HPOS="200"/>
						<String ID="string_104" HPOS="222" VPOS="1558" WIDTH="60" HEIGHT="22" WC="0.91" CONTENT="und"/><SP WIDTH="24" VPOS="1558" HPOS="282"/>
						<String ID="string_105" HPOS="306" VPOS="1559" WIDTH="284" HEIGHT="33" WC="0.67" CONTENT="pharmaceutiiches"/><SP WIDTH="24" VPOS="1559" HPOS="590"/>
						<String ID="string_106" HPOS="614" VPOS="1559" WIDTH="248" HEIGHT="33" WC="0.68" CONTENT="Laveratorium."/>
					</TextLine>
					<TextLine ID="line_23" HPOS="171" VPOS="1589" WIDTH="413" HEIGHT="41">
						<String ID="string_107" HPOS="211" VPOS="1589" WIDTH="196" HEIGHT="34" WC="0.12" CONTENT="Rom-den"/><SP WIDTH="17" VPOS="1589" HPOS="407"/>
						<String ID="string_108" HPOS="424" VPOS="1602" WIDTH="61" HEIGHT="26" WC="0.74" CONTENT="13."/><SP WIDTH="24" VPOS="1602" HPOS="485"/>
						<String ID="string_109" HPOS="509" VPOS="1596" WIDTH="75" HEIGHT="34" WC="0.89" CONTENT="Nov"/>
					</TextLine>
				</TextBlock>
				<TextBlock ID="block_14" HPOS="123" VPOS="1702" WIDTH="1023" HEIGHT="40">
					<TextLine ID="line_24" HPOS="123" VPOS="1702" WIDTH="1023" HEIGHT="40">
						<String ID="string_110" HPOS="123" VPOS="1707" WIDTH="107" HEIGHT="25" WC="0.0" CONTENT="mung."/><SP WIDTH="48" VPOS="1707" HPOS="230"/>
						<String ID="string_111" HPOS="278" VPOS="1702" WIDTH="75" HEIGHT="27" WC="0.89" CONTENT="Eine"/><SP WIDTH="18" VPOS="1702" HPOS="353"/>
						<String ID="string_112" HPOS="371" VPOS="1704" WIDTH="120" HEIGHT="31" WC="0.86" CONTENT="Fürſtin"/><SP WIDTH="16" VPOS="1704" HPOS="491"/>
						<String ID="string_113" HPOS="507" VPOS="1712" WIDTH="28" HEIGHT="20" WC="0.86" CONTENT="v."/><SP WIDTH="15" VPOS="1712" HPOS="535"/>
						<String ID="string_114" HPOS="550" VPOS="1705" WIDTH="170" HEIGHT="28" WC="0.67" CONTENT="Barberini"/><SP WIDTH="15" VPOS="1705" HPOS="720"/>
						<String ID="string_115" HPOS="735" VPOS="1706" WIDTH="94" HEIGHT="34" WC="0.89" CONTENT="Chigi"/><SP WIDTH="15" VPOS="1706" HPOS="829"/>
						<String ID="string_116" HPOS="844" VPOS="1713" WIDTH="61" HEIGHT="22" WC="0.89" CONTENT="und"/><SP WIDTH="18" VPOS="1713" HPOS="905"/>
						<String ID="string_117" HPOS="923" VPOS="1710" WIDTH="45" HEIGHT="25" WC="0.91" CONTENT="die"/><SP WIDTH="14" VPOS="1710" HPOS="968"/>
						<String ID="string_118" HPOS="982" VPOS="1709" WIDTH="164" HEIGHT="33" WC="0.85" CONTENT="Marquiſe"/>
					</TextLine>
				</TextBlock>
				<TextBlock ID="block_15" HPOS="123" VPOS="1736" WIDTH="1047" HEIGHT="44">
					<TextLine ID="line_25" HPOS="123" VPOS="1736" WIDTH="1047" HEIGHT="44">
						<String ID="string_119" HPOS="123" VPOS="1736" WIDTH="175" HEIGHT="30" WC="0.5" CONTENT="Morondo,"/><SP WIDTH="9" VPOS="1736" HPOS="298"/>
						<String ID="string_120" HPOS="307" VPOS="1747" WIDTH="58" HEIGHT="19" WC="0.64" CONTENT="von"/><SP WIDTH="26" VPOS="1747" HPOS="365"/>
						<String ID="string_121" HPOS="391" VPOS="1740" WIDTH="112" HEIGHT="27" WC="0.89" CONTENT="Genua"/><SP WIDTH="22" VPOS="1740" HPOS="503"/>
						<String ID="string_122" HPOS="525" VPOS="1748" WIDTH="151" HEIGHT="21" WC="0.89" CONTENT="vertraten"/><SP WIDTH="23" VPOS="1748" HPOS="676"/>
						<String ID="string_123" HPOS="699" VPOS="1745" WIDTH="84" HEIGHT="25" WC="0.30" CONTENT="dahei"/><SP WIDTH="16" VPOS="1745" HPOS="783"/>
						<String ID="string_124" HPOS="799" VPOS="1747" WIDTH="45" HEIGHT="23" WC="0.87" CONTENT="die"/><SP WIDTH="20" VPOS="1747" HPOS="844"/>
						<String ID="string_125" HPOS="864" VPOS="1745" WIDTH="218" HEIGHT="35" WC="0.39" CONTENT="Pathenſtele."/><SP WIDTH="24" VPOS="1745" HPOS="1082"/>
						<String ID="string_126" HPOS="1106" VPOS="1756" WIDTH="64" HEIGHT="21" WC="0.71" CONTENT="—"/>
					</TextLine>
				</TextBlock>
				<TextBlock ID="block_16" HPOS="122" VPOS="1775" WIDTH="1020" HEIGHT="38">
					<TextLine ID="line_26" HPOS="122" VPOS="1775" WIDTH="1020" HEIGHT="38">
						<String ID="string_127" HPOS="122" VPOS="1775" WIDTH="68" HEIGHT="26" WC="0.92" CONTENT="Der"/><SP WIDTH="18" VPOS="1775" HPOS="190"/>
						<String ID="string_128" HPOS="208" VPOS="1775" WIDTH="156" HEIGHT="33" WC="0.62" CONTENT="beruͤhmte"/><SP WIDTH="21" VPOS="1775" HPOS="364"/>
						<String ID="string_129" HPOS="385" VPOS="1777" WIDTH="122" HEIGHT="28" WC="0.92" CONTENT="Redner"/><SP WIDTH="25" VPOS="1777" HPOS="507"/>
						<String ID="string_130" HPOS="532" VPOS="1780" WIDTH="137" HEIGHT="33" WC="0.33" CONTENT="Monũg."/><SP WIDTH="21" VPOS="1780" HPOS="669"/>
						<String ID="string_131" HPOS="690" VPOS="1779" WIDTH="138" HEIGHT="31" WC="0.88" CONTENT="Bacolo,"/><SP WIDTH="18" VPOS="1779" HPOS="828"/>
						<String ID="string_132" HPOS="846" VPOS="1771" WIDTH="151" HEIGHT="46" WC="0.0" CONTENT="Biſchof?"/><SP WIDTH="10" VPOS="1771" HPOS="997"/>
						<String ID="string_133" HPOS="1007" VPOS="1789" WIDTH="58" HEIGHT="18" WC="0.65" CONTENT="von"/><SP WIDTH="20" VPOS="1789" HPOS="1065"/>
						<String ID="string_134" HPOS="1085" VPOS="1782" WIDTH="57" HEIGHT="31" WC="0.76" CONTENT="Fa⸗"/>
					</TextLine>
				</TextBlock>
				<TextBlock ID="block_17" HPOS="123" VPOS="1813" WIDTH="1047" HEIGHT="37">
					<TextLine ID="line_27" HPOS="123" VPOS="1813" WIDTH="1047" HEIGHT="37">
						<String ID="string_135" HPOS="123" VPOS="1813" WIDTH="139" HEIGHT="30" WC="0.58" CONTENT="maaoſta,"/><SP WIDTH="27" VPOS="1813" HPOS="262"/>
						<String ID="string_136" HPOS="289" VPOS="1814" WIDTH="79" HEIGHT="33" WC="0.90" CONTENT="giebt"/><SP WIDTH="14" VPOS="1814" HPOS="368"/>
						<String ID="string_137" HPOS="382" VPOS="1821" WIDTH="64" HEIGHT="19" WC="0.92" CONTENT="nun"/><SP WIDTH="19" VPOS="1821" HPOS="446"/>
						<String ID="string_138" HPOS="465" VPOS="1822" WIDTH="49" HEIGHT="19" WC="0.92" CONTENT="am"/><SP WIDTH="11" VPOS="1822" HPOS="514"/>
						<String ID="string_139" HPOS="525" VPOS="1816" WIDTH="163" HEIGHT="33" WC="0.0" CONTENT="romtſchen"/><SP WIDTH="17" VPOS="1816" HPOS="688"/>
						<String ID="string_140" HPOS="705" VPOS="1816" WIDTH="283" HEIGHT="34" WC="0.74" CONTENT="Archigymnaſtum"/><SP WIDTH="11" VPOS="1816" HPOS="988"/>
						<String ID="string_141" HPOS="999" VPOS="1819" WIDTH="171" HEIGHT="30" WC="0.64" CONTENT="wochente"/>
					</TextLine>
				</TextBlock>
				<TextBlock ID="block_18" HPOS="117" VPOS="1848" WIDTH="1033" HEIGHT="292">
					<TextLine ID="line_28" HPOS="117" VPOS="1848" WIDTH="1033" HEIGHT="37">
						<String ID="string_142" HPOS="117" VPOS="1848" WIDTH="58" HEIGHT="31" WC="0.34" CONTENT="tich"/><SP WIDTH="16" VPOS="1848" HPOS="175"/>
						<String ID="string_143" HPOS="191" VPOS="1852" WIDTH="135" HEIGHT="28" WC="0.42" CONTENT="aweimal"/><SP WIDTH="30" VPOS="1852" HPOS="326"/>
						<String ID="string_144" HPOS="356" VPOS="1850" WIDTH="115" HEIGHT="26" WC="0.43" CONTENT="Lectirn"/><SP WIDTH="33" VPOS="1850" HPOS="471"/>
						<String ID="string_145" HPOS="504" VPOS="1854" WIDTH="32" HEIGHT="22" WC="0.92" CONTENT="in"/><SP WIDTH="4" VPOS="1854" HPOS="536"/>
						<String ID="string_146" HPOS="540" VPOS="1844" WIDTH="76" HEIGHT="45" WC="0.30" CONTENT="der."/><SP WIDTH="10" VPOS="1844" HPOS="616"/>
						<String ID="string_147" HPOS="626" VPOS="1854" WIDTH="181" HEIGHT="28" WC="0.62" CONTENT="geiſtiichen"/><SP WIDTH="17" VPOS="1854" HPOS="807"/>
						<String ID="string_148" HPOS="824" VPOS="1854" WIDTH="88" HEIGHT="31" WC="0.0" CONTENT="Mtτ"/><SP WIDTH="5" VPOS="1854" HPOS="912"/>
						<String ID="string_149" HPOS="917" VPOS="1844" WIDTH="173" HEIGHT="45" WC="0.0" CONTENT="Nασmιν˖α"/><SP WIDTH="11" VPOS="1844" HPOS="1090"/>
						<String ID="string_150" HPOS="1101" VPOS="1848" WIDTH="49" HEIGHT="31" WC="0.23" CONTENT="bet"/>
					</TextLine>
					<TextLine ID="line_29" HPOS="122" VPOS="1885" WIDTH="1025" HEIGHT="33">
						<String ID="string_151" HPOS="122" VPOS="1886" WIDTH="120" HEIGHT="30" WC="0.70" CONTENT="weicher"/><SP WIDTH="18" VPOS="1886" HPOS="242"/>
						<String ID="string_152" HPOS="260" VPOS="1887" WIDTH="76" HEIGHT="26" WC="0.92" CONTENT="nicht"/><SP WIDTH="18" VPOS="1887" HPOS="336"/>
						<String ID="string_153" HPOS="354" VPOS="1886" WIDTH="57" HEIGHT="24" WC="0.84" CONTENT="nur"/><SP WIDTH="21" VPOS="1886" HPOS="411"/>
						<String ID="string_154" HPOS="432" VPOS="1888" WIDTH="42" HEIGHT="23" WC="0.92" CONTENT="die"/><SP WIDTH="20" VPOS="1888" HPOS="474"/>
						<String ID="string_155" HPOS="494" VPOS="1886" WIDTH="194" HEIGHT="31" WC="0.41" CONTENT="Studenken,"/><SP WIDTH="25" VPOS="1886" HPOS="688"/>
						<String ID="string_156" HPOS="713" VPOS="1886" WIDTH="127" HEIGHT="27" WC="0.83" CONTENT="ſondern"/><SP WIDTH="18" VPOS="1886" HPOS="840"/>
						<String ID="string_157" HPOS="858" VPOS="1889" WIDTH="84" HEIGHT="29" WC="0.90" CONTENT="auch"/><SP WIDTH="3" VPOS="1889" HPOS="942"/>
						<String ID="string_158" HPOS="945" VPOS="1886" WIDTH="118" HEIGHT="28" WC="0.71" CONTENT="andere"/><SP WIDTH="3" VPOS="1886" HPOS="1063"/>
						<String ID="string_159" HPOS="1066" VPOS="1881" WIDTH="81" HEIGHT="41" WC="0.71" CONTENT="Per⸗"/>
					</TextLine>
					<TextLine ID="line_30" HPOS="124" VPOS="1918" WIDTH="1022" HEIGHT="36">
						<String ID="string_160" HPOS="124" VPOS="1920" WIDTH="110" HEIGHT="29" WC="0.91" CONTENT="ſonen,"/><SP WIDTH="25" VPOS="1920" HPOS="234"/>
						<String ID="string_161" HPOS="259" VPOS="1920" WIDTH="154" HEIGHT="33" WC="0.58" CONTENT="beſonders"/><SP WIDTH="13" VPOS="1920" HPOS="413"/>
						<String ID="string_162" HPOS="426" VPOS="1927" WIDTH="73" HEIGHT="27" WC="0.90" CONTENT="vom"/><SP WIDTH="18" VPOS="1927" HPOS="499"/>
						<String ID="string_163" HPOS="517" VPOS="1920" WIDTH="292" HEIGHT="31" WC="0.31" CONTENT="Weitprieſterſtand"/><SP WIDTH="21" VPOS="1920" HPOS="809"/>
						<String ID="string_164" HPOS="830" VPOS="1926" WIDTH="61" HEIGHT="20" WC="0.90" CONTENT="und"/><SP WIDTH="17" VPOS="1926" HPOS="891"/>
						<String ID="string_165" HPOS="908" VPOS="1927" WIDTH="68" HEIGHT="23" WC="0.78" CONTENT="von"/><SP WIDTH="12" VPOS="1927" HPOS="976"/>
						<String ID="string_166" HPOS="988" VPOS="1918" WIDTH="158" HEIGHT="34" WC="0.46" CONTENT="religioͤten"/>
					</TextLine>
					<TextLine ID="line_31" HPOS="125" VPOS="1956" WIDTH="1021" HEIGHT="34">
						<String ID="string_167" HPOS="125" VPOS="1956" WIDTH="101" HEIGHT="26" WC="0.73" CONTENT="Orden"/><SP WIDTH="20" VPOS="1956" HPOS="226"/>
						<String ID="string_168" HPOS="246" VPOS="1958" WIDTH="174" HEIGHT="28" WC="0.66" CONTENT="ericheinen."/><SP WIDTH="18" VPOS="1958" HPOS="420"/>
						<String ID="string_169" HPOS="438" VPOS="1971" WIDTH="41" HEIGHT="4" WC="0.90" CONTENT="—"/><SP WIDTH="20" VPOS="1971" HPOS="479"/>
						<String ID="string_170" HPOS="499" VPOS="1958" WIDTH="210" HEIGHT="32" WC="0.68" CONTENT="Unausgeſetzt"/><SP WIDTH="30" VPOS="1958" HPOS="709"/>
						<String ID="string_171" HPOS="739" VPOS="1957" WIDTH="33" HEIGHT="30" WC="0.92" CONTENT="iſt"/><SP WIDTH="26" VPOS="1957" HPOS="772"/>
						<String ID="string_172" HPOS="798" VPOS="1959" WIDTH="48" HEIGHT="23" WC="0.93" CONTENT="der"/><SP WIDTH="21" VPOS="1959" HPOS="846"/>
						<String ID="string_173" HPOS="867" VPOS="1956" WIDTH="111" HEIGHT="32" WC="0.9" CONTENT="Zufluß"/><SP WIDTH="18" VPOS="1956" HPOS="978"/>
						<String ID="string_174" HPOS="996" VPOS="1963" WIDTH="60" HEIGHT="20" WC="0.92" CONTENT="von"/><SP WIDTH="21" VPOS="1963" HPOS="1056"/>
						<String ID="string_175" HPOS="1077" VPOS="1964" WIDTH="69" HEIGHT="20" WC="0.92" CONTENT="vor⸗"/>
					</TextLine>
					<TextLine ID="line_32" HPOS="125" VPOS="1993" WIDTH="1016" HEIGHT="32">
						<String ID="string_176" HPOS="125" VPOS="1994" WIDTH="127" HEIGHT="29" WC="0.89" CONTENT="nehinen"/><SP WIDTH="23" VPOS="1994" HPOS="252"/>
						<String ID="string_177" HPOS="275" VPOS="1993" WIDTH="169" HEIGHT="31" WC="0.90" CONTENT="Reiſenden"/><SP WIDTH="19" VPOS="1993" HPOS="444"/>
						<String ID="string_178" HPOS="463" VPOS="2001" WIDTH="60" HEIGHT="18" WC="0.93" CONTENT="von"/><SP WIDTH="4" VPOS="2001" HPOS="523"/>
						<String ID="string_179" HPOS="527" VPOS="1989" WIDTH="101" HEIGHT="41" WC="0.37" CONTENT="jeder"/><SP WIDTH="8" VPOS="1989" HPOS="628"/>
						<String ID="string_180" HPOS="636" VPOS="1994" WIDTH="134" HEIGHT="26" WC="0.17" CONTENT="Matien"/><SP WIDTH="25" VPOS="1994" HPOS="770"/>
						<String ID="string_181" HPOS="795" VPOS="1993" WIDTH="31" HEIGHT="25" WC="0.92" CONTENT="in"/><SP WIDTH="20" VPOS="1993" HPOS="826"/>
						<String ID="string_182" HPOS="846" VPOS="1993" WIDTH="73" HEIGHT="31" WC="0.92" CONTENT="dieſe"/><SP WIDTH="18" VPOS="1993" HPOS="919"/>
						<String ID="string_183" HPOS="937" VPOS="1993" WIDTH="204" HEIGHT="32" WC="0.78" CONTENT="Hauptſtadt,"/>
					</TextLine>
					<TextLine ID="line_33" HPOS="125" VPOS="2029" WIDTH="1019" HEIGHT="35">
						<String ID="string_184" HPOS="125" VPOS="2033" WIDTH="105" HEIGHT="23" WC="0.58" CONTENT="weiche"/><SP WIDTH="31" VPOS="2033" HPOS="230"/>
						<String ID="string_185" HPOS="261" VPOS="2031" WIDTH="102" HEIGHT="30" WC="0.92" CONTENT="unſere"/><SP WIDTH="32" VPOS="2031" HPOS="363"/>
						<String ID="string_186" HPOS="395" VPOS="2030" WIDTH="162" HEIGHT="34" WC="0.32" CONTENT="herriichen"/><SP WIDTH="32" VPOS="2030" HPOS="557"/>
						<String ID="string_187" HPOS="589" VPOS="2029" WIDTH="146" HEIGHT="34" WC="0.84" CONTENT="Tempei,"/><SP WIDTH="35" VPOS="2029" HPOS="735"/>
						<String ID="string_188" HPOS="770" VPOS="2029" WIDTH="156" HEIGHT="32" WC="0.90" CONTENT="Muſaͤen,"/><SP WIDTH="36" VPOS="2029" HPOS="926"/>
						<String ID="string_189" HPOS="962" VPOS="2029" WIDTH="182" HEIGHT="32" WC="0.82" CONTENT="Gallerien,"/>
					</TextLine>
					<TextLine ID="line_34" HPOS="124" VPOS="2066" WIDTH="1019" HEIGHT="35">
						<String ID="string_190" HPOS="124" VPOS="2066" WIDTH="213" HEIGHT="35" WC="0.88" CONTENT="Aiterthümer"/><SP WIDTH="33" VPOS="2066" HPOS="337"/>
						<String ID="string_191" HPOS="370" VPOS="2072" WIDTH="61" HEIGHT="22" WC="0.89" CONTENT="und"/><SP WIDTH="28" VPOS="2072" HPOS="431"/>
						<String ID="string_192" HPOS="459" VPOS="2071" WIDTH="108" HEIGHT="23" WC="0.92" CONTENT="andere"/><SP WIDTH="31" VPOS="2071" HPOS="567"/>
						<String ID="string_193" HPOS="598" VPOS="2067" WIDTH="244" HEIGHT="34" WC="0.45" CONTENT="ſehenswuürdige"/><SP WIDTH="17" VPOS="2067" HPOS="842"/>
						<String ID="string_194" HPOS="859" VPOS="2066" WIDTH="212" HEIGHT="35" WC="0.0" CONTENT="Gegenſtagbe"/><SP WIDTH="24" VPOS="2066" HPOS="1071"/>
						<String ID="string_195" HPOS="1095" VPOS="2070" WIDTH="48" HEIGHT="23" WC="0.93" CONTENT="der"/>
					</TextLine>
					<TextLine ID="line_35" HPOS="126" VPOS="2104" WIDTH="1018" HEIGHT="36">
						<String ID="string_196" HPOS="126" VPOS="2104" WIDTH="121" HEIGHT="29" WC="0.74" CONTENT="ſchönen"/><SP WIDTH="36" VPOS="2104" HPOS="247"/>
						<String ID="string_197" HPOS="283" VPOS="2105" WIDTH="111" HEIGHT="29" WC="0.37" CONTENT="Künſie"/><SP WIDTH="30" VPOS="2105" HPOS="394"/>
						<String ID="string_198" HPOS="424" VPOS="2105" WIDTH="209" HEIGHT="33" WC="0.68" CONTENT="herveitocken."/><SP WIDTH="61" VPOS="2105" HPOS="633"/>
						<String ID="string_199" HPOS="694" VPOS="2104" WIDTH="63" HEIGHT="27" WC="0.90" CONTENT="Die"/><SP WIDTH="-1" VPOS="2104" HPOS="757"/>
						<String ID="string_200" HPOS="756" VPOS="2100" WIDTH="198" HEIGHT="44" WC="0.48" CONTENT="betannten"/><SP WIDTH="7" VPOS="2100" HPOS="954"/>
						<String ID="string_201" HPOS="961" VPOS="2104" WIDTH="181" HEIGHT="36" WC="0.44" CONTENT="engriſchen"/>
					</TextLine>
				</TextBlock>
				<TextBlock ID="block_19" HPOS="123" VPOS="1597" WIDTH="1051" HEIGHT="108">
					<TextLine ID="line_36" HPOS="642" VPOS="1597" WIDTH="532" HEIGHT="34">
						<String ID="string_202" HPOS="642" VPOS="1597" WIDTH="181" HEIGHT="34" WC="0.55" CONTENT="Vergeſtern"/><SP WIDTH="20" VPOS="1597" HPOS="823"/>
						<String ID="string_203" HPOS="843" VPOS="1598" WIDTH="136" HEIGHT="31" WC="0.55" CONTENT="ertheitt:"/><SP WIDTH="18" VPOS="1598" HPOS="979"/>
						<String ID="string_204" HPOS="997" VPOS="1600" WIDTH="50" HEIGHT="26" WC="0.91" CONTENT="der"/><SP WIDTH="20" VPOS="1600" HPOS="1047"/>
						<String ID="string_205" HPOS="1067" VPOS="1597" WIDTH="107" HEIGHT="32" WC="0.39" CONTENT="Kar⸗"/>
					</TextLine>
					<TextLine ID="line_37" HPOS="125" VPOS="1626" WIDTH="1046" HEIGHT="45">
						<String ID="string_206" HPOS="125" VPOS="1626" WIDTH="83" HEIGHT="27" WC="0.91" CONTENT="dinal"/><SP WIDTH="19" VPOS="1626" HPOS="208"/>
						<String ID="string_207" HPOS="227" VPOS="1626" WIDTH="78" HEIGHT="30" WC="0.27" CONTENT="Litta"/><SP WIDTH="16" VPOS="1626" HPOS="305"/>
						<String ID="string_208" HPOS="321" VPOS="1636" WIDTH="79" HEIGHT="35" WC="0.92" CONTENT="einer"/><SP WIDTH="17" VPOS="1636" HPOS="400"/>
						<String ID="string_209" HPOS="417" VPOS="1631" WIDTH="104" HEIGHT="33" WC="0.0" CONTENT="Judin"/><SP WIDTH="8" VPOS="1631" HPOS="521"/>
						<String ID="string_210" HPOS="529" VPOS="1641" WIDTH="66" HEIGHT="18" WC="0.35" CONTENT="aue"/><SP WIDTH="16" VPOS="1641" HPOS="595"/>
						<String ID="string_211" HPOS="611" VPOS="1633" WIDTH="140" HEIGHT="27" WC="0.89" CONTENT="Modena"/><SP WIDTH="10" VPOS="1633" HPOS="751"/>
						<String ID="string_212" HPOS="761" VPOS="1635" WIDTH="139" HEIGHT="32" WC="0.37" CONTENT="geburtia"/><SP WIDTH="18" VPOS="1635" HPOS="900"/>
						<String ID="string_213" HPOS="918" VPOS="1642" WIDTH="52" HEIGHT="26" WC="0.87" CONTENT="im."/><SP WIDTH="10" VPOS="1642" HPOS="970"/>
						<String ID="string_214" HPOS="980" VPOS="1643" WIDTH="54" HEIGHT="28" WC="0.87" CONTENT="29."/><SP WIDTH="27" VPOS="1643" HPOS="1034"/>
						<String ID="string_215" HPOS="1061" VPOS="1652" WIDTH="110" HEIGHT="15" WC="0.31" CONTENT="Zahre"/>
					</TextLine>
					<TextLine ID="line_38" HPOS="123" VPOS="1663" WIDTH="1023" HEIGHT="42">
						<String ID="string_216" HPOS="123" VPOS="1663" WIDTH="83" HEIGHT="27" WC="0.90" CONTENT="ibres"/><SP WIDTH="19" VPOS="1663" HPOS="206"/>
						<String ID="string_217" HPOS="225" VPOS="1664" WIDTH="104" HEIGHT="28" WC="0.33" CONTENT="Aliecs"/><SP WIDTH="17" VPOS="1664" HPOS="329"/>
						<String ID="string_218" HPOS="346" VPOS="1670" WIDTH="43" HEIGHT="22" WC="0.91" CONTENT="die"/><SP WIDTH="25" VPOS="1670" HPOS="389"/>
						<String ID="string_219" HPOS="414" VPOS="1668" WIDTH="68" HEIGHT="30" WC="0.38" CONTENT="Feit."/><SP WIDTH="26" VPOS="1668" HPOS="482"/>
						<String ID="string_220" HPOS="508" VPOS="1669" WIDTH="209" HEIGHT="28" WC="0.74" CONTENT="Satramente"/><SP WIDTH="20" VPOS="1669" HPOS="717"/>
						<String ID="string_221" HPOS="737" VPOS="1672" WIDTH="51" HEIGHT="26" WC="0.91" CONTENT="der"/><SP WIDTH="17" VPOS="1672" HPOS="788"/>
						<String ID="string_222" HPOS="805" VPOS="1670" WIDTH="98" HEIGHT="31" WC="0.84" CONTENT="Taufe"/><SP WIDTH="21" VPOS="1670" HPOS="903"/>
						<String ID="string_223" HPOS="924" VPOS="1678" WIDTH="61" HEIGHT="20" WC="0.81" CONTENT="und"/><SP WIDTH="20" VPOS="1678" HPOS="985"/>
						<String ID="string_224" HPOS="1005" VPOS="1678" WIDTH="49" HEIGHT="21" WC="0.40" CONTENT="dec"/><SP WIDTH="21" VPOS="1678" HPOS="1054"/>
						<String ID="string_225" HPOS="1075" VPOS="1672" WIDTH="71" HEIGHT="33" WC="0.30" CONTENT="Fit"/>
					</TextLine>
				</TextBlock>
				<TextBlock ID="block_20" HPOS="1160" VPOS="1896" WIDTH="9" HEIGHT="15">
					<TextLine ID="line_39" HPOS="1160" VPOS="1896" WIDTH="9" HEIGHT="15">
						<String ID="string_226" HPOS="1149" VPOS="1901" WIDTH="28" HEIGHT="7" WC="0.0" CONTENT="D—"/>
					</TextLine>
				</TextBlock>
				<TextBlock ID="block_21" HPOS="124" VPOS="2140" WIDTH="1045" HEIGHT="37">
					<TextLine ID="line_40" HPOS="124" VPOS="2140" WIDTH="1045" HEIGHT="37">
						<String ID="string_227" HPOS="124" VPOS="2141" WIDTH="93" HEIGHT="26" WC="0.92" CONTENT="Lords"/><SP WIDTH="21" VPOS="2141" HPOS="217"/>
						<String ID="string_228" HPOS="238" VPOS="2140" WIDTH="136" HEIGHT="28" WC="0.56" CONTENT="Bentink"/><SP WIDTH="20" VPOS="2140" HPOS="374"/>
						<String ID="string_229" HPOS="394" VPOS="2146" WIDTH="59" HEIGHT="21" WC="0.92" CONTENT="und"/><SP WIDTH="23" VPOS="2146" HPOS="453"/>
						<String ID="string_230" HPOS="476" VPOS="2143" WIDTH="143" HEIGHT="30" WC="0.91" CONTENT="Spencer"/><SP WIDTH="22" VPOS="2143" HPOS="619"/>
						<String ID="string_231" HPOS="641" VPOS="2141" WIDTH="60" HEIGHT="33" WC="0.51" CONTENT="ſnd"/><SP WIDTH="21" VPOS="2141" HPOS="701"/>
						<String ID="string_232" HPOS="722" VPOS="2142" WIDTH="83" HEIGHT="32" WC="0.90" CONTENT="ſchon"/><SP WIDTH="25" VPOS="2142" HPOS="805"/>
						<String ID="string_233" HPOS="830" VPOS="2141" WIDTH="63" HEIGHT="31" WC="0.93" CONTENT="hier"/><SP WIDTH="23" VPOS="2141" HPOS="893"/>
						<String ID="string_234" HPOS="916" VPOS="2142" WIDTH="61" HEIGHT="35" WC="0.93" CONTENT="und"/><SP WIDTH="20" VPOS="2142" HPOS="977"/>
						<String ID="string_235" HPOS="997" VPOS="2143" WIDTH="74" HEIGHT="25" WC="0.46" CONTENT="vieie"/><SP WIDTH="19" VPOS="2143" HPOS="1071"/>
						<String ID="string_236" HPOS="1090" VPOS="2148" WIDTH="79" HEIGHT="20" WC="0.0" CONTENT="an⸗"/>
					</TextLine>
				</TextBlock>
				<TextBlock ID="block_22" HPOS="126" VPOS="2179" WIDTH="1021" HEIGHT="144">
					<TextLine ID="line_41" HPOS="126" VPOS="2179" WIDTH="523" HEIGHT="33">
						<String ID="string_237" HPOS="126" VPOS="2179" WIDTH="66" HEIGHT="25" WC="0.91" CONTENT="dere"/><SP WIDTH="19" VPOS="2179" HPOS="192"/>
						<String ID="string_238" HPOS="211" VPOS="2182" WIDTH="118" HEIGHT="22" WC="0.91" CONTENT="werden"/><SP WIDTH="21" VPOS="2182" HPOS="329"/>
						<String ID="string_239" HPOS="350" VPOS="2185" WIDTH="148" HEIGHT="21" WC="0.89" CONTENT="erwartet."/><SP WIDTH="148" VPOS="2185" HPOS="498"/>
						<String ID="string_240" HPOS="646" VPOS="2209" WIDTH="3" HEIGHT="3" WC="0.25" CONTENT="—"/>
					</TextLine>
					<TextLine ID="line_42" HPOS="210" VPOS="2212" WIDTH="935" HEIGHT="37">
						<String ID="string_241" HPOS="210" VPOS="2214" WIDTH="204" HEIGHT="29" WC="0.46" CONTENT="Mailane,"/><SP WIDTH="28" VPOS="2214" HPOS="414"/>
						<String ID="string_242" HPOS="442" VPOS="2220" WIDTH="53" HEIGHT="21" WC="0.91" CONTENT="den"/><SP WIDTH="23" VPOS="2220" HPOS="495"/>
						<String ID="string_243" HPOS="518" VPOS="2212" WIDTH="48" HEIGHT="29" WC="0.89" CONTENT="16."/><SP WIDTH="19" VPOS="2212" HPOS="566"/>
						<String ID="string_244" HPOS="585" VPOS="2213" WIDTH="86" HEIGHT="28" WC="0.91" CONTENT="Nev."/><SP WIDTH="34" VPOS="2213" HPOS="671"/>
						<String ID="string_245" HPOS="705" VPOS="2212" WIDTH="40" HEIGHT="36" WC="0.20" CONTENT="J."/><SP WIDTH="15" VPOS="2212" HPOS="745"/>
						<String ID="string_246" HPOS="760" VPOS="2215" WIDTH="30" HEIGHT="31" WC="0.20" CONTENT="t."/><SP WIDTH="23" VPOS="2215" HPOS="790"/>
						<String ID="string_247" HPOS="813" VPOS="2214" WIDTH="43" HEIGHT="33" WC="0.92" CONTENT="H."/><SP WIDTH="18" VPOS="2214" HPOS="856"/>
						<String ID="string_248" HPOS="874" VPOS="2213" WIDTH="111" HEIGHT="36" WC="0.78" CONTENT="Maria"/><SP WIDTH="20" VPOS="2213" HPOS="985"/>
						<String ID="string_249" HPOS="1005" VPOS="2213" WIDTH="140" HEIGHT="33" WC="0.16" CONTENT="Beatrlx,"/>
					</TextLine>
					<TextLine ID="line_43" HPOS="127" VPOS="2251" WIDTH="1020" HEIGHT="35">
						<String ID="string_250" HPOS="127" VPOS="2251" WIDTH="152" HEIGHT="34" WC="0.48" CONTENT="Herzegin"/><SP WIDTH="25" VPOS="2251" HPOS="279"/>
						<String ID="string_251" HPOS="304" VPOS="2259" WIDTH="57" HEIGHT="19" WC="0.92" CONTENT="von"/><SP WIDTH="34" VPOS="2259" HPOS="361"/>
						<String ID="string_252" HPOS="395" VPOS="2251" WIDTH="296" HEIGHT="35" WC="0.21" CONTENT="Maſſa-Carrara,"/><SP WIDTH="33" VPOS="2251" HPOS="691"/>
						<String ID="string_253" HPOS="724" VPOS="2252" WIDTH="33" HEIGHT="32" WC="0.91" CONTENT="iſt"/><SP WIDTH="29" VPOS="2252" HPOS="757"/>
						<String ID="string_254" HPOS="786" VPOS="2252" WIDTH="62" HEIGHT="31" WC="0.91" CONTENT="hier"/><SP WIDTH="26" VPOS="2252" HPOS="848"/>
						<String ID="string_255" HPOS="874" VPOS="2253" WIDTH="214" HEIGHT="30" WC="0.89" CONTENT="angekemmen"/><SP WIDTH="17" VPOS="2253" HPOS="1088"/>
						<String ID="string_256" HPOS="1105" VPOS="2265" WIDTH="42" HEIGHT="6" WC="0.89" CONTENT="—"/>
					</TextLine>
					<TextLine ID="line_44" HPOS="126" VPOS="2288" WIDTH="1019" HEIGHT="35">
						<String ID="string_257" HPOS="126" VPOS="2288" WIDTH="48" HEIGHT="28" WC="0.73" CONTENT="S."/><SP WIDTH="19" VPOS="2288" HPOS="174"/>
						<String ID="string_258" HPOS="193" VPOS="2288" WIDTH="23" HEIGHT="29" WC="0.73" CONTENT="k."/><SP WIDTH="19" VPOS="2288" HPOS="216"/>
						<String ID="string_259" HPOS="235" VPOS="2293" WIDTH="23" HEIGHT="23" WC="0.62" CONTENT="k."/><SP WIDTH="25" VPOS="2293" HPOS="258"/>
						<String ID="string_260" HPOS="283" VPOS="2289" WIDTH="54" HEIGHT="27" WC="0.88" CONTENT="M."/><SP WIDTH="25" VPOS="2289" HPOS="337"/>
						<String ID="string_261" HPOS="362" VPOS="2289" WIDTH="95" HEIGHT="31" WC="0.55" CONTENT="haven"/><SP WIDTH="25" VPOS="2289" HPOS="457"/>
						<String ID="string_262" HPOS="482" VPOS="2293" WIDTH="181" HEIGHT="25" WC="0.88" CONTENT="verordnet,"/><SP WIDTH="36" VPOS="2293" HPOS="663"/>
						<String ID="string_263" HPOS="699" VPOS="2289" WIDTH="55" HEIGHT="33" WC="0.88" CONTENT="daß"/><SP WIDTH="18" VPOS="2289" HPOS="754"/>
						<String ID="string_264" HPOS="772" VPOS="2290" WIDTH="44" HEIGHT="24" WC="0.91" CONTENT="die"/><SP WIDTH="35" VPOS="2290" HPOS="816"/>
						<String ID="string_265" HPOS="851" VPOS="2290" WIDTH="131" HEIGHT="26" WC="0.52" CONTENT="dierckten"/><SP WIDTH="20" VPOS="2290" HPOS="982"/>
						<String ID="string_266" HPOS="1002" VPOS="2289" WIDTH="143" HEIGHT="34" WC="0.46" CONTENT="Abgaben"/>
					</TextLine>
				</TextBlock>
				<TextBlock ID="block_23" HPOS="125" VPOS="2325" WIDTH="1039" HEIGHT="35">
					<TextLine ID="line_45" HPOS="125" VPOS="2325" WIDTH="1039" HEIGHT="35">
						<String ID="string_267" HPOS="125" VPOS="2325" WIDTH="142" HEIGHT="35" WC="0.77" CONTENT="heurtges"/><SP WIDTH="27" VPOS="2325" HPOS="267"/>
						<String ID="string_268" HPOS="294" VPOS="2321" WIDTH="83" HEIGHT="43" WC="0.20" CONTENT="Jahr"/><SP WIDTH="9" VPOS="2321" HPOS="377"/>
						<String ID="string_269" HPOS="386" VPOS="2327" WIDTH="87" HEIGHT="30" WC="0.55" CONTENT="eben"/><SP WIDTH="28" VPOS="2327" HPOS="473"/>
						<String ID="string_270" HPOS="501" VPOS="2327" WIDTH="29" HEIGHT="31" WC="0.93" CONTENT="ſo"/><SP WIDTH="27" VPOS="2327" HPOS="530"/>
						<String ID="string_271" HPOS="557" VPOS="2328" WIDTH="56" HEIGHT="25" WC="0.93" CONTENT="wie"/><SP WIDTH="34" VPOS="2328" HPOS="613"/>
						<String ID="string_272" HPOS="647" VPOS="2332" WIDTH="41" HEIGHT="21" WC="0.92" CONTENT="im"/><SP WIDTH="32" VPOS="2332" HPOS="688"/>
						<String ID="string_273" HPOS="720" VPOS="2332" WIDTH="221" HEIGHT="28" WC="0.85" CONTENT="vergangenen"/><SP WIDTH="21" VPOS="2332" HPOS="941"/>
						<String ID="string_274" HPOS="962" VPOS="2327" WIDTH="202" HEIGHT="32" WC="0.44" CONTENT="etugehoben"/>
					</TextLine>
				</TextBlock>
				<TextBlock ID="block_24" HPOS="124" VPOS="2364" WIDTH="1027" HEIGHT="1044">
					<TextLine ID="line_46" HPOS="126" VPOS="2364" WIDTH="922" HEIGHT="31">
						<String ID="string_275" HPOS="126" VPOS="2368" WIDTH="121" HEIGHT="22" WC="0.90" CONTENT="werden"/><SP WIDTH="21" VPOS="2368" HPOS="247"/>
						<String ID="string_276" HPOS="268" VPOS="2364" WIDTH="99" HEIGHT="31" WC="0.79" CONTENT="ſollen."/>
					</TextLine>
					<TextLine ID="line_47" HPOS="214" VPOS="2401" WIDTH="329" HEIGHT="32">
						<String ID="string_277" HPOS="214" VPOS="2401" WIDTH="174" HEIGHT="32" WC="0.89" CONTENT="Parma,"/><SP WIDTH="32" VPOS="2401" HPOS="388"/>
						<String ID="string_278" HPOS="420" VPOS="2403" WIDTH="54" HEIGHT="23" WC="0.91" CONTENT="den"/><SP WIDTH="19" VPOS="2403" HPOS="474"/>
						<String ID="string_279" HPOS="493" VPOS="2407" WIDTH="50" HEIGHT="21" WC="0.89" CONTENT="10."/>
					</TextLine>
					<TextLine ID="line_48" HPOS="127" VPOS="2437" WIDTH="1020" HEIGHT="36">
						<String ID="string_280" HPOS="127" VPOS="2437" WIDTH="104" HEIGHT="30" WC="0.66" CONTENT="hatten"/><SP WIDTH="20" VPOS="2437" HPOS="231"/>
						<String ID="string_281" HPOS="251" VPOS="2439" WIDTH="57" HEIGHT="25" WC="0.92" CONTENT="wir"/><SP WIDTH="22" VPOS="2439" HPOS="308"/>
						<String ID="string_282" HPOS="330" VPOS="2438" WIDTH="62" HEIGHT="35" WC="0.91" CONTENT="hier"/><SP WIDTH="26" VPOS="2438" HPOS="392"/>
						<String ID="string_283" HPOS="418" VPOS="2439" WIDTH="46" HEIGHT="25" WC="0.92" CONTENT="ein"/><SP WIDTH="29" VPOS="2439" HPOS="464"/>
						<String ID="string_284" HPOS="493" VPOS="2437" WIDTH="221" HEIGHT="33" WC="0.14" CONTENT="fürchteriiches"/><SP WIDTH="32" VPOS="2437" HPOS="714"/>
						<String ID="string_285" HPOS="746" VPOS="2437" WIDTH="212" HEIGHT="33" WC="0.92" CONTENT="Ungewitter,"/><SP WIDTH="26" VPOS="2437" HPOS="958"/>
						<String ID="string_286" HPOS="984" VPOS="2438" WIDTH="94" HEIGHT="27" WC="0.88" CONTENT="wobei"/><SP WIDTH="21" VPOS="2438" HPOS="1078"/>
						<String ID="string_287" HPOS="1099" VPOS="2442" WIDTH="48" HEIGHT="22" WC="0.74" CONTENT="der"/>
					</TextLine>
					<TextLine ID="line_49" HPOS="124" VPOS="2474" WIDTH="1023" HEIGHT="35">
						<String ID="string_288" HPOS="124" VPOS="2474" WIDTH="84" HEIGHT="35" WC="0.82" CONTENT="Blitz"/><SP WIDTH="27" VPOS="2474" HPOS="208"/>
						<String ID="string_289" HPOS="235" VPOS="2476" WIDTH="31" HEIGHT="25" WC="0.91" CONTENT="in"/><SP WIDTH="21" VPOS="2476" HPOS="266"/>
						<String ID="string_290" HPOS="287" VPOS="2478" WIDTH="93" HEIGHT="30" WC="0.91" CONTENT="einem"/><SP WIDTH="24" VPOS="2478" HPOS="380"/>
						<String ID="string_291" HPOS="404" VPOS="2477" WIDTH="48" HEIGHT="24" WC="0.91" CONTENT="der"/><SP WIDTH="30" VPOS="2477" HPOS="452"/>
						<String ID="string_292" HPOS="482" VPOS="2474" WIDTH="132" HEIGHT="33" WC="0.92" CONTENT="hoͤchſten"/><SP WIDTH="30" VPOS="2474" HPOS="614"/>
						<String ID="string_293" HPOS="644" VPOS="2467" WIDTH="135" HEIGHT="46" WC="0.52" CONTENT="Thuͤrme"/><SP WIDTH="15" VPOS="2467" HPOS="779"/>
						<String ID="string_294" HPOS="794" VPOS="2476" WIDTH="135" HEIGHT="30" WC="0.52" CONTENT="unierer"/><SP WIDTH="33" VPOS="2476" HPOS="929"/>
						<String ID="string_295" HPOS="962" VPOS="2474" WIDTH="103" HEIGHT="29" WC="0.90" CONTENT="Stadt"/><SP WIDTH="19" VPOS="2474" HPOS="1065"/>
						<String ID="string_296" HPOS="1084" VPOS="2476" WIDTH="63" HEIGHT="27" WC="0.69" CONTENT="ein⸗"/>
					</TextLine>
					<TextLine ID="line_50" HPOS="127" VPOS="2510" WIDTH="938" HEIGHT="36">
						<String ID="string_297" HPOS="127" VPOS="2512" WIDTH="95" HEIGHT="33" WC="0.9" CONTENT="ſching"/><SP WIDTH="19" VPOS="2512" HPOS="222"/>
						<String ID="string_298" HPOS="241" VPOS="2516" WIDTH="61" HEIGHT="22" WC="0.93" CONTENT="und"/><SP WIDTH="22" VPOS="2516" HPOS="302"/>
						<String ID="string_299" HPOS="324" VPOS="2513" WIDTH="201" HEIGHT="26" WC="0.91" CONTENT="bedeutenden"/><SP WIDTH="20" VPOS="2513" HPOS="525"/>
						<String ID="string_300" HPOS="545" VPOS="2510" WIDTH="144" HEIGHT="30" WC="0.91" CONTENT="Schaden"/><SP WIDTH="23" VPOS="2510" HPOS="689"/>
						<String ID="string_301" HPOS="712" VPOS="2513" WIDTH="172" HEIGHT="33" WC="0.87" CONTENT="anrichtete."/><SP WIDTH="155" VPOS="2513" HPOS="884"/>
						<String ID="string_302" HPOS="1039" VPOS="2515" WIDTH="26" HEIGHT="28" WC="0.0" CONTENT="J"/>
					</TextLine>
					<TextLine ID="line_51" HPOS="428" VPOS="2542" WIDTH="346" HEIGHT="44">
						<String ID="string_303" HPOS="428" VPOS="2542" WIDTH="260" HEIGHT="44" WC="0.57" CONTENT="Echwe"/><SP WIDTH="0" VPOS="2542" HPOS="688"/>
						<String ID="string_304" HPOS="688" VPOS="2542" WIDTH="30" HEIGHT="44" WC="0.62" CONTENT="i"/><SP WIDTH="6" VPOS="2542" HPOS="718"/>
						<String ID="string_305" HPOS="724" VPOS="2549" WIDTH="50" HEIGHT="33" WC="0.71" CONTENT="z—"/><SP WIDTH="205" VPOS="2549" HPOS="774"/>
						<String ID="string_306" HPOS="979" VPOS="2567" WIDTH="78" HEIGHT="14" WC="0.46" CONTENT="—"/>
					</TextLine>
					<TextLine ID="line_52" HPOS="193" VPOS="2582" WIDTH="955" HEIGHT="39">
						<String ID="string_307" HPOS="193" VPOS="2582" WIDTH="172" HEIGHT="39" WC="0.57" CONTENT="Aaran,"/><SP WIDTH="25" VPOS="2582" HPOS="365"/>
						<String ID="string_308" HPOS="390" VPOS="2586" WIDTH="55" HEIGHT="24" WC="0.73" CONTENT="den"/><SP WIDTH="10" VPOS="2586" HPOS="445"/>
						<String ID="string_309" HPOS="455" VPOS="2591" WIDTH="50" HEIGHT="20" WC="0.23" CONTENT="i6."/><SP WIDTH="25" VPOS="2591" HPOS="505"/>
						<String ID="string_310" HPOS="530" VPOS="2584" WIDTH="88" HEIGHT="28" WC="0.87" CONTENT="Nov."/><SP WIDTH="13" VPOS="2584" HPOS="618"/>
						<String ID="string_311" HPOS="631" VPOS="2578" WIDTH="117" HEIGHT="47" WC="0.91" CONTENT="Durch"/><SP WIDTH="18" VPOS="2578" HPOS="748"/>
						<String ID="string_312" HPOS="766" VPOS="2583" WIDTH="241" HEIGHT="34" WC="0.86" CONTENT="Kreisſchreiben"/><SP WIDTH="14" VPOS="2583" HPOS="1007"/>
						<String ID="string_313" HPOS="1021" VPOS="2593" WIDTH="68" HEIGHT="22" WC="0.70" CONTENT="vom"/><SP WIDTH="11" VPOS="2593" HPOS="1089"/>
						<String ID="string_314" HPOS="1100" VPOS="2589" WIDTH="48" HEIGHT="28" WC="0.58" CONTENT="8."/>
					</TextLine>
					<TextLine ID="line_53" HPOS="126" VPOS="2620" WIDTH="1023" HEIGHT="40">
						<String ID="string_315" HPOS="126" VPOS="2621" WIDTH="72" HEIGHT="28" WC="0.37" CONTENT="Ott."/><SP WIDTH="26" VPOS="2621" HPOS="198"/>
						<String ID="string_316" HPOS="224" VPOS="2621" WIDTH="170" HEIGHT="31" WC="0.43" CONTENT="ùbermacht"/><SP WIDTH="31" VPOS="2621" HPOS="394"/>
						<String ID="string_317" HPOS="425" VPOS="2625" WIDTH="49" HEIGHT="30" WC="0.91" CONTENT="der"/><SP WIDTH="16" VPOS="2625" HPOS="474"/>
						<String ID="string_318" HPOS="490" VPOS="2621" WIDTH="207" HEIGHT="36" WC="0.57" CONTENT="Staatsrath"/><SP WIDTH="27" VPOS="2621" HPOS="697"/>
						<String ID="string_319" HPOS="724" VPOS="2625" WIDTH="50" HEIGHT="23" WC="0.91" CONTENT="des"/><SP WIDTH="28" VPOS="2625" HPOS="774"/>
						<String ID="string_320" HPOS="802" VPOS="2620" WIDTH="136" HEIGHT="31" WC="0.85" CONTENT="Vororts"/><SP WIDTH="27" VPOS="2620" HPOS="938"/>
						<String ID="string_321" HPOS="965" VPOS="2624" WIDTH="110" HEIGHT="36" WC="0.89" CONTENT="Luzern"/><SP WIDTH="20" VPOS="2624" HPOS="1075"/>
						<String ID="string_322" HPOS="1095" VPOS="2626" WIDTH="54" HEIGHT="26" WC="0.92" CONTENT="den"/>
					</TextLine>
					<TextLine ID="line_54" HPOS="128" VPOS="2659" WIDTH="1022" HEIGHT="33">
						<String ID="string_323" HPOS="128" VPOS="2659" WIDTH="151" HEIGHT="33" WC="0.64" CONTENT="Ständen"/><SP WIDTH="33" VPOS="2659" HPOS="279"/>
						<String ID="string_324" HPOS="312" VPOS="2660" WIDTH="63" HEIGHT="25" WC="0.91" CONTENT="eine"/><SP WIDTH="43" VPOS="2660" HPOS="375"/>
						<String ID="string_325" HPOS="418" VPOS="2659" WIDTH="83" HEIGHT="26" WC="0.63" CONTENT="Note"/><SP WIDTH="26" VPOS="2659" HPOS="501"/>
						<String ID="string_326" HPOS="527" VPOS="2663" WIDTH="51" HEIGHT="22" WC="0.84" CONTENT="des"/><SP WIDTH="42" VPOS="2663" HPOS="578"/>
						<String ID="string_327" HPOS="620" VPOS="2660" WIDTH="168" HEIGHT="30" WC="0.60" CONTENT="ſpaniichen"/><SP WIDTH="31" VPOS="2660" HPOS="788"/>
						<String ID="string_328" HPOS="819" VPOS="2660" WIDTH="178" HEIGHT="32" WC="0.79" CONTENT="Geſandten"/><SP WIDTH="39" VPOS="2660" HPOS="997"/>
						<String ID="string_329" HPOS="1036" VPOS="2663" WIDTH="31" HEIGHT="25" WC="0.79" CONTENT="in"/><SP WIDTH="35" VPOS="2663" HPOS="1067"/>
						<String ID="string_330" HPOS="1102" VPOS="2666" WIDTH="48" HEIGHT="23" WC="0.92" CONTENT="der"/>
					</TextLine>
					<TextLine ID="line_55" HPOS="128" VPOS="2695" WIDTH="1021" HEIGHT="34">
						<String ID="string_331" HPOS="128" VPOS="2697" WIDTH="159" HEIGHT="32" WC="0.10" CONTENT="Scewiz,"/><SP WIDTH="33" VPOS="2697" HPOS="287"/>
						<String ID="string_332" HPOS="320" VPOS="2697" WIDTH="120" HEIGHT="26" WC="0.68" CONTENT="Ritters"/><SP WIDTH="28" VPOS="2697" HPOS="440"/>
						<String ID="string_333" HPOS="468" VPOS="2703" WIDTH="57" HEIGHT="18" WC="0.91" CONTENT="ven"/><SP WIDTH="30" VPOS="2703" HPOS="525"/>
						<String ID="string_334" HPOS="555" VPOS="2695" WIDTH="144" HEIGHT="34" WC="0.67" CONTENT="Viergot,"/><SP WIDTH="36" VPOS="2695" HPOS="699"/>
						<String ID="string_335" HPOS="735" VPOS="2699" WIDTH="84" HEIGHT="28" WC="0.92" CONTENT="durch"/><SP WIDTH="22" VPOS="2699" HPOS="819"/>
						<String ID="string_336" HPOS="841" VPOS="2691" WIDTH="104" HEIGHT="42" WC="0.75" CONTENT="weiche"/><SP WIDTH="8" VPOS="2691" HPOS="945"/>
						<String ID="string_337" HPOS="953" VPOS="2698" WIDTH="110" HEIGHT="31" WC="0.31" CONTENT="vieſer"/><SP WIDTH="30" VPOS="2698" HPOS="1063"/>
						<String ID="string_338" HPOS="1093" VPOS="2706" WIDTH="56" HEIGHT="19" WC="0.28" CONTENT="un—"/>
					</TextLine>
					<TextLine ID="line_56" HPOS="127" VPOS="2732" WIDTH="1022" HEIGHT="35">
						<String ID="string_339" HPOS="127" VPOS="2739" WIDTH="77" HEIGHT="21" WC="0.42" CONTENT="terim"/><SP WIDTH="29" VPOS="2739" HPOS="204"/>
						<String ID="string_340" HPOS="233" VPOS="2735" WIDTH="49" HEIGHT="24" WC="0.88" CONTENT="16."/><SP WIDTH="31" VPOS="2735" HPOS="282"/>
						<String ID="string_341" HPOS="313" VPOS="2736" WIDTH="39" HEIGHT="30" WC="0.46" CONTENT="gl."/><SP WIDTH="27" VPOS="2736" HPOS="352"/>
						<String ID="string_342" HPOS="379" VPOS="2732" WIDTH="56" HEIGHT="28" WC="0.92" CONTENT="M."/><SP WIDTH="25" VPOS="2732" HPOS="435"/>
						<String ID="string_343" HPOS="460" VPOS="2736" WIDTH="59" HEIGHT="22" WC="0.91" CONTENT="aus"/><SP WIDTH="31" VPOS="2736" HPOS="519"/>
						<String ID="string_344" HPOS="550" VPOS="2733" WIDTH="89" HEIGHT="26" WC="0.50" CONTENT="Bern"/><SP WIDTH="31" VPOS="2733" HPOS="639"/>
						<String ID="string_345" HPOS="670" VPOS="2737" WIDTH="48" HEIGHT="23" WC="0.66" CONTENT="der"/><SP WIDTH="26" VPOS="2737" HPOS="718"/>
						<String ID="string_346" HPOS="744" VPOS="2733" WIDTH="326" HEIGHT="34" WC="0.67" CONTENT="Eideagenoſſenſchaft"/><SP WIDTH="25" VPOS="2733" HPOS="1070"/>
						<String ID="string_347" HPOS="1095" VPOS="2743" WIDTH="54" HEIGHT="20" WC="0.74" CONTENT="an—"/>
					</TextLine>
					<TextLine ID="line_57" HPOS="128" VPOS="2769" WIDTH="1022" HEIGHT="37">
						<String ID="string_348" HPOS="128" VPOS="2777" WIDTH="94" HEIGHT="26" WC="0.63" CONTENT="ztigt:"/><SP WIDTH="36" VPOS="2777" HPOS="222"/>
						<String ID="string_349" HPOS="258" VPOS="2770" WIDTH="151" HEIGHT="31" WC="0.51" CONTENT="Nachdem"/><SP WIDTH="27" VPOS="2770" HPOS="409"/>
						<String ID="string_350" HPOS="436" VPOS="2774" WIDTH="47" HEIGHT="22" WC="0.92" CONTENT="der"/><SP WIDTH="28" VPOS="2774" HPOS="483"/>
						<String ID="string_351" HPOS="511" VPOS="2769" WIDTH="120" HEIGHT="33" WC="0.37" CONTENT="Kenig,"/><SP WIDTH="37" VPOS="2769" HPOS="631"/>
						<String ID="string_352" HPOS="668" VPOS="2771" WIDTH="60" HEIGHT="29" WC="0.92" CONTENT="ſein"/><SP WIDTH="31" VPOS="2771" HPOS="728"/>
						<String ID="string_353" HPOS="759" VPOS="2771" WIDTH="102" HEIGHT="33" WC="0.89" CONTENT="Herr,"/><SP WIDTH="33" VPOS="2771" HPOS="861"/>
						<String ID="string_354" HPOS="894" VPOS="2775" WIDTH="71" HEIGHT="25" WC="0.92" CONTENT="inne"/><SP WIDTH="26" VPOS="2775" HPOS="965"/>
						<String ID="string_355" HPOS="991" VPOS="2776" WIDTH="159" HEIGHT="30" WC="0.92" CONTENT="geworden"/>
					</TextLine>
					<TextLine ID="line_58" HPOS="131" VPOS="2806" WIDTH="1018" HEIGHT="36">
						<String ID="string_356" HPOS="131" VPOS="2809" WIDTH="64" HEIGHT="32" WC="0.44" CONTENT="ſey,"/><SP WIDTH="34" VPOS="2809" HPOS="195"/>
						<String ID="string_357" HPOS="229" VPOS="2808" WIDTH="56" HEIGHT="30" WC="0.0" CONTENT="daß"/><SP WIDTH="27" VPOS="2808" HPOS="285"/>
						<String ID="string_358" HPOS="312" VPOS="2810" WIDTH="71" HEIGHT="24" WC="0.89" CONTENT="viele"/><SP WIDTH="30" VPOS="2810" HPOS="383"/>
						<String ID="string_359" HPOS="413" VPOS="2807" WIDTH="127" HEIGHT="33" WC="0.92" CONTENT="Juden,"/><SP WIDTH="37" VPOS="2807" HPOS="540"/>
						<String ID="string_360" HPOS="577" VPOS="2808" WIDTH="120" HEIGHT="31" WC="0.88" CONTENT="mitteiſt"/><SP WIDTH="31" VPOS="2808" HPOS="697"/>
						<String ID="string_361" HPOS="728" VPOS="2806" WIDTH="212" HEIGHT="35" WC="0.47" CONTENT="Reiſepaſſen,"/><SP WIDTH="48" VPOS="2806" HPOS="940"/>
						<String ID="string_362" HPOS="988" VPOS="2812" WIDTH="46" HEIGHT="25" WC="0.91" CONTENT="die"/><SP WIDTH="26" VPOS="2812" HPOS="1034"/>
						<String ID="string_363" HPOS="1060" VPOS="2810" WIDTH="89" HEIGHT="32" WC="0.92" CONTENT="ihnen"/>
					</TextLine>
					<TextLine ID="line_59" HPOS="128" VPOS="2845" WIDTH="1021" HEIGHT="36">
						<String ID="string_364" HPOS="128" VPOS="2852" WIDTH="58" HEIGHT="20" WC="0.92" CONTENT="von"/><SP WIDTH="30" VPOS="2852" HPOS="186"/>
						<String ID="string_365" HPOS="216" VPOS="2845" WIDTH="228" HEIGHT="32" WC="0.58" CONTENT="Zivilvenoͤrden"/><SP WIDTH="29" VPOS="2845" HPOS="444"/>
						<String ID="string_366" HPOS="473" VPOS="2845" WIDTH="169" HEIGHT="32" WC="0.83" CONTENT="ausgeſtellt"/><SP WIDTH="28" VPOS="2845" HPOS="642"/>
						<String ID="string_367" HPOS="670" VPOS="2848" WIDTH="142" HEIGHT="28" WC="0.90" CONTENT="wurden,"/><SP WIDTH="35" VPOS="2848" HPOS="812"/>
						<String ID="string_368" HPOS="847" VPOS="2845" WIDTH="142" HEIGHT="36" WC="0.92" CONTENT="Eingang"/><SP WIDTH="24" VPOS="2845" HPOS="989"/>
						<String ID="string_369" HPOS="1013" VPOS="2849" WIDTH="50" HEIGHT="25" WC="0.91" CONTENT="ins"/><SP WIDTH="26" VPOS="2849" HPOS="1063"/>
						<String ID="string_370" HPOS="1089" VPOS="2848" WIDTH="60" HEIGHT="28" WC="0.88" CONTENT="Koͤ⸗"/>
					</TextLine>
					<TextLine ID="line_60" HPOS="130" VPOS="2882" WIDTH="1021" HEIGHT="37">
						<String ID="string_371" HPOS="130" VPOS="2889" WIDTH="76" HEIGHT="26" WC="0.0" CONTENT="niur:"/><SP WIDTH="10" VPOS="2889" HPOS="206"/>
						<String ID="string_372" HPOS="216" VPOS="2891" WIDTH="38" HEIGHT="20" WC="0.16" CONTENT="iq"/><SP WIDTH="39" VPOS="2891" HPOS="254"/>
						<String ID="string_373" HPOS="293" VPOS="2883" WIDTH="132" HEIGHT="30" WC="0.0" CONTENT="erhæici"/><SP WIDTH="34" VPOS="2883" HPOS="425"/>
						<String ID="string_374" HPOS="459" VPOS="2884" WIDTH="61" HEIGHT="23" WC="0.0" CONTENT="nnt"/><SP WIDTH="28" VPOS="2884" HPOS="520"/>
						<String ID="string_375" HPOS="548" VPOS="2882" WIDTH="49" HEIGHT="31" WC="0.27" CONTENT="α"/><SP WIDTH="28" VPOS="2882" HPOS="597"/>
						<String ID="string_376" HPOS="625" VPOS="2883" WIDTH="76" HEIGHT="25" WC="0.0" CONTENT="m"/><SP WIDTH="19" VPOS="2883" HPOS="701"/>
						<String ID="string_377" HPOS="720" VPOS="2882" WIDTH="355" HEIGHT="35" WC="0.26" CONTENT="Suquiſitianstribunal"/><SP WIDTH="27" VPOS="2882" HPOS="1075"/>
						<String ID="string_378" HPOS="1102" VPOS="2892" WIDTH="49" HEIGHT="27" WC="0.34" CONTENT="ges"/>
					</TextLine>
					<TextLine ID="line_61" HPOS="130" VPOS="2916" WIDTH="1018" HEIGHT="39">
						<String ID="string_379" HPOS="130" VPOS="2922" WIDTH="108" HEIGHT="26" WC="0.87" CONTENT="meldet"/><SP WIDTH="30" VPOS="2922" HPOS="238"/>
						<String ID="string_380" HPOS="268" VPOS="2920" WIDTH="113" HEIGHT="30" WC="0.85" CONTENT="haben,"/><SP WIDTH="33" VPOS="2920" HPOS="381"/>
						<String ID="string_381" HPOS="414" VPOS="2925" WIDTH="51" HEIGHT="19" WC="0.91" CONTENT="um"/><SP WIDTH="35" VPOS="2925" HPOS="465"/>
						<String ID="string_382" HPOS="500" VPOS="2919" WIDTH="58" HEIGHT="30" WC="0.0" CONTENT="ihr"/><SP WIDTH="37" VPOS="2919" HPOS="558"/>
						<String ID="string_383" HPOS="595" VPOS="2916" WIDTH="184" HEIGHT="34" WC="0.27" CONTENT="Jrrihümer"/><SP WIDTH="45" VPOS="2916" HPOS="779"/>
						<String ID="string_384" HPOS="824" VPOS="2922" WIDTH="243" HEIGHT="33" WC="0.12" CONTENT="abzuſchwören,"/><SP WIDTH="32" VPOS="2922" HPOS="1067"/>
						<String ID="string_385" HPOS="1099" VPOS="2923" WIDTH="49" HEIGHT="26" WC="0.0" CONTENT="6o⸗"/>
					</TextLine>
					<TextLine ID="line_62" HPOS="130" VPOS="2954" WIDTH="1019" HEIGHT="38">
						<String ID="string_386" HPOS="130" VPOS="2958" WIDTH="88" HEIGHT="32" WC="0.64" CONTENT="gieich"/><SP WIDTH="28" VPOS="2958" HPOS="218"/>
						<String ID="string_387" HPOS="246" VPOS="2960" WIDTH="48" HEIGHT="23" WC="0.90" CONTENT="ein"/><SP WIDTH="16" VPOS="2960" HPOS="294"/>
						<String ID="string_388" HPOS="310" VPOS="2956" WIDTH="242" HEIGHT="33" WC="0.29" CONTENT="ausbrücklicher"/><SP WIDTH="23" VPOS="2956" HPOS="552"/>
						<String ID="string_389" HPOS="575" VPOS="2954" WIDTH="115" HEIGHT="34" WC="0.49" CONTENT="Befehr"/><SP WIDTH="31" VPOS="2954" HPOS="690"/>
						<String ID="string_390" HPOS="721" VPOS="2956" WIDTH="65" HEIGHT="28" WC="0.92" CONTENT="Sr."/><SP WIDTH="29" VPOS="2956" HPOS="786"/>
						<String ID="string_391" HPOS="815" VPOS="2958" WIDTH="151" HEIGHT="32" WC="0.38" CONTENT="Mazeſtät"/><SP WIDTH="13" VPOS="2958" HPOS="966"/>
						<String ID="string_392" HPOS="979" VPOS="2958" WIDTH="89" HEIGHT="34" WC="0.91" CONTENT="allen"/><SP WIDTH="15" VPOS="2958" HPOS="1068"/>
						<String ID="string_393" HPOS="1083" VPOS="2959" WIDTH="66" HEIGHT="33" WC="0.8" CONTENT="Ju—"/>
					</TextLine>
					<TextLine ID="line_63" HPOS="133" VPOS="2992" WIDTH="1017" HEIGHT="36">
						<String ID="string_394" HPOS="133" VPOS="2996" WIDTH="53" HEIGHT="24" WC="0.91" CONTENT="den"/><SP WIDTH="23" VPOS="2996" HPOS="186"/>
						<String ID="string_395" HPOS="209" VPOS="2998" WIDTH="54" HEIGHT="23" WC="0.77" CONTENT="das"/><SP WIDTH="22" VPOS="2998" HPOS="263"/>
						<String ID="string_396" HPOS="285" VPOS="2994" WIDTH="142" HEIGHT="32" WC="0.47" CONTENT="ſpantiche"/><SP WIDTH="28" VPOS="2994" HPOS="427"/>
						<String ID="string_397" HPOS="455" VPOS="2992" WIDTH="134" HEIGHT="29" WC="0.70" CONTENT="Gebieih"/><SP WIDTH="24" VPOS="2992" HPOS="589"/>
						<String ID="string_398" HPOS="613" VPOS="2999" WIDTH="33" HEIGHT="27" WC="0.93" CONTENT="zu"/><SP WIDTH="27" VPOS="2999" HPOS="646"/>
						<String ID="string_399" HPOS="673" VPOS="2995" WIDTH="131" HEIGHT="26" WC="0.90" CONTENT="betreten"/><SP WIDTH="20" VPOS="2995" HPOS="804"/>
						<String ID="string_400" HPOS="824" VPOS="2996" WIDTH="186" HEIGHT="32" WC="0.21" CONTENT="verbietheſt,"/><SP WIDTH="25" VPOS="2996" HPOS="1010"/>
						<String ID="string_401" HPOS="1035" VPOS="2997" WIDTH="115" HEIGHT="30" WC="0.91" CONTENT="wofern"/>
					</TextLine>
					<TextLine ID="line_64" HPOS="132" VPOS="3029" WIDTH="1018" HEIGHT="38">
						<String ID="string_402" HPOS="132" VPOS="3029" WIDTH="36" HEIGHT="38" WC="0.90" CONTENT="ſic"/><SP WIDTH="26" VPOS="3029" HPOS="168"/>
						<String ID="string_403" HPOS="194" VPOS="3034" WIDTH="76" HEIGHT="28" WC="0.82" CONTENT="nicht"/><SP WIDTH="18" VPOS="3034" HPOS="270"/>
						<String ID="string_404" HPOS="288" VPOS="3031" WIDTH="175" HEIGHT="31" WC="0.22" CONTENT="perfontiche"/><SP WIDTH="21" VPOS="3031" HPOS="463"/>
						<String ID="string_405" HPOS="484" VPOS="3029" WIDTH="210" HEIGHT="34" WC="0.69" CONTENT="Bewilligung"/><SP WIDTH="26" VPOS="3029" HPOS="694"/>
						<String ID="string_406" HPOS="720" VPOS="3031" WIDTH="90" HEIGHT="31" WC="0.53" CONTENT="dafür"/><SP WIDTH="28" VPOS="3031" HPOS="810"/>
						<String ID="string_407" HPOS="838" VPOS="3039" WIDTH="70" HEIGHT="20" WC="0.91" CONTENT="vom"/><SP WIDTH="20" VPOS="3039" HPOS="908"/>
						<String ID="string_408" HPOS="928" VPOS="3034" WIDTH="103" HEIGHT="31" WC="0.53" CONTENT="Koͤnig"/><SP WIDTH="22" VPOS="3034" HPOS="1031"/>
						<String ID="string_409" HPOS="1053" VPOS="3034" WIDTH="97" HEIGHT="28" WC="0.81" CONTENT="erhal⸗"/>
					</TextLine>
					<TextLine ID="line_65" HPOS="134" VPOS="3067" WIDTH="1015" HEIGHT="36">
						<String ID="string_410" HPOS="134" VPOS="3073" WIDTH="46" HEIGHT="22" WC="0.90" CONTENT="ten"/><SP WIDTH="31" VPOS="3073" HPOS="180"/>
						<String ID="string_411" HPOS="211" VPOS="3069" WIDTH="114" HEIGHT="31" WC="0.91" CONTENT="haben:"/><SP WIDTH="24" VPOS="3069" HPOS="325"/>
						<String ID="string_412" HPOS="349" VPOS="3082" WIDTH="27" HEIGHT="5" WC="0.93" CONTENT="—"/><SP WIDTH="3" VPOS="3082" HPOS="376"/>
						<String ID="string_413" HPOS="379" VPOS="3068" WIDTH="62" HEIGHT="31" WC="0.89" CONTENT="ſo"/><SP WIDTH="22" VPOS="3068" HPOS="441"/>
						<String ID="string_414" HPOS="463" VPOS="3067" WIDTH="45" HEIGHT="32" WC="0.89" CONTENT="fey"/><SP WIDTH="22" VPOS="3067" HPOS="508"/>
						<String ID="string_415" HPOS="530" VPOS="3067" WIDTH="150" HEIGHT="36" WC="0.87" CONTENT="nunmehr"/><SP WIDTH="22" VPOS="3067" HPOS="680"/>
						<String ID="string_416" HPOS="702" VPOS="3070" WIDTH="84" HEIGHT="27" WC="0.92" CONTENT="durch"/><SP WIDTH="27" VPOS="3070" HPOS="786"/>
						<String ID="string_417" HPOS="813" VPOS="3069" WIDTH="47" HEIGHT="27" WC="0.91" CONTENT="ein"/><SP WIDTH="26" VPOS="3069" HPOS="860"/>
						<String ID="string_418" HPOS="886" VPOS="3069" WIDTH="110" HEIGHT="34" WC="0.60" CONTENT="koͤnigt."/><SP WIDTH="22" VPOS="3069" HPOS="996"/>
						<String ID="string_419" HPOS="1018" VPOS="3071" WIDTH="131" HEIGHT="31" WC="0.35" CONTENT="Driret,"/>
					</TextLine>
					<TextLine ID="line_66" HPOS="133" VPOS="3104" WIDTH="1017" HEIGHT="36">
						<String ID="string_420" HPOS="133" VPOS="3112" WIDTH="66" HEIGHT="21" WC="0.88" CONTENT="vom"/><SP WIDTH="35" VPOS="3112" HPOS="199"/>
						<String ID="string_421" HPOS="234" VPOS="3105" WIDTH="51" HEIGHT="28" WC="0.86" CONTENT="16."/><SP WIDTH="28" VPOS="3105" HPOS="285"/>
						<String ID="string_422" HPOS="313" VPOS="3107" WIDTH="84" HEIGHT="31" WC="0.47" CONTENT="Avprit"/><SP WIDTH="20" VPOS="3107" HPOS="397"/>
						<String ID="string_423" HPOS="417" VPOS="3106" WIDTH="116" HEIGHT="32" WC="0.69" CONTENT="letzthin"/><SP WIDTH="31" VPOS="3106" HPOS="533"/>
						<String ID="string_424" HPOS="564" VPOS="3105" WIDTH="76" HEIGHT="26" WC="0.92" CONTENT="allen"/><SP WIDTH="33" VPOS="3105" HPOS="640"/>
						<String ID="string_425" HPOS="673" VPOS="3104" WIDTH="306" HEIGHT="33" WC="0.52" CONTENT="Generaikapitains,"/><SP WIDTH="27" VPOS="3104" HPOS="979"/>
						<String ID="string_426" HPOS="1006" VPOS="3108" WIDTH="144" HEIGHT="32" WC="0.21" CONTENT="Gouver—"/>
					</TextLine>
					<TextLine ID="line_67" HPOS="133" VPOS="3142" WIDTH="1015" HEIGHT="35">
						<String ID="string_427" HPOS="133" VPOS="3148" WIDTH="90" HEIGHT="22" WC="0.77" CONTENT="neure"/><SP WIDTH="23" VPOS="3148" HPOS="223"/>
						<String ID="string_428" HPOS="246" VPOS="3148" WIDTH="58" HEIGHT="23" WC="0.66" CONTENT="und"/><SP WIDTH="18" VPOS="3148" HPOS="304"/>
						<String ID="string_429" HPOS="322" VPOS="3147" WIDTH="113" HEIGHT="23" WC="0.92" CONTENT="andern"/><SP WIDTH="21" VPOS="3147" HPOS="435"/>
						<String ID="string_430" HPOS="456" VPOS="3142" WIDTH="154" HEIGHT="30" WC="0.91" CONTENT="Beamten"/><SP WIDTH="24" VPOS="3142" HPOS="610"/>
						<String ID="string_431" HPOS="634" VPOS="3142" WIDTH="45" HEIGHT="26" WC="0.93" CONTENT="die"/><SP WIDTH="20" VPOS="3142" HPOS="679"/>
						<String ID="string_432" HPOS="699" VPOS="3144" WIDTH="134" HEIGHT="31" WC="0.92" CONTENT="ſtrengſte"/><SP WIDTH="18" VPOS="3144" HPOS="833"/>
						<String ID="string_433" HPOS="851" VPOS="3143" WIDTH="216" HEIGHT="34" WC="0.79" CONTENT="Wachſamkeit"/><SP WIDTH="20" VPOS="3143" HPOS="1067"/>
						<String ID="string_434" HPOS="1087" VPOS="3147" WIDTH="61" HEIGHT="26" WC="0.21" CONTENT="ein—"/>
					</TextLine>
					<TextLine ID="line_68" HPOS="132" VPOS="3178" WIDTH="1016" HEIGHT="38">
						<String ID="string_435" HPOS="132" VPOS="3182" WIDTH="145" HEIGHT="31" WC="0.48" CONTENT="geſchaͤrft"/><SP WIDTH="26" VPOS="3182" HPOS="277"/>
						<String ID="string_436" HPOS="303" VPOS="3185" WIDTH="142" HEIGHT="26" WC="0.91" CONTENT="worden,"/><SP WIDTH="25" VPOS="3185" HPOS="445"/>
						<String ID="string_437" HPOS="470" VPOS="3180" WIDTH="55" HEIGHT="30" WC="0.92" CONTENT="auf"/><SP WIDTH="28" VPOS="3180" HPOS="525"/>
						<String ID="string_438" HPOS="553" VPOS="3178" WIDTH="55" HEIGHT="33" WC="0.91" CONTENT="daß"/><SP WIDTH="34" VPOS="3178" HPOS="608"/>
						<String ID="string_439" HPOS="642" VPOS="3180" WIDTH="64" HEIGHT="27" WC="0.91" CONTENT="kein"/><SP WIDTH="25" VPOS="3180" HPOS="706"/>
						<String ID="string_440" HPOS="731" VPOS="3179" WIDTH="136" HEIGHT="34" WC="0.48" CONTENT="Hebraͤer"/><SP WIDTH="30" VPOS="3179" HPOS="867"/>
						<String ID="string_441" HPOS="897" VPOS="3184" WIDTH="55" HEIGHT="23" WC="0.93" CONTENT="das"/><SP WIDTH="20" VPOS="3184" HPOS="952"/>
						<String ID="string_442" HPOS="972" VPOS="3183" WIDTH="176" HEIGHT="33" WC="0.86" CONTENT="Koͤnigreich"/>
					</TextLine>
					<TextLine ID="line_69" HPOS="136" VPOS="3217" WIDTH="1013" HEIGHT="38">
						<String ID="string_443" HPOS="136" VPOS="3221" WIDTH="151" HEIGHT="31" WC="0.83" CONTENT="ſernerhin"/><SP WIDTH="18" VPOS="3221" HPOS="287"/>
						<String ID="string_444" HPOS="305" VPOS="3221" WIDTH="128" HEIGHT="25" WC="0.91" CONTENT="betreten"/><SP WIDTH="25" VPOS="3221" HPOS="433"/>
						<String ID="string_445" HPOS="458" VPOS="3218" WIDTH="94" HEIGHT="32" WC="0.83" CONTENT="moͤge,"/><SP WIDTH="26" VPOS="3218" HPOS="552"/>
						<String ID="string_446" HPOS="578" VPOS="3222" WIDTH="30" HEIGHT="21" WC="0.92" CONTENT="es"/><SP WIDTH="15" VPOS="3222" HPOS="608"/>
						<String ID="string_447" HPOS="623" VPOS="3217" WIDTH="79" HEIGHT="26" WC="0.62" CONTENT="waͤre"/><SP WIDTH="20" VPOS="3217" HPOS="702"/>
						<String ID="string_448" HPOS="722" VPOS="3220" WIDTH="89" HEIGHT="26" WC="0.91" CONTENT="denn,"/><SP WIDTH="25" VPOS="3220" HPOS="811"/>
						<String ID="string_449" HPOS="836" VPOS="3218" WIDTH="56" HEIGHT="33" WC="0.76" CONTENT="daß"/><SP WIDTH="12" VPOS="3218" HPOS="892"/>
						<String ID="string_450" HPOS="904" VPOS="3227" WIDTH="28" HEIGHT="18" WC="0.76" CONTENT="er"/><SP WIDTH="13" VPOS="3227" HPOS="932"/>
						<String ID="string_451" HPOS="945" VPOS="3222" WIDTH="63" HEIGHT="25" WC="0.92" CONTENT="eine"/><SP WIDTH="14" VPOS="3222" HPOS="1008"/>
						<String ID="string_452" HPOS="1022" VPOS="3220" WIDTH="127" HEIGHT="35" WC="0.30" CONTENT="ſpeziele"/>
					</TextLine>
					<TextLine ID="line_70" HPOS="136" VPOS="3254" WIDTH="1012" HEIGHT="37">
						<String ID="string_453" HPOS="136" VPOS="3256" WIDTH="108" HEIGHT="34" WC="0.32" CONTENT="toͤntgl."/><SP WIDTH="30" VPOS="3256" HPOS="244"/>
						<String ID="string_454" HPOS="274" VPOS="3256" WIDTH="169" HEIGHT="31" WC="0.28" CONTENT="Eriaubuiſ"/><SP WIDTH="35" VPOS="3256" HPOS="443"/>
						<String ID="string_455" HPOS="478" VPOS="3254" WIDTH="122" HEIGHT="34" WC="0.79" CONTENT="defaͤße,"/><SP WIDTH="42" VPOS="3254" HPOS="600"/>
						<String ID="string_456" HPOS="642" VPOS="3258" WIDTH="60" HEIGHT="23" WC="0.84" CONTENT="und"/><SP WIDTH="35" VPOS="3258" HPOS="702"/>
						<String ID="string_457" HPOS="737" VPOS="3255" WIDTH="163" HEIGHT="31" WC="0.55" CONTENT="ſeinethaib"/><SP WIDTH="30" VPOS="3255" HPOS="900"/>
						<String ID="string_458" HPOS="930" VPOS="3259" WIDTH="49" HEIGHT="25" WC="0.90" CONTENT="der"/><SP WIDTH="26" VPOS="3259" HPOS="979"/>
						<String ID="string_459" HPOS="1005" VPOS="3256" WIDTH="143" HEIGHT="35" WC="0.87" CONTENT="Jnquiſi⸗"/>
					</TextLine>
					<TextLine ID="line_71" HPOS="136" VPOS="3290" WIDTH="1013" HEIGHT="41">
						<String ID="string_460" HPOS="136" VPOS="3294" WIDTH="63" HEIGHT="26" WC="0.68" CONTENT="tion"/><SP WIDTH="27" VPOS="3294" HPOS="199"/>
						<String ID="string_461" HPOS="226" VPOS="3293" WIDTH="127" HEIGHT="38" WC="0.88" CONTENT="Anzeige"/><SP WIDTH="28" VPOS="3293" HPOS="353"/>
						<String ID="string_462" HPOS="381" VPOS="3294" WIDTH="111" HEIGHT="33" WC="0.91" CONTENT="gethan"/><SP WIDTH="34" VPOS="3294" HPOS="492"/>
						<String ID="string_463" HPOS="526" VPOS="3295" WIDTH="118" HEIGHT="23" WC="0.89" CONTENT="worden"/><SP WIDTH="30" VPOS="3295" HPOS="644"/>
						<String ID="string_464" HPOS="674" VPOS="3290" WIDTH="99" HEIGHT="33" WC="0.38" CONTENT="woͤre,"/><SP WIDTH="31" VPOS="3290" HPOS="773"/>
						<String ID="string_465" HPOS="804" VPOS="3294" WIDTH="95" HEIGHT="31" WC="0.90" CONTENT="damit"/><SP WIDTH="31" VPOS="3294" HPOS="899"/>
						<String ID="string_466" HPOS="930" VPOS="3293" WIDTH="35" HEIGHT="33" WC="0.90" CONTENT="ſie"/><SP WIDTH="30" VPOS="3293" HPOS="965"/>
						<String ID="string_467" HPOS="995" VPOS="3296" WIDTH="71" HEIGHT="26" WC="0.51" CONTENT="uͤber"/><SP WIDTH="24" VPOS="3296" HPOS="1066"/>
						<String ID="string_468" HPOS="1090" VPOS="3296" WIDTH="59" HEIGHT="28" WC="0.51" CONTENT="ſein"/>
					</TextLine>
					<TextLine ID="line_72" HPOS="136" VPOS="3328" WIDTH="1014" HEIGHT="36">
						<String ID="string_469" HPOS="136" VPOS="3330" WIDTH="91" HEIGHT="34" WC="0.90" CONTENT="Thun"/><SP WIDTH="31" VPOS="3330" HPOS="227"/>
						<String ID="string_470" HPOS="258" VPOS="3335" WIDTH="58" HEIGHT="25" WC="0.28" CONTENT="und"/><SP WIDTH="32" VPOS="3335" HPOS="316"/>
						<String ID="string_471" HPOS="348" VPOS="3330" WIDTH="98" HEIGHT="33" WC="0.28" CONTENT="Laſſen"/><SP WIDTH="28" VPOS="3330" HPOS="446"/>
						<String ID="string_472" HPOS="474" VPOS="3336" WIDTH="113" HEIGHT="28" WC="0.91" CONTENT="genaue"/><SP WIDTH="34" VPOS="3336" HPOS="587"/>
						<String ID="string_473" HPOS="621" VPOS="3328" WIDTH="131" HEIGHT="33" WC="0.37" CONTENT="Aufſicht"/><SP WIDTH="39" VPOS="3328" HPOS="752"/>
						<String ID="string_474" HPOS="791" VPOS="3328" WIDTH="110" HEIGHT="35" WC="0.55" CONTENT="führen"/><SP WIDTH="35" VPOS="3328" HPOS="901"/>
						<String ID="string_475" HPOS="936" VPOS="3331" WIDTH="120" HEIGHT="32" WC="0.71" CONTENT="könne."/><SP WIDTH="48" VPOS="3331" HPOS="1056"/>
						<String ID="string_476" HPOS="1104" VPOS="3331" WIDTH="46" HEIGHT="29" WC="0.91" CONTENT="Es"/>
					</TextLine>
					<TextLine ID="line_73" HPOS="135" VPOS="3366" WIDTH="1014" HEIGHT="42">
						<String ID="string_477" HPOS="135" VPOS="3369" WIDTH="157" HEIGHT="30" WC="0.76" CONTENT="vetbindet"/><SP WIDTH="32" VPOS="3369" HPOS="292"/>
						<String ID="string_478" HPOS="324" VPOS="3371" WIDTH="49" HEIGHT="27" WC="0.91" CONTENT="der"/><SP WIDTH="27" VPOS="3371" HPOS="373"/>
						<String ID="string_479" HPOS="400" VPOS="3367" WIDTH="106" HEIGHT="31" WC="0.71" CONTENT="Ritter"/><SP WIDTH="27" VPOS="3367" HPOS="506"/>
						<String ID="string_480" HPOS="533" VPOS="3373" WIDTH="75" HEIGHT="22" WC="0.92" CONTENT="von"/><SP WIDTH="6" VPOS="3373" HPOS="608"/>
						<String ID="string_481" HPOS="614" VPOS="3362" WIDTH="137" HEIGHT="50" WC="0.0" CONTENT="Pitrgel"/><SP WIDTH="36" VPOS="3362" HPOS="751"/>
						<String ID="string_482" HPOS="787" VPOS="3366" WIDTH="129" HEIGHT="36" WC="0.59" CONTENT="hiermit"/><SP WIDTH="14" VPOS="3366" HPOS="916"/>
						<String ID="string_483" HPOS="930" VPOS="3369" WIDTH="45" HEIGHT="29" WC="0.88" CONTENT="die"/><SP WIDTH="28" VPOS="3369" HPOS="975"/>
						<String ID="string_484" HPOS="1003" VPOS="3369" WIDTH="146" HEIGHT="39" WC="0.90" CONTENT="Anzeige,"/>
					</TextLine>
				</TextBlock>
				<TextBlock ID="block_25" HPOS="576" VPOS="2395" WIDTH="591" HEIGHT="40">
					<TextLine ID="line_74" HPOS="576" VPOS="2395" WIDTH="591" HEIGHT="40">
						<String ID="string_485" HPOS="576" VPOS="2399" WIDTH="86" HEIGHT="36" WC="0.30" CONTENT="Nev."/><SP WIDTH="48" VPOS="2399" HPOS="662"/>
						<String ID="string_486" HPOS="710" VPOS="2395" WIDTH="60" HEIGHT="31" WC="0.90" CONTENT="Am"/><SP WIDTH="27" VPOS="2395" HPOS="770"/>
						<String ID="string_487" HPOS="797" VPOS="2406" WIDTH="209" HEIGHT="28" WC="0.89" CONTENT="vergangenen"/><SP WIDTH="20" VPOS="2406" HPOS="1006"/>
						<String ID="string_488" HPOS="1026" VPOS="2400" WIDTH="119" HEIGHT="34" WC="0.70" CONTENT="Freitag"/>
					</TextLine>
				</TextBlock>
				<TextBlock ID="block_26" HPOS="1191" VPOS="2106" WIDTH="104" HEIGHT="28">
					<TextLine ID="line_75" HPOS="1191" VPOS="2106" WIDTH="104" HEIGHT="28">
						<String ID="string_489" HPOS="1191" VPOS="2106" WIDTH="104" HEIGHT="28" WC="0.60" CONTENT="Gut."/>
					</TextLine>
				</TextBlock>
				<TextBlock ID="block_27" HPOS="1203" VPOS="1076" WIDTH="1075" HEIGHT="407">
					<TextLine ID="line_76" HPOS="1203" VPOS="1076" WIDTH="1036" HEIGHT="39">
						<String ID="string_490" HPOS="1203" VPOS="1076" WIDTH="57" HEIGHT="34" WC="0.68" CONTENT="daß"/><SP WIDTH="24" VPOS="1076" HPOS="1260"/>
						<String ID="string_491" HPOS="1284" VPOS="1083" WIDTH="30" HEIGHT="21" WC="0.90" CONTENT="er"/><SP WIDTH="24" VPOS="1083" HPOS="1314"/>
						<String ID="string_492" HPOS="1338" VPOS="1076" WIDTH="80" HEIGHT="35" WC="0.73" CONTENT="ſelbſt"/><SP WIDTH="26" VPOS="1076" HPOS="1418"/>
						<String ID="string_493" HPOS="1444" VPOS="1078" WIDTH="82" HEIGHT="27" WC="0.87" CONTENT="keine"/><SP WIDTH="30" VPOS="1078" HPOS="1526"/>
						<String ID="string_494" HPOS="1556" VPOS="1076" WIDTH="172" HEIGHT="34" WC="0.58" CONTENT="Reiſevaͤſſe"/><SP WIDTH="25" VPOS="1076" HPOS="1728"/>
						<String ID="string_495" HPOS="1753" VPOS="1077" WIDTH="105" HEIGHT="27" WC="0.91" CONTENT="weiter"/><SP WIDTH="27" VPOS="1077" HPOS="1858"/>
						<String ID="string_496" HPOS="1885" VPOS="1076" WIDTH="110" HEIGHT="31" WC="0.86" CONTENT="viſiren"/><SP WIDTH="27" VPOS="1076" HPOS="1995"/>
						<String ID="string_497" HPOS="2022" VPOS="1079" WIDTH="117" HEIGHT="33" WC="0.1" CONTENT="werde"/><SP WIDTH="33" VPOS="1079" HPOS="2139"/>
						<String ID="string_498" HPOS="2172" VPOS="1080" WIDTH="67" HEIGHT="35" WC="0.73" CONTENT="wo⸗"/>
					</TextLine>
					<TextLine ID="line_77" HPOS="1204" VPOS="1112" WIDTH="1032" HEIGHT="37">
						<String ID="string_499" HPOS="1204" VPOS="1113" WIDTH="67" HEIGHT="32" WC="0.89" CONTENT="fern"/><SP WIDTH="31" VPOS="1113" HPOS="1271"/>
						<String ID="string_500" HPOS="1302" VPOS="1114" WIDTH="76" HEIGHT="30" WC="0.93" CONTENT="nicht"/><SP WIDTH="28" VPOS="1114" HPOS="1378"/>
						<String ID="string_501" HPOS="1406" VPOS="1115" WIDTH="165" HEIGHT="34" WC="0.71" CONTENT="vargethan"/><SP WIDTH="27" VPOS="1115" HPOS="1571"/>
						<String ID="string_502" HPOS="1598" VPOS="1114" WIDTH="54" HEIGHT="34" WC="0.92" CONTENT="iſt,"/><SP WIDTH="33" VPOS="1114" HPOS="1652"/>
						<String ID="string_503" HPOS="1685" VPOS="1113" WIDTH="56" HEIGHT="32" WC="0.92" CONTENT="daß"/><SP WIDTH="33" VPOS="1113" HPOS="1741"/>
						<String ID="string_504" HPOS="1774" VPOS="1113" WIDTH="64" HEIGHT="33" WC="0.92" CONTENT="ihre"/><SP WIDTH="28" VPOS="1113" HPOS="1838"/>
						<String ID="string_505" HPOS="1866" VPOS="1112" WIDTH="135" HEIGHT="35" WC="0.48" CONTENT="Träͤger"/><SP WIDTH="24" VPOS="1112" HPOS="2001"/>
						<String ID="string_506" HPOS="2025" VPOS="1115" WIDTH="81" HEIGHT="30" WC="0.88" CONTENT="jener"/><SP WIDTH="31" VPOS="1115" HPOS="2106"/>
						<String ID="string_507" HPOS="2137" VPOS="1112" WIDTH="99" HEIGHT="27" WC="0.82" CONTENT="Men⸗"/>
					</TextLine>
					<TextLine ID="line_78" HPOS="1204" VPOS="1149" WIDTH="1036" HEIGHT="37">
						<String ID="string_508" HPOS="1204" VPOS="1152" WIDTH="164" HEIGHT="32" WC="0.59" CONTENT="ſcheukiaſſe"/><SP WIDTH="17" VPOS="1152" HPOS="1368"/>
						<String ID="string_509" HPOS="1385" VPOS="1152" WIDTH="76" HEIGHT="28" WC="0.90" CONTENT="nicht"/><SP WIDTH="17" VPOS="1152" HPOS="1461"/>
						<String ID="string_510" HPOS="1478" VPOS="1151" WIDTH="186" HEIGHT="35" WC="0.79" CONTENT="angehoͤren,"/><SP WIDTH="24" VPOS="1151" HPOS="1664"/>
						<String ID="string_511" HPOS="1688" VPOS="1150" WIDTH="55" HEIGHT="34" WC="0.87" CONTENT="fuͤr"/><SP WIDTH="18" VPOS="1150" HPOS="1743"/>
						<String ID="string_512" HPOS="1761" VPOS="1151" WIDTH="44" HEIGHT="27" WC="0.92" CONTENT="die"/><SP WIDTH="22" VPOS="1151" HPOS="1805"/>
						<String ID="string_513" HPOS="1827" VPOS="1150" WIDTH="159" HEIGHT="33" WC="0.91" CONTENT="beſondere"/><SP WIDTH="10" VPOS="1150" HPOS="1986"/>
						<String ID="string_514" HPOS="1996" VPOS="1149" WIDTH="244" HEIGHT="33" WC="0.88" CONTENT="Maaßnahmen"/>
					</TextLine>
					<TextLine ID="line_79" HPOS="1203" VPOS="1189" WIDTH="311" HEIGHT="37">
						<String ID="string_515" HPOS="1203" VPOS="1192" WIDTH="181" HEIGHT="34" WC="0.91" CONTENT="angeordnez"/><SP WIDTH="24" VPOS="1192" HPOS="1384"/>
						<String ID="string_516" HPOS="1408" VPOS="1189" WIDTH="106" HEIGHT="33" WC="0.88" CONTENT="ſind."/>
					</TextLine>
					<TextLine ID="line_80" HPOS="1529" VPOS="1223" WIDTH="371" HEIGHT="36">
						<String ID="string_517" HPOS="1529" VPOS="1223" WIDTH="371" HEIGHT="36" WC="0.33" CONTENT="Frankrertch."/>
					</TextLine>
					<TextLine ID="line_81" HPOS="1240" VPOS="1257" WIDTH="1001" HEIGHT="40">
						<String ID="string_518" HPOS="1240" VPOS="1262" WIDTH="108" HEIGHT="32" WC="0.86" CONTENT="Am"/><SP WIDTH="25" VPOS="1262" HPOS="1348"/>
						<String ID="string_519" HPOS="1373" VPOS="1271" WIDTH="50" HEIGHT="20" WC="0.0" CONTENT="10."/><SP WIDTH="20" VPOS="1271" HPOS="1423"/>
						<String ID="string_520" HPOS="1443" VPOS="1263" WIDTH="91" HEIGHT="29" WC="0.71" CONTENT="Nov."/><SP WIDTH="22" VPOS="1263" HPOS="1534"/>
						<String ID="string_521" HPOS="1556" VPOS="1264" WIDTH="128" HEIGHT="27" WC="0.83" CONTENT="Abends"/><SP WIDTH="25" VPOS="1264" HPOS="1684"/>
						<String ID="string_522" HPOS="1709" VPOS="1262" WIDTH="82" HEIGHT="33" WC="0.89" CONTENT="hatte"/><SP WIDTH="37" VPOS="1262" HPOS="1791"/>
						<String ID="string_523" HPOS="1828" VPOS="1265" WIDTH="50" HEIGHT="24" WC="0.93" CONTENT="der"/><SP WIDTH="24" VPOS="1265" HPOS="1878"/>
						<String ID="string_524" HPOS="1902" VPOS="1260" WIDTH="91" HEIGHT="35" WC="0.22" CONTENT="Fuͤrſt"/><SP WIDTH="30" VPOS="1260" HPOS="1993"/>
						<String ID="string_525" HPOS="2023" VPOS="1267" WIDTH="62" HEIGHT="21" WC="0.92" CONTENT="von"/><SP WIDTH="33" VPOS="1267" HPOS="2085"/>
						<String ID="string_526" HPOS="2118" VPOS="1257" WIDTH="123" HEIGHT="40" WC="0.87" CONTENT="Talley⸗"/>
					</TextLine>
					<TextLine ID="line_82" HPOS="1205" VPOS="1298" WIDTH="697" HEIGHT="37">
						<String ID="string_527" HPOS="1205" VPOS="1302" WIDTH="76" HEIGHT="27" WC="0.92" CONTENT="rand"/><SP WIDTH="24" VPOS="1302" HPOS="1281"/>
						<String ID="string_528" HPOS="1305" VPOS="1302" WIDTH="66" HEIGHT="30" WC="0.92" CONTENT="eine"/><SP WIDTH="20" VPOS="1302" HPOS="1371"/>
						<String ID="string_529" HPOS="1391" VPOS="1302" WIDTH="249" HEIGHT="33" WC="0.82" CONTENT="Privataudienz"/><SP WIDTH="24" VPOS="1302" HPOS="1640"/>
						<String ID="string_530" HPOS="1664" VPOS="1300" WIDTH="79" HEIGHT="27" WC="0.93" CONTENT="beim"/><SP WIDTH="26" VPOS="1300" HPOS="1743"/>
						<String ID="string_531" HPOS="1769" VPOS="1298" WIDTH="133" HEIGHT="34" WC="0.89" CONTENT="Koͤnige."/>
					</TextLine>
					<TextLine ID="line_83" HPOS="1291" VPOS="1333" WIDTH="952" HEIGHT="37">
						<String ID="string_532" HPOS="1291" VPOS="1337" WIDTH="56" HEIGHT="29" WC="0.51" CONTENT="Am"/><SP WIDTH="9" VPOS="1337" HPOS="1347"/>
						<String ID="string_533" HPOS="1356" VPOS="1329" WIDTH="134" HEIGHT="45" WC="0.51" CONTENT="meiſten"/><SP WIDTH="19" VPOS="1329" HPOS="1490"/>
						<String ID="string_534" HPOS="1509" VPOS="1338" WIDTH="275" HEIGHT="29" WC="0.78" CONTENT="Aufmretſamteit"/><SP WIDTH="19" VPOS="1338" HPOS="1784"/>
						<String ID="string_535" HPOS="1803" VPOS="1338" WIDTH="106" HEIGHT="28" WC="0.90" CONTENT="richtet"/><SP WIDTH="20" VPOS="1338" HPOS="1909"/>
						<String ID="string_536" HPOS="1929" VPOS="1333" WIDTH="179" HEIGHT="36" WC="0.67" CONTENT="Frankreich"/><SP WIDTH="25" VPOS="1333" HPOS="2108"/>
						<String ID="string_537" HPOS="2133" VPOS="1338" WIDTH="110" HEIGHT="30" WC="0.88" CONTENT="gegen⸗"/>
					</TextLine>
					<TextLine ID="line_84" HPOS="1206" VPOS="1374" WIDTH="1072" HEIGHT="37">
						<String ID="string_538" HPOS="1206" VPOS="1375" WIDTH="110" HEIGHT="34" WC="0.87" CONTENT="waͤrtig"/><SP WIDTH="34" VPOS="1375" HPOS="1316"/>
						<String ID="string_539" HPOS="1350" VPOS="1376" WIDTH="54" HEIGHT="32" WC="0.92" CONTENT="auf"/><SP WIDTH="28" VPOS="1376" HPOS="1404"/>
						<String ID="string_540" HPOS="1432" VPOS="1377" WIDTH="77" HEIGHT="30" WC="0.92" CONTENT="ſeine"/><SP WIDTH="32" VPOS="1377" HPOS="1509"/>
						<String ID="string_541" HPOS="1541" VPOS="1375" WIDTH="393" HEIGHT="36" WC="0.23" CONTENT="Devutiertenkammern,"/><SP WIDTH="32" VPOS="1375" HPOS="1934"/>
						<String ID="string_542" HPOS="1966" VPOS="1375" WIDTH="64" HEIGHT="25" WC="0.92" CONTENT="und"/><SP WIDTH="35" VPOS="1375" HPOS="2030"/>
						<String ID="string_543" HPOS="2065" VPOS="1377" WIDTH="92" HEIGHT="23" WC="0.78" CONTENT="unter"/><SP WIDTH="29" VPOS="1377" HPOS="2157"/>
						<String ID="string_544" HPOS="2186" VPOS="1374" WIDTH="58" HEIGHT="24" WC="0.0" CONTENT="den"/><SP WIDTH="30" VPOS="1374" HPOS="2244"/>
						<String ID="string_545" HPOS="2274" VPOS="1401" WIDTH="4" HEIGHT="4" WC="0.0" CONTENT="."/>
					</TextLine>
					<TextLine ID="line_85" HPOS="1205" VPOS="1408" WIDTH="1040" HEIGHT="40">
						<String ID="string_546" HPOS="1205" VPOS="1412" WIDTH="188" HEIGHT="33" WC="0.78" CONTENT="Thematen,"/><SP WIDTH="26" VPOS="1412" HPOS="1393"/>
						<String ID="string_547" HPOS="1419" VPOS="1415" WIDTH="43" HEIGHT="26" WC="0.92" CONTENT="die"/><SP WIDTH="21" VPOS="1415" HPOS="1462"/>
						<String ID="string_548" HPOS="1483" VPOS="1415" WIDTH="36" HEIGHT="29" WC="0.92" CONTENT="ſie"/><SP WIDTH="27" VPOS="1415" HPOS="1519"/>
						<String ID="string_549" HPOS="1546" VPOS="1420" WIDTH="35" HEIGHT="28" WC="0.92" CONTENT="zu"/><SP WIDTH="26" VPOS="1420" HPOS="1581"/>
						<String ID="string_550" HPOS="1607" VPOS="1413" WIDTH="168" HEIGHT="32" WC="0.92" CONTENT="behandein"/><SP WIDTH="26" VPOS="1413" HPOS="1775"/>
						<String ID="string_551" HPOS="1801" VPOS="1411" WIDTH="98" HEIGHT="33" WC="0.93" CONTENT="haben"/><SP WIDTH="29" VPOS="1411" HPOS="1899"/>
						<String ID="string_552" HPOS="1928" VPOS="1411" WIDTH="99" HEIGHT="31" WC="0.60" CONTENT="wird,"/><SP WIDTH="37" VPOS="1411" HPOS="2027"/>
						<String ID="string_553" HPOS="2064" VPOS="1408" WIDTH="181" HEIGHT="32" WC="0.83" CONTENT="intereßtert"/>
					</TextLine>
					<TextLine ID="line_86" HPOS="1206" VPOS="1445" WIDTH="1038" HEIGHT="38">
						<String ID="string_554" HPOS="1206" VPOS="1457" WIDTH="32" HEIGHT="19" WC="0.92" CONTENT="es"/><SP WIDTH="24" VPOS="1457" HPOS="1238"/>
						<String ID="string_555" HPOS="1262" VPOS="1451" WIDTH="48" HEIGHT="31" WC="0.92" CONTENT="ſich"/><SP WIDTH="24" VPOS="1451" HPOS="1310"/>
						<String ID="string_556" HPOS="1334" VPOS="1450" WIDTH="39" HEIGHT="27" WC="0.91" CONTENT="im"/><SP WIDTH="20" VPOS="1450" HPOS="1373"/>
						<String ID="string_557" HPOS="1393" VPOS="1450" WIDTH="147" HEIGHT="29" WC="0.81" CONTENT="Voraus:"/><SP WIDTH="35" VPOS="1450" HPOS="1540"/>
						<String ID="string_558" HPOS="1575" VPOS="1450" WIDTH="52" HEIGHT="33" WC="0.85" CONTENT="fuͤr"/><SP WIDTH="21" VPOS="1450" HPOS="1627"/>
						<String ID="string_559" HPOS="1648" VPOS="1451" WIDTH="45" HEIGHT="25" WC="0.92" CONTENT="die"/><SP WIDTH="25" VPOS="1451" HPOS="1693"/>
						<String ID="string_560" HPOS="1718" VPOS="1447" WIDTH="380" HEIGHT="33" WC="0.90" CONTENT="Geſchwornengerichte,"/><SP WIDTH="25" VPOS="1447" HPOS="2098"/>
						<String ID="string_561" HPOS="2123" VPOS="1445" WIDTH="52" HEIGHT="32" WC="0.91" CONTENT="fuͤr"/><SP WIDTH="21" VPOS="1445" HPOS="2175"/>
						<String ID="string_562" HPOS="2196" VPOS="1445" WIDTH="48" HEIGHT="28" WC="0.85" CONTENT="die"/>
					</TextLine>
				</TextBlock>
				<TextBlock ID="block_28" HPOS="1187" VPOS="1483" WIDTH="1057" HEIGHT="79">
					<TextLine ID="line_87" HPOS="1187" VPOS="1483" WIDTH="1057" HEIGHT="42">
						<String ID="string_563" HPOS="1187" VPOS="1487" WIDTH="307" HEIGHT="38" WC="0.59" CONTENT="Generalkonſeits,"/><SP WIDTH="35" VPOS="1487" HPOS="1494"/>
						<String ID="string_564" HPOS="1529" VPOS="1488" WIDTH="45" HEIGHT="27" WC="0.91" CONTENT="die"/><SP WIDTH="27" VPOS="1488" HPOS="1574"/>
						<String ID="string_565" HPOS="1601" VPOS="1486" WIDTH="223" HEIGHT="34" WC="0.90" CONTENT="Organiſation"/><SP WIDTH="28" VPOS="1486" HPOS="1824"/>
						<String ID="string_566" HPOS="1852" VPOS="1489" WIDTH="50" HEIGHT="24" WC="0.93" CONTENT="der"/><SP WIDTH="31" VPOS="1489" HPOS="1902"/>
						<String ID="string_567" HPOS="1933" VPOS="1483" WIDTH="311" HEIGHT="36" WC="0.11" CONTENT="Bunizipalitaͤten,"/>
					</TextLine>
					<TextLine ID="line_88" HPOS="1190" VPOS="1524" WIDTH="375" HEIGHT="38">
						<String ID="string_568" HPOS="1190" VPOS="1526" WIDTH="67" HEIGHT="25" WC="0.18" CONTENT="der"/><SP WIDTH="21" VPOS="1526" HPOS="1257"/>
						<String ID="string_569" HPOS="1278" VPOS="1524" WIDTH="287" HEIGHT="38" WC="0.66" CONTENT="Nationalgarden,"/>
					</TextLine>
				</TextBlock>
				<TextBlock ID="block_29" HPOS="1205" VPOS="1519" WIDTH="1071" HEIGHT="731">
					<TextLine ID="line_89" HPOS="1607" VPOS="1519" WIDTH="636" HEIGHT="39">
						<String ID="string_570" HPOS="1607" VPOS="1527" WIDTH="63" HEIGHT="28" WC="0.92" CONTENT="und"/><SP WIDTH="26" VPOS="1527" HPOS="1670"/>
						<String ID="string_571" HPOS="1696" VPOS="1524" WIDTH="51" HEIGHT="29" WC="0.51" CONTENT="fuͤr"/><SP WIDTH="29" VPOS="1524" HPOS="1747"/>
						<String ID="string_572" HPOS="1776" VPOS="1524" WIDTH="66" HEIGHT="27" WC="0.65" CONTENT="eine"/><SP WIDTH="30" VPOS="1524" HPOS="1842"/>
						<String ID="string_573" HPOS="1872" VPOS="1522" WIDTH="189" HEIGHT="34" WC="0.86" CONTENT="gewuͤnſchte"/><SP WIDTH="30" VPOS="1522" HPOS="2061"/>
						<String ID="string_574" HPOS="2091" VPOS="1519" WIDTH="152" HEIGHT="39" WC="0.69" CONTENT="Reviſion"/>
					</TextLine>
					<TextLine ID="line_90" HPOS="1208" VPOS="1556" WIDTH="1034" HEIGHT="39">
						<String ID="string_575" HPOS="1208" VPOS="1565" WIDTH="50" HEIGHT="23" WC="0.91" CONTENT="der"/><SP WIDTH="10" VPOS="1565" HPOS="1258"/>
						<String ID="string_576" HPOS="1268" VPOS="1561" WIDTH="127" HEIGHT="34" WC="0.91" CONTENT="Geſetze,"/><SP WIDTH="26" VPOS="1561" HPOS="1395"/>
						<String ID="string_577" HPOS="1421" VPOS="1563" WIDTH="94" HEIGHT="27" WC="0.91" CONTENT="damit"/><SP WIDTH="21" VPOS="1563" HPOS="1515"/>
						<String ID="string_578" HPOS="1536" VPOS="1562" WIDTH="168" HEIGHT="33" WC="0.89" CONTENT="diejenigen"/><SP WIDTH="20" VPOS="1562" HPOS="1704"/>
						<String ID="string_579" HPOS="1724" VPOS="1561" WIDTH="160" HEIGHT="32" WC="0.91" CONTENT="geſtrichen"/><SP WIDTH="18" VPOS="1561" HPOS="1884"/>
						<String ID="string_580" HPOS="1902" VPOS="1561" WIDTH="123" HEIGHT="26" WC="0.82" CONTENT="werden"/><SP WIDTH="10" VPOS="1561" HPOS="2025"/>
						<String ID="string_581" HPOS="2035" VPOS="1558" WIDTH="132" HEIGHT="31" WC="0.33" CONTENT="mogen⸗"/><SP WIDTH="25" VPOS="1558" HPOS="2167"/>
						<String ID="string_582" HPOS="2192" VPOS="1556" WIDTH="50" HEIGHT="25" WC="0.90" CONTENT="die"/>
					</TextLine>
					<TextLine ID="line_91" HPOS="1207" VPOS="1592" WIDTH="1069" HEIGHT="40">
						<String ID="string_583" HPOS="1207" VPOS="1600" WIDTH="55" HEIGHT="26" WC="0.90" CONTENT="mit"/><SP WIDTH="23" VPOS="1600" HPOS="1262"/>
						<String ID="string_584" HPOS="1285" VPOS="1602" WIDTH="49" HEIGHT="25" WC="0.90" CONTENT="der"/><SP WIDTH="27" VPOS="1602" HPOS="1334"/>
						<String ID="string_585" HPOS="1361" VPOS="1600" WIDTH="112" HEIGHT="30" WC="0.90" CONTENT="Charte"/><SP WIDTH="22" VPOS="1600" HPOS="1473"/>
						<String ID="string_586" HPOS="1495" VPOS="1600" WIDTH="131" HEIGHT="32" WC="0.92" CONTENT="ſtreiten."/><SP WIDTH="47" VPOS="1600" HPOS="1626"/>
						<String ID="string_587" HPOS="1673" VPOS="1599" WIDTH="64" HEIGHT="26" WC="0.92" CONTENT="Die"/><SP WIDTH="18" VPOS="1599" HPOS="1737"/>
						<String ID="string_588" HPOS="1755" VPOS="1597" WIDTH="112" HEIGHT="27" WC="0.91" CONTENT="Armee"/><SP WIDTH="23" VPOS="1597" HPOS="1867"/>
						<String ID="string_589" HPOS="1890" VPOS="1598" WIDTH="77" HEIGHT="25" WC="0.90" CONTENT="wird"/><SP WIDTH="36" VPOS="1598" HPOS="1967"/>
						<String ID="string_590" HPOS="2003" VPOS="1594" WIDTH="57" HEIGHT="32" WC="0.86" CONTENT="auf"/><SP WIDTH="26" VPOS="1594" HPOS="2060"/>
						<String ID="string_591" HPOS="2086" VPOS="1592" WIDTH="156" HEIGHT="36" WC="0.22" CONTENT="hoͤchſtens"/>
					</TextLine>
					<TextLine ID="line_92" HPOS="1205" VPOS="1629" WIDTH="1039" HEIGHT="41">
						<String ID="string_592" HPOS="1205" VPOS="1643" WIDTH="139" HEIGHT="26" WC="0.63" CONTENT="240.0020"/><SP WIDTH="18" VPOS="1643" HPOS="1344"/>
						<String ID="string_593" HPOS="1362" VPOS="1637" WIDTH="108" HEIGHT="27" WC="0.75" CONTENT="Mann"/><SP WIDTH="21" VPOS="1637" HPOS="1470"/>
						<String ID="string_594" HPOS="1491" VPOS="1638" WIDTH="193" HEIGHT="32" WC="0.68" CONTENT="angegeben,"/><SP WIDTH="25" VPOS="1638" HPOS="1684"/>
						<String ID="string_595" HPOS="1709" VPOS="1639" WIDTH="62" HEIGHT="23" WC="0.92" CONTENT="und"/><SP WIDTH="26" VPOS="1639" HPOS="1771"/>
						<String ID="string_596" HPOS="1797" VPOS="1636" WIDTH="46" HEIGHT="26" WC="0.93" CONTENT="die"/><SP WIDTH="20" VPOS="1636" HPOS="1843"/>
						<String ID="string_597" HPOS="1863" VPOS="1633" WIDTH="74" HEIGHT="32" WC="0.48" CONTENT="Zahl"/><SP WIDTH="22" VPOS="1633" HPOS="1937"/>
						<String ID="string_598" HPOS="1959" VPOS="1635" WIDTH="49" HEIGHT="24" WC="0.73" CONTENT="der"/><SP WIDTH="30" VPOS="1635" HPOS="2008"/>
						<String ID="string_599" HPOS="2038" VPOS="1633" WIDTH="42" HEIGHT="25" WC="0.91" CONTENT="im"/><SP WIDTH="30" VPOS="1633" HPOS="2080"/>
						<String ID="string_600" HPOS="2110" VPOS="1629" WIDTH="134" HEIGHT="33" WC="0.0" CONTENT="Kriegs⸗"/>
					</TextLine>
					<TextLine ID="line_93" HPOS="1207" VPOS="1671" WIDTH="766" HEIGHT="37">
						<String ID="string_601" HPOS="1207" VPOS="1674" WIDTH="198" HEIGHT="31" WC="0.89" CONTENT="miniſterium"/><SP WIDTH="25" VPOS="1674" HPOS="1405"/>
						<String ID="string_602" HPOS="1430" VPOS="1674" WIDTH="194" HEIGHT="34" WC="0.59" CONTENT="angeſteuten"/><SP WIDTH="26" VPOS="1674" HPOS="1624"/>
						<String ID="string_603" HPOS="1650" VPOS="1672" WIDTH="145" HEIGHT="28" WC="0.91" CONTENT="Kommis"/><SP WIDTH="24" VPOS="1672" HPOS="1795"/>
						<String ID="string_604" HPOS="1819" VPOS="1671" WIDTH="57" HEIGHT="31" WC="0.86" CONTENT="auf"/><SP WIDTH="21" VPOS="1671" HPOS="1876"/>
						<String ID="string_605" HPOS="1897" VPOS="1674" WIDTH="76" HEIGHT="27" WC="0.89" CONTENT="800."/>
					</TextLine>
					<TextLine ID="line_94" HPOS="1292" VPOS="1701" WIDTH="952" HEIGHT="41">
						<String ID="string_606" HPOS="1292" VPOS="1707" WIDTH="76" HEIGHT="32" WC="0.66" CONTENT="Die"/><SP WIDTH="13" VPOS="1707" HPOS="1368"/>
						<String ID="string_607" HPOS="1381" VPOS="1711" WIDTH="201" HEIGHT="31" WC="0.0" CONTENT="Nachichten"/><SP WIDTH="28" VPOS="1711" HPOS="1582"/>
						<String ID="string_608" HPOS="1610" VPOS="1713" WIDTH="58" HEIGHT="24" WC="0.83" CONTENT="aus"/><SP WIDTH="19" VPOS="1713" HPOS="1668"/>
						<String ID="string_609" HPOS="1687" VPOS="1709" WIDTH="153" HEIGHT="30" WC="0.22" CONTENT="Svanien"/><SP WIDTH="19" VPOS="1709" HPOS="1840"/>
						<String ID="string_610" HPOS="1859" VPOS="1707" WIDTH="64" HEIGHT="32" WC="0.25" CONTENT="fnd"/><SP WIDTH="20" VPOS="1707" HPOS="1923"/>
						<String ID="string_611" HPOS="1943" VPOS="1705" WIDTH="81" HEIGHT="31" WC="0.92" CONTENT="nicht"/><SP WIDTH="19" VPOS="1705" HPOS="2024"/>
						<String ID="string_612" HPOS="2043" VPOS="1701" WIDTH="201" HEIGHT="36" WC="0.64" CONTENT="beruhigend,"/>
					</TextLine>
					<TextLine ID="line_95" HPOS="1208" VPOS="1742" WIDTH="1038" HEIGHT="39">
						<String ID="string_613" HPOS="1208" VPOS="1748" WIDTH="44" HEIGHT="28" WC="0.93" CONTENT="die"/><SP WIDTH="28" VPOS="1748" HPOS="1252"/>
						<String ID="string_614" HPOS="1280" VPOS="1747" WIDTH="168" HEIGHT="34" WC="0.89" CONTENT="Krantheit"/><SP WIDTH="27" VPOS="1747" HPOS="1448"/>
						<String ID="string_615" HPOS="1475" VPOS="1748" WIDTH="94" HEIGHT="30" WC="0.61" CONTENT="dehnt"/><SP WIDTH="20" VPOS="1748" HPOS="1569"/>
						<String ID="string_616" HPOS="1589" VPOS="1748" WIDTH="50" HEIGHT="31" WC="0.91" CONTENT="ſich"/><SP WIDTH="16" VPOS="1748" HPOS="1639"/>
						<String ID="string_617" HPOS="1655" VPOS="1747" WIDTH="38" HEIGHT="28" WC="0.91" CONTENT="in"/><SP WIDTH="21" VPOS="1747" HPOS="1693"/>
						<String ID="string_618" HPOS="1714" VPOS="1744" WIDTH="189" HEIGHT="32" WC="0.19" CONTENT="Andaluſien"/><SP WIDTH="20" VPOS="1744" HPOS="1903"/>
						<String ID="string_619" HPOS="1923" VPOS="1745" WIDTH="111" HEIGHT="25" WC="0.90" CONTENT="immer"/><SP WIDTH="16" VPOS="1745" HPOS="2034"/>
						<String ID="string_620" HPOS="2050" VPOS="1742" WIDTH="106" HEIGHT="27" WC="0.92" CONTENT="weiter"/><SP WIDTH="16" VPOS="1742" HPOS="2156"/>
						<String ID="string_621" HPOS="2172" VPOS="1742" WIDTH="74" HEIGHT="25" WC="0.66" CONTENT="aus."/>
					</TextLine>
					<TextLine ID="line_96" HPOS="1207" VPOS="1778" WIDTH="1042" HEIGHT="41">
						<String ID="string_622" HPOS="1207" VPOS="1785" WIDTH="64" HEIGHT="33" WC="0.92" CONTENT="Die"/><SP WIDTH="33" VPOS="1785" HPOS="1271"/>
						<String ID="string_623" HPOS="1304" VPOS="1785" WIDTH="122" HEIGHT="34" WC="0.84" CONTENT="Herren"/><SP WIDTH="41" VPOS="1785" HPOS="1426"/>
						<String ID="string_624" HPOS="1467" VPOS="1784" WIDTH="149" HEIGHT="34" WC="0.39" CONTENT="Prafette"/><SP WIDTH="34" VPOS="1784" HPOS="1616"/>
						<String ID="string_625" HPOS="1650" VPOS="1787" WIDTH="49" HEIGHT="22" WC="0.57" CONTENT="der"/><SP WIDTH="30" VPOS="1787" HPOS="1699"/>
						<String ID="string_626" HPOS="1729" VPOS="1781" WIDTH="236" HEIGHT="35" WC="0.59" CONTENT="angraͤnzenden"/><SP WIDTH="36" VPOS="1781" HPOS="1965"/>
						<String ID="string_627" HPOS="2001" VPOS="1778" WIDTH="248" HEIGHT="33" WC="0.89" CONTENT="Devartemente"/>
					</TextLine>
					<TextLine ID="line_97" HPOS="1209" VPOS="1812" WIDTH="1041" HEIGHT="41">
						<String ID="string_628" HPOS="1209" VPOS="1808" WIDTH="107" HEIGHT="49" WC="0.15" CONTENT="Diefes"/><SP WIDTH="12" VPOS="1808" HPOS="1316"/>
						<String ID="string_629" HPOS="1328" VPOS="1808" WIDTH="233" HEIGHT="49" WC="0.12" CONTENT="Kdnigsrcichés"/><SP WIDTH="28" VPOS="1808" HPOS="1561"/>
						<String ID="string_630" HPOS="1589" VPOS="1820" WIDTH="97" HEIGHT="32" WC="0.90" CONTENT="haben"/><SP WIDTH="28" VPOS="1820" HPOS="1686"/>
						<String ID="string_631" HPOS="1714" VPOS="1818" WIDTH="117" HEIGHT="34" WC="0.74" CONTENT="Befehi"/><SP WIDTH="30" VPOS="1818" HPOS="1831"/>
						<String ID="string_632" HPOS="1861" VPOS="1817" WIDTH="140" HEIGHT="35" WC="0.47" CONTENT="erhatten"/><SP WIDTH="37" VPOS="1817" HPOS="2001"/>
						<String ID="string_633" HPOS="2038" VPOS="1815" WIDTH="65" HEIGHT="34" WC="0.92" CONTENT="ihre"/><SP WIDTH="33" VPOS="1815" HPOS="2103"/>
						<String ID="string_634" HPOS="2136" VPOS="1812" WIDTH="114" HEIGHT="36" WC="0.79" CONTENT="Wach⸗"/>
					</TextLine>
					<TextLine ID="line_98" HPOS="1209" VPOS="1857" WIDTH="1042" HEIGHT="34">
						<String ID="string_635" HPOS="1209" VPOS="1857" WIDTH="123" HEIGHT="33" WC="0.58" CONTENT="famteit"/><SP WIDTH="21" VPOS="1857" HPOS="1332"/>
						<String ID="string_636" HPOS="1353" VPOS="1863" WIDTH="33" HEIGHT="26" WC="0.92" CONTENT="zu"/><SP WIDTH="18" VPOS="1863" HPOS="1386"/>
						<String ID="string_637" HPOS="1404" VPOS="1858" WIDTH="198" HEIGHT="33" WC="0.22" CONTENT="verdoppeln,"/><SP WIDTH="302" VPOS="1858" HPOS="1602"/>
						<String ID="string_638" HPOS="1904" VPOS="1878" WIDTH="16" HEIGHT="3" WC="0.15" CONTENT=" —"/><SP WIDTH="60" VPOS="1878" HPOS="1920"/>
						<String ID="string_639" HPOS="1980" VPOS="1880" WIDTH="3" HEIGHT="3" WC="0.28" CONTENT="—"/>
					</TextLine>
					<TextLine ID="line_99" HPOS="1358" VPOS="1887" WIDTH="521" HEIGHT="33">
						<String ID="string_640" HPOS="1358" VPOS="1909" WIDTH="39" HEIGHT="10" WC="0.7" CONTENT="—"/><SP WIDTH="31" VPOS="1909" HPOS="1397"/>
						<String ID="string_641" HPOS="1428" VPOS="1905" WIDTH="39" HEIGHT="15" WC="0.7" CONTENT=" —"/><SP WIDTH="110" VPOS="1905" HPOS="1467"/>
						<String ID="string_642" HPOS="1577" VPOS="1887" WIDTH="302" HEIGHT="33" WC="0.21" CONTENT="Spante"/><SP WIDTH="-65" VPOS="1887" HPOS="1879"/>
						<String ID="string_643" HPOS="1814" VPOS="1883" WIDTH="64" HEIGHT="42" WC="0.55" CONTENT="n."/>
					</TextLine>
					<TextLine ID="line_100" HPOS="1240" VPOS="1917" WIDTH="1010" HEIGHT="41">
						<String ID="string_644" HPOS="1240" VPOS="1924" WIDTH="119" HEIGHT="34" WC="0.89" CONTENT="Die"/><SP WIDTH="18" VPOS="1924" HPOS="1359"/>
						<String ID="string_645" HPOS="1377" VPOS="1923" WIDTH="186" HEIGHT="35" WC="0.51" CONTENT="Hofzeltung"/><SP WIDTH="19" VPOS="1923" HPOS="1563"/>
						<String ID="string_646" HPOS="1582" VPOS="1924" WIDTH="119" HEIGHT="27" WC="0.57" CONTENT="enthaͤlt"/><SP WIDTH="14" VPOS="1924" HPOS="1701"/>
						<String ID="string_647" HPOS="1715" VPOS="1926" WIDTH="48" HEIGHT="23" WC="0.73" CONTENT="ein"/><SP WIDTH="8" VPOS="1926" HPOS="1763"/>
						<String ID="string_648" HPOS="1771" VPOS="1923" WIDTH="168" HEIGHT="32" WC="0.73" CONTENT="wichtiges"/><SP WIDTH="20" VPOS="1923" HPOS="1939"/>
						<String ID="string_649" HPOS="1959" VPOS="1918" WIDTH="180" HEIGHT="35" WC="0.33" CONTENT="koͤntgliches"/><SP WIDTH="13" VPOS="1918" HPOS="2139"/>
						<String ID="string_650" HPOS="2152" VPOS="1917" WIDTH="98" HEIGHT="30" WC="0.44" CONTENT="Edike"/>
					</TextLine>
					<TextLine ID="line_101" HPOS="1206" VPOS="1956" WIDTH="1038" HEIGHT="36">
						<String ID="string_651" HPOS="1206" VPOS="1965" WIDTH="71" HEIGHT="21" WC="0.89" CONTENT="vom"/><SP WIDTH="17" VPOS="1965" HPOS="1277"/>
						<String ID="string_652" HPOS="1294" VPOS="1966" WIDTH="54" HEIGHT="25" WC="0.91" CONTENT="25."/><SP WIDTH="24" VPOS="1966" HPOS="1348"/>
						<String ID="string_653" HPOS="1372" VPOS="1961" WIDTH="85" HEIGHT="29" WC="0.0" CONTENT="Gtt)"/><SP WIDTH="24" VPOS="1961" HPOS="1457"/>
						<String ID="string_654" HPOS="1481" VPOS="1961" WIDTH="97" HEIGHT="27" WC="0.0" CONTENT="worin"/><SP WIDTH="24" VPOS="1961" HPOS="1578"/>
						<String ID="string_655" HPOS="1602" VPOS="1960" WIDTH="46" HEIGHT="26" WC="0.92" CONTENT="bei"/><SP WIDTH="22" VPOS="1960" HPOS="1648"/>
						<String ID="string_656" HPOS="1670" VPOS="1960" WIDTH="206" HEIGHT="32" WC="0.60" CONTENT="Getegenheit"/><SP WIDTH="18" VPOS="1960" HPOS="1876"/>
						<String ID="string_657" HPOS="1894" VPOS="1962" WIDTH="50" HEIGHT="23" WC="0.92" CONTENT="der"/><SP WIDTH="20" VPOS="1962" HPOS="1944"/>
						<String ID="string_658" HPOS="1964" VPOS="1957" WIDTH="185" HEIGHT="33" WC="0.34" CONTENT="koͤniglichen"/><SP WIDTH="13" VPOS="1957" HPOS="2149"/>
						<String ID="string_659" HPOS="2162" VPOS="1956" WIDTH="82" HEIGHT="28" WC="0.91" CONTENT="Ver⸗"/>
					</TextLine>
					<TextLine ID="line_102" HPOS="1206" VPOS="1993" WIDTH="1038" HEIGHT="37">
						<String ID="string_660" HPOS="1206" VPOS="1996" WIDTH="208" HEIGHT="34" WC="0.30" CONTENT="maͤhlungein"/><SP WIDTH="26" VPOS="1996" HPOS="1414"/>
						<String ID="string_661" HPOS="1440" VPOS="1997" WIDTH="374" HEIGHT="29" WC="0.86" CONTENT="Generatpardon,"/><SP WIDTH="28" VPOS="1997" HPOS="1814"/>
						<String ID="string_662" HPOS="1842" VPOS="2001" WIDTH="89" HEIGHT="22" WC="0.67" CONTENT="unter"/><SP WIDTH="19" VPOS="2001" HPOS="1931"/>
						<String ID="string_663" HPOS="1950" VPOS="1995" WIDTH="161" HEIGHT="31" WC="0.88" CONTENT="folgenden"/><SP WIDTH="12" VPOS="1995" HPOS="2111"/>
						<String ID="string_664" HPOS="2123" VPOS="1993" WIDTH="121" HEIGHT="27" WC="0.91" CONTENT="Moda⸗"/>
					</TextLine>
					<TextLine ID="line_103" HPOS="1207" VPOS="2031" WIDTH="1036" HEIGHT="36">
						<String ID="string_665" HPOS="1207" VPOS="2032" WIDTH="109" HEIGHT="27" WC="0.44" CONTENT="litäten"/><SP WIDTH="21" VPOS="2032" HPOS="1316"/>
						<String ID="string_666" HPOS="1337" VPOS="2032" WIDTH="175" HEIGHT="32" WC="0.15" CONTENT="proklamirt"/><SP WIDTH="33" VPOS="2032" HPOS="1512"/>
						<String ID="string_667" HPOS="1545" VPOS="2033" WIDTH="101" HEIGHT="26" WC="0.90" CONTENT="wird:"/><SP WIDTH="33" VPOS="2033" HPOS="1646"/>
						<String ID="string_668" HPOS="1679" VPOS="2040" WIDTH="28" HEIGHT="18" WC="0.92" CONTENT="1."/><SP WIDTH="26" VPOS="2040" HPOS="1707"/>
						<String ID="string_669" HPOS="1733" VPOS="2032" WIDTH="113" HEIGHT="30" WC="0.78" CONTENT="Dieſer"/><SP WIDTH="21" VPOS="2032" HPOS="1846"/>
						<String ID="string_670" HPOS="1867" VPOS="2032" WIDTH="132" HEIGHT="34" WC="0.91" CONTENT="Pardon"/><SP WIDTH="27" VPOS="2032" HPOS="1999"/>
						<String ID="string_671" HPOS="2026" VPOS="2032" WIDTH="115" HEIGHT="26" WC="0.81" CONTENT="kommt"/><SP WIDTH="18" VPOS="2032" HPOS="2141"/>
						<String ID="string_672" HPOS="2159" VPOS="2031" WIDTH="84" HEIGHT="36" WC="0.40" CONTENT="alten"/>
					</TextLine>
					<TextLine ID="line_104" HPOS="1207" VPOS="2068" WIDTH="1034" HEIGHT="36">
						<String ID="string_673" HPOS="1207" VPOS="2068" WIDTH="205" HEIGHT="32" WC="0.90" CONTENT="Gefangenen"/><SP WIDTH="28" VPOS="2068" HPOS="1412"/>
						<String ID="string_674" HPOS="1440" VPOS="2076" WIDTH="33" HEIGHT="28" WC="0.92" CONTENT="zu"/><SP WIDTH="28" VPOS="2076" HPOS="1473"/>
						<String ID="string_675" HPOS="1501" VPOS="2069" WIDTH="134" HEIGHT="28" WC="0.43" CONTENT="Wadeid"/><SP WIDTH="27" VPOS="2069" HPOS="1635"/>
						<String ID="string_676" HPOS="1662" VPOS="2072" WIDTH="61" HEIGHT="24" WC="0.92" CONTENT="und"/><SP WIDTH="27" VPOS="2072" HPOS="1723"/>
						<String ID="string_677" HPOS="1750" VPOS="2070" WIDTH="41" HEIGHT="25" WC="0.91" CONTENT="im"/><SP WIDTH="31" VPOS="2070" HPOS="1791"/>
						<String ID="string_678" HPOS="1822" VPOS="2070" WIDTH="128" HEIGHT="33" WC="0.54" CONTENT="ubrigen"/><SP WIDTH="27" VPOS="2070" HPOS="1950"/>
						<String ID="string_679" HPOS="1977" VPOS="2068" WIDTH="199" HEIGHT="34" WC="0.85" CONTENT="Koͤnigreiche"/><SP WIDTH="26" VPOS="2068" HPOS="2176"/>
						<String ID="string_680" HPOS="2202" VPOS="2074" WIDTH="39" HEIGHT="29" WC="0.92" CONTENT="zu"/>
					</TextLine>
					<TextLine ID="line_105" HPOS="1331" VPOS="2104" WIDTH="911" HEIGHT="35">
						<String ID="string_681" HPOS="1331" VPOS="2108" WIDTH="104" HEIGHT="27" WC="0.74" CONTENT="weiche"/><SP WIDTH="26" VPOS="2108" HPOS="1435"/>
						<String ID="string_682" HPOS="1461" VPOS="2108" WIDTH="83" HEIGHT="29" WC="0.74" CONTENT="nicht"/><SP WIDTH="31" VPOS="2108" HPOS="1544"/>
						<String ID="string_683" HPOS="1575" VPOS="2107" WIDTH="188" HEIGHT="27" WC="0.91" CONTENT="Verbrechen"/><SP WIDTH="25" VPOS="2107" HPOS="1763"/>
						<String ID="string_684" HPOS="1788" VPOS="2110" WIDTH="51" HEIGHT="23" WC="0.93" CONTENT="der"/><SP WIDTH="27" VPOS="2110" HPOS="1839"/>
						<String ID="string_685" HPOS="1866" VPOS="2107" WIDTH="181" HEIGHT="31" WC="0.52" CONTENT="beieidiaten"/><SP WIDTH="30" VPOS="2107" HPOS="2047"/>
						<String ID="string_686" HPOS="2077" VPOS="2104" WIDTH="165" HEIGHT="35" WC="0.57" CONTENT="goͤtttichen"/>
					</TextLine>
					<TextLine ID="line_106" HPOS="1208" VPOS="2142" WIDTH="1036" HEIGHT="35">
						<String ID="string_687" HPOS="1208" VPOS="2147" WIDTH="60" HEIGHT="22" WC="0.91" CONTENT="und"/><SP WIDTH="22" VPOS="2147" HPOS="1268"/>
						<String ID="string_688" HPOS="1290" VPOS="2143" WIDTH="207" HEIGHT="30" WC="0.89" CONTENT="menſchlichen"/><SP WIDTH="25" VPOS="2143" HPOS="1497"/>
						<String ID="string_689" HPOS="1522" VPOS="2143" WIDTH="168" HEIGHT="33" WC="0.60" CONTENT="Majeſtaͤt,"/><SP WIDTH="27" VPOS="2143" HPOS="1690"/>
						<String ID="string_690" HPOS="1717" VPOS="2147" WIDTH="51" HEIGHT="24" WC="0.92" CONTENT="des"/><SP WIDTH="17" VPOS="2147" HPOS="1768"/>
						<String ID="string_691" HPOS="1785" VPOS="2144" WIDTH="254" HEIGHT="33" WC="0.87" CONTENT="Hochverrathe,"/><SP WIDTH="24" VPOS="2144" HPOS="2039"/>
						<String ID="string_692" HPOS="2063" VPOS="2147" WIDTH="54" HEIGHT="23" WC="0.92" CONTENT="des"/><SP WIDTH="19" VPOS="2147" HPOS="2117"/>
						<String ID="string_693" HPOS="2136" VPOS="2142" WIDTH="108" HEIGHT="34" WC="0.88" CONTENT="Geiſt⸗"/>
					</TextLine>
					<TextLine ID="line_107" HPOS="1209" VPOS="2180" WIDTH="1031" HEIGHT="36">
						<String ID="string_694" HPOS="1209" VPOS="2181" WIDTH="102" HEIGHT="27" WC="0.42" CONTENT="lichen"/><SP WIDTH="1" VPOS="2181" HPOS="1311"/>
						<String ID="string_695" HPOS="1312" VPOS="2185" WIDTH="115" HEIGHT="27" WC="0.42" CONTENT="mords,"/><SP WIDTH="30" VPOS="2185" HPOS="1427"/>
						<String ID="string_696" HPOS="1457" VPOS="2185" WIDTH="49" HEIGHT="22" WC="0.92" CONTENT="der"/><SP WIDTH="19" VPOS="2185" HPOS="1506"/>
						<String ID="string_697" HPOS="1525" VPOS="2181" WIDTH="279" HEIGHT="35" WC="0.41" CONTENT="Falſchmünzerei,"/><SP WIDTH="26" VPOS="2181" HPOS="1804"/>
						<String ID="string_698" HPOS="1830" VPOS="2184" WIDTH="50" HEIGHT="27" WC="0.92" CONTENT="der"/><SP WIDTH="20" VPOS="2184" HPOS="1880"/>
						<String ID="string_699" HPOS="1900" VPOS="2180" WIDTH="263" HEIGHT="34" WC="0.89" CONTENT="Brandſtiftung,"/><SP WIDTH="25" VPOS="2180" HPOS="2163"/>
						<String ID="string_700" HPOS="2188" VPOS="2183" WIDTH="52" HEIGHT="24" WC="0.91" CONTENT="der"/>
					</TextLine>
					<TextLine ID="line_108" HPOS="1208" VPOS="2216" WIDTH="1035" HEIGHT="34">
						<String ID="string_701" HPOS="1208" VPOS="2217" WIDTH="290" HEIGHT="32" WC="0.47" CONTENT="Gottesläͤſterung,"/><SP WIDTH="25" VPOS="2217" HPOS="1498"/>
						<String ID="string_702" HPOS="1523" VPOS="2220" WIDTH="50" HEIGHT="25" WC="0.93" CONTENT="der"/><SP WIDTH="25" VPOS="2220" HPOS="1573"/>
						<String ID="string_703" HPOS="1598" VPOS="2217" WIDTH="173" HEIGHT="32" WC="0.84" CONTENT="Sodomie,"/><SP WIDTH="26" VPOS="2217" HPOS="1771"/>
						<String ID="string_704" HPOS="1797" VPOS="2220" WIDTH="53" HEIGHT="25" WC="0.93" CONTENT="des"/><SP WIDTH="24" VPOS="2220" HPOS="1850"/>
						<String ID="string_705" HPOS="1874" VPOS="2217" WIDTH="195" HEIGHT="33" WC="0.86" CONTENT="Diebſtahts,"/><SP WIDTH="26" VPOS="2217" HPOS="2069"/>
						<String ID="string_706" HPOS="2095" VPOS="2220" WIDTH="51" HEIGHT="25" WC="0.91" CONTENT="der"/><SP WIDTH="17" VPOS="2220" HPOS="2146"/>
						<String ID="string_707" HPOS="2163" VPOS="2216" WIDTH="80" HEIGHT="33" WC="0.88" CONTENT="Zeu⸗"/>
					</TextLine>
				</TextBlock>
				<TextBlock ID="block_30" HPOS="1190" VPOS="2254" WIDTH="1049" HEIGHT="35">
					<TextLine ID="line_109" HPOS="1190" VPOS="2254" WIDTH="1049" HEIGHT="35">
						<String ID="string_708" HPOS="1190" VPOS="2254" WIDTH="243" HEIGHT="34" WC="0.90" CONTENT="genbeſtechung"/><SP WIDTH="18" VPOS="2254" HPOS="1433"/>
						<String ID="string_709" HPOS="1451" VPOS="2258" WIDTH="61" HEIGHT="24" WC="0.92" CONTENT="und"/><SP WIDTH="22" VPOS="2258" HPOS="1512"/>
						<String ID="string_710" HPOS="1534" VPOS="2258" WIDTH="50" HEIGHT="24" WC="0.93" CONTENT="der"/><SP WIDTH="28" VPOS="2258" HPOS="1584"/>
						<String ID="string_711" HPOS="1612" VPOS="2256" WIDTH="246" HEIGHT="33" WC="0.79" CONTENT="Veruntreuung"/><SP WIDTH="29" VPOS="2256" HPOS="1858"/>
						<String ID="string_712" HPOS="1887" VPOS="2255" WIDTH="184" HEIGHT="34" WC="0.52" CONTENT="oͤffentlicher"/><SP WIDTH="27" VPOS="2255" HPOS="2071"/>
						<String ID="string_713" HPOS="2098" VPOS="2254" WIDTH="141" HEIGHT="34" WC="0.41" CONTENT="Geider,"/>
					</TextLine>
				</TextBlock>
				<TextBlock ID="block_31" HPOS="1204" VPOS="2290" WIDTH="1062" HEIGHT="1077">
					<TextLine ID="line_110" HPOS="1207" VPOS="2290" WIDTH="1032" HEIGHT="38">
						<String ID="string_714" HPOS="1207" VPOS="2292" WIDTH="151" HEIGHT="32" WC="0.91" CONTENT="begangen"/><SP WIDTH="14" VPOS="2292" HPOS="1358"/>
						<String ID="string_715" HPOS="1372" VPOS="2292" WIDTH="125" HEIGHT="34" WC="0.91" CONTENT="haben;"/><SP WIDTH="36" VPOS="2292" HPOS="1497"/>
						<String ID="string_716" HPOS="1533" VPOS="2294" WIDTH="70" HEIGHT="26" WC="0.92" CONTENT="auch"/><SP WIDTH="34" VPOS="2294" HPOS="1603"/>
						<String ID="string_717" HPOS="1637" VPOS="2292" WIDTH="66" HEIGHT="31" WC="0.90" CONTENT="ſind"/><SP WIDTH="20" VPOS="2292" HPOS="1703"/>
						<String ID="string_718" HPOS="1723" VPOS="2293" WIDTH="44" HEIGHT="26" WC="0.92" CONTENT="die"/><SP WIDTH="21" VPOS="2293" HPOS="1767"/>
						<String ID="string_719" HPOS="1788" VPOS="2299" WIDTH="34" HEIGHT="29" WC="0.93" CONTENT="zu"/><SP WIDTH="19" VPOS="2299" HPOS="1822"/>
						<String ID="string_720" HPOS="1841" VPOS="2297" WIDTH="55" HEIGHT="22" WC="0.92" CONTENT="den"/><SP WIDTH="19" VPOS="2297" HPOS="1896"/>
						<String ID="string_721" HPOS="1915" VPOS="2293" WIDTH="132" HEIGHT="35" WC="0.82" CONTENT="Armeen"/><SP WIDTH="30" VPOS="2293" HPOS="2047"/>
						<String ID="string_722" HPOS="2077" VPOS="2295" WIDTH="69" HEIGHT="24" WC="0.89" CONTENT="oder"/><SP WIDTH="22" VPOS="2295" HPOS="2146"/>
						<String ID="string_723" HPOS="2168" VPOS="2290" WIDTH="71" HEIGHT="34" WC="0.91" CONTENT="Ho⸗"/>
					</TextLine>
					<TextLine ID="line_111" HPOS="1208" VPOS="2327" WIDTH="1033" HEIGHT="38">
						<String ID="string_724" HPOS="1208" VPOS="2327" WIDTH="143" HEIGHT="32" WC="0.0" CONTENT="ſvitatern"/><SP WIDTH="22" VPOS="2327" HPOS="1351"/>
						<String ID="string_725" HPOS="1373" VPOS="2329" WIDTH="248" HEIGHT="34" WC="0.8" CONTENT="abzufuͤhrenben"/><SP WIDTH="20" VPOS="2329" HPOS="1621"/>
						<String ID="string_726" HPOS="1641" VPOS="2329" WIDTH="215" HEIGHT="32" WC="0.89" CONTENT="Landſtreicher"/><SP WIDTH="12" VPOS="2329" HPOS="1856"/>
						<String ID="string_727" HPOS="1868" VPOS="2333" WIDTH="96" HEIGHT="24" WC="0.90" CONTENT="davon"/><SP WIDTH="16" VPOS="2333" HPOS="1964"/>
						<String ID="string_728" HPOS="1980" VPOS="2334" WIDTH="261" HEIGHT="31" WC="0.44" CONTENT="ausagenommen."/>
					</TextLine>
					<TextLine ID="line_112" HPOS="1204" VPOS="2365" WIDTH="1034" HEIGHT="36">
						<String ID="string_729" HPOS="1204" VPOS="2373" WIDTH="32" HEIGHT="19" WC="0.84" CONTENT="2:"/><SP WIDTH="25" VPOS="2373" HPOS="1236"/>
						<String ID="string_730" HPOS="1261" VPOS="2365" WIDTH="53" HEIGHT="26" WC="0.89" CONTENT="Er"/><SP WIDTH="16" VPOS="2365" HPOS="1314"/>
						<String ID="string_731" HPOS="1330" VPOS="2366" WIDTH="91" HEIGHT="31" WC="0.89" CONTENT="dehnt"/><SP WIDTH="21" VPOS="2366" HPOS="1421"/>
						<String ID="string_732" HPOS="1442" VPOS="2367" WIDTH="50" HEIGHT="33" WC="0.90" CONTENT="ſich"/><SP WIDTH="16" VPOS="2367" HPOS="1492"/>
						<String ID="string_733" HPOS="1508" VPOS="2369" WIDTH="71" HEIGHT="26" WC="0.92" CONTENT="auch"/><SP WIDTH="32" VPOS="2369" HPOS="1579"/>
						<String ID="string_734" HPOS="1611" VPOS="2366" WIDTH="71" HEIGHT="28" WC="0.90" CONTENT="uͤber"/><SP WIDTH="17" VPOS="2366" HPOS="1682"/>
						<String ID="string_735" HPOS="1699" VPOS="2367" WIDTH="57" HEIGHT="27" WC="0.91" CONTENT="alle"/><SP WIDTH="22" VPOS="2367" HPOS="1756"/>
						<String ID="string_736" HPOS="1778" VPOS="2367" WIDTH="161" HEIGHT="34" WC="0.26" CONTENT="lüchtige,"/><SP WIDTH="34" VPOS="2367" HPOS="1939"/>
						<String ID="string_737" HPOS="1973" VPOS="2366" WIDTH="176" HEIGHT="33" WC="0.91" CONTENT="abweſende"/><SP WIDTH="24" VPOS="2366" HPOS="2149"/>
						<String ID="string_738" HPOS="2173" VPOS="2367" WIDTH="65" HEIGHT="25" WC="0.92" CONTENT="und"/>
					</TextLine>
					<TextLine ID="line_113" HPOS="1207" VPOS="2402" WIDTH="1058" HEIGHT="35">
						<String ID="string_739" HPOS="1207" VPOS="2402" WIDTH="354" HEIGHT="33" WC="0.0" CONTENT="rebeſliſqhe-Strafbare"/><SP WIDTH="20" VPOS="2402" HPOS="1561"/>
						<String ID="string_740" HPOS="1581" VPOS="2409" WIDTH="77" HEIGHT="25" WC="0.91" CONTENT="aus,"/><SP WIDTH="27" VPOS="2409" HPOS="1658"/>
						<String ID="string_741" HPOS="1685" VPOS="2405" WIDTH="105" HEIGHT="28" WC="0.91" CONTENT="weiche"/><SP WIDTH="25" VPOS="2405" HPOS="1790"/>
						<String ID="string_742" HPOS="1815" VPOS="2405" WIDTH="115" HEIGHT="32" WC="0.91" CONTENT="vinnen"/><SP WIDTH="18" VPOS="2405" HPOS="1930"/>
						<String ID="string_743" HPOS="1948" VPOS="2405" WIDTH="78" HEIGHT="30" WC="0.92" CONTENT="ſechs"/><SP WIDTH="31" VPOS="2405" HPOS="2026"/>
						<String ID="string_744" HPOS="2057" VPOS="2402" WIDTH="208" HEIGHT="32" WC="0.68" CONTENT="Monaten,"/>
					</TextLine>
					<TextLine ID="line_114" HPOS="1207" VPOS="2439" WIDTH="1059" HEIGHT="36">
						<String ID="string_745" HPOS="1207" VPOS="2445" WIDTH="89" HEIGHT="21" WC="0.91" CONTENT="wenn"/><SP WIDTH="18" VPOS="2445" HPOS="1296"/>
						<String ID="string_746" HPOS="1314" VPOS="2439" WIDTH="37" HEIGHT="33" WC="0.91" CONTENT="ſie"/><SP WIDTH="19" VPOS="2439" HPOS="1351"/>
						<String ID="string_747" HPOS="1370" VPOS="2442" WIDTH="31" HEIGHT="26" WC="0.92" CONTENT="in"/><SP WIDTH="20" VPOS="2442" HPOS="1401"/>
						<String ID="string_748" HPOS="1421" VPOS="2440" WIDTH="172" HEIGHT="30" WC="0.90" CONTENT="Spanien,"/><SP WIDTH="26" VPOS="2440" HPOS="1593"/>
						<String ID="string_749" HPOS="1619" VPOS="2445" WIDTH="62" HEIGHT="24" WC="0.93" CONTENT="und"/><SP WIDTH="18" VPOS="2445" HPOS="1681"/>
						<String ID="string_750" HPOS="1699" VPOS="2442" WIDTH="114" HEIGHT="27" WC="0.91" CONTENT="binnen"/><SP WIDTH="18" VPOS="2442" HPOS="1813"/>
						<String ID="string_751" HPOS="1831" VPOS="2443" WIDTH="97" HEIGHT="25" WC="0.92" CONTENT="einem"/><SP WIDTH="19" VPOS="2443" HPOS="1928"/>
						<String ID="string_752" HPOS="1947" VPOS="2442" WIDTH="124" HEIGHT="33" WC="0.91" CONTENT="Jahre,"/><SP WIDTH="24" VPOS="2442" HPOS="2071"/>
						<String ID="string_753" HPOS="2095" VPOS="2447" WIDTH="91" HEIGHT="21" WC="0.91" CONTENT="wenn"/><SP WIDTH="15" VPOS="2447" HPOS="2186"/>
						<String ID="string_754" HPOS="2201" VPOS="2440" WIDTH="40" HEIGHT="30" WC="0.87" CONTENT="ſie"/>
					</TextLine>
					<TextLine ID="line_115" HPOS="1206" VPOS="2477" WIDTH="1036" HEIGHT="40">
						<String ID="string_755" HPOS="1206" VPOS="2478" WIDTH="41" HEIGHT="25" WC="0.91" CONTENT="im"/><SP WIDTH="26" VPOS="2478" HPOS="1247"/>
						<String ID="string_756" HPOS="1273" VPOS="2477" WIDTH="156" HEIGHT="27" WC="0.73" CONTENT="Auslande"/><SP WIDTH="23" VPOS="2477" HPOS="1429"/>
						<String ID="string_757" HPOS="1452" VPOS="2478" WIDTH="84" HEIGHT="32" WC="0.91" CONTENT="ſind,"/><SP WIDTH="39" VPOS="2478" HPOS="1536"/>
						<String ID="string_758" HPOS="1575" VPOS="2478" WIDTH="49" HEIGHT="31" WC="0.89" CONTENT="ſich"/><SP WIDTH="32" VPOS="2478" HPOS="1624"/>
						<String ID="string_759" HPOS="1656" VPOS="2487" WIDTH="53" HEIGHT="20" WC="0.93" CONTENT="vor"/><SP WIDTH="26" VPOS="2487" HPOS="1709"/>
						<String ID="string_760" HPOS="1735" VPOS="2481" WIDTH="83" HEIGHT="26" WC="0.92" CONTENT="einer"/><SP WIDTH="32" VPOS="2481" HPOS="1818"/>
						<String ID="string_761" HPOS="1850" VPOS="2479" WIDTH="206" HEIGHT="33" WC="0.47" CONTENT="gerichttichen"/><SP WIDTH="29" VPOS="2479" HPOS="2056"/>
						<String ID="string_762" HPOS="2085" VPOS="2477" WIDTH="157" HEIGHT="40" WC="0.65" CONTENT="Behorde"/>
					</TextLine>
					<TextLine ID="line_116" HPOS="1208" VPOS="2514" WIDTH="1033" HEIGHT="38">
						<String ID="string_763" HPOS="1208" VPOS="2510" WIDTH="112" HEIGHT="46" WC="0.75" CONTENT="ſtellen"/><SP WIDTH="10" VPOS="2510" HPOS="1320"/>
						<String ID="string_764" HPOS="1330" VPOS="2519" WIDTH="142" HEIGHT="30" WC="0.63" CONTENT="werden,"/><SP WIDTH="37" VPOS="2519" HPOS="1472"/>
						<String ID="string_765" HPOS="1509" VPOS="2519" WIDTH="98" HEIGHT="24" WC="0.92" CONTENT="damit"/><SP WIDTH="27" VPOS="2519" HPOS="1607"/>
						<String ID="string_766" HPOS="1634" VPOS="2517" WIDTH="74" HEIGHT="30" WC="0.91" CONTENT="dieſe"/><SP WIDTH="22" VPOS="2517" HPOS="1708"/>
						<String ID="string_767" HPOS="1730" VPOS="2520" WIDTH="55" HEIGHT="23" WC="0.92" CONTENT="das"/><SP WIDTH="39" VPOS="2520" HPOS="1785"/>
						<String ID="string_768" HPOS="1824" VPOS="2517" WIDTH="152" HEIGHT="30" WC="0.90" CONTENT="Gericht,"/><SP WIDTH="37" VPOS="2517" HPOS="1976"/>
						<String ID="string_769" HPOS="2013" VPOS="2523" WIDTH="55" HEIGHT="21" WC="0.91" CONTENT="vor"/><SP WIDTH="31" VPOS="2523" HPOS="2068"/>
						<String ID="string_770" HPOS="2099" VPOS="2516" WIDTH="142" HEIGHT="36" WC="0.62" CONTENT="welchem"/>
					</TextLine>
					<TextLine ID="line_117" HPOS="1207" VPOS="2551" WIDTH="1035" HEIGHT="37">
						<String ID="string_771" HPOS="1207" VPOS="2551" WIDTH="63" HEIGHT="32" WC="0.15" CONTENT="ihee"/><SP WIDTH="20" VPOS="2551" HPOS="1270"/>
						<String ID="string_772" HPOS="1290" VPOS="2551" WIDTH="97" HEIGHT="32" WC="0.88" CONTENT="Sache"/><SP WIDTH="22" VPOS="2551" HPOS="1387"/>
						<String ID="string_773" HPOS="1409" VPOS="2553" WIDTH="156" HEIGHT="34" WC="0.22" CONTENT="anhangig"/><SP WIDTH="21" VPOS="2553" HPOS="1565"/>
						<String ID="string_774" HPOS="1586" VPOS="2554" WIDTH="53" HEIGHT="31" WC="0.86" CONTENT="iſt,"/><SP WIDTH="24" VPOS="2554" HPOS="1639"/>
						<String ID="string_775" HPOS="1663" VPOS="2558" WIDTH="97" HEIGHT="23" WC="0.92" CONTENT="davon"/><SP WIDTH="23" VPOS="2558" HPOS="1760"/>
						<String ID="string_776" HPOS="1783" VPOS="2553" WIDTH="254" HEIGHT="35" WC="0.90" CONTENT="benachrichtige,"/><SP WIDTH="23" VPOS="2553" HPOS="2037"/>
						<String ID="string_777" HPOS="2060" VPOS="2556" WIDTH="64" HEIGHT="25" WC="0.92" CONTENT="und"/><SP WIDTH="20" VPOS="2556" HPOS="2124"/>
						<String ID="string_778" HPOS="2144" VPOS="2553" WIDTH="98" HEIGHT="29" WC="0.88" CONTENT="dieſes"/>
					</TextLine>
					<TextLine ID="line_118" HPOS="1209" VPOS="2587" WIDTH="1028" HEIGHT="38">
						<String ID="string_779" HPOS="1209" VPOS="2589" WIDTH="35" HEIGHT="31" WC="0.90" CONTENT="ſie"/><SP WIDTH="19" VPOS="2589" HPOS="1244"/>
						<String ID="string_780" HPOS="1263" VPOS="2587" WIDTH="48" HEIGHT="31" WC="0.77" CONTENT="fuͤr"/><SP WIDTH="17" VPOS="2587" HPOS="1311"/>
						<String ID="string_781" HPOS="1328" VPOS="2590" WIDTH="161" HEIGHT="33" WC="0.56" CONTENT="beznadtat"/><SP WIDTH="24" VPOS="2590" HPOS="1489"/>
						<String ID="string_782" HPOS="1513" VPOS="2591" WIDTH="125" HEIGHT="27" WC="0.83" CONTENT="erkläre."/><SP WIDTH="20" VPOS="2591" HPOS="1638"/>
						<String ID="string_783" HPOS="1658" VPOS="2598" WIDTH="31" HEIGHT="27" WC="0.91" CONTENT="3."/><SP WIDTH="26" VPOS="2598" HPOS="1689"/>
						<String ID="string_784" HPOS="1715" VPOS="2591" WIDTH="50" HEIGHT="34" WC="0.91" CONTENT="Jn"/><SP WIDTH="20" VPOS="2591" HPOS="1765"/>
						<String ID="string_785" HPOS="1785" VPOS="2593" WIDTH="109" HEIGHT="29" WC="0.84" CONTENT="dieſem"/><SP WIDTH="21" VPOS="2593" HPOS="1894"/>
						<String ID="string_786" HPOS="1915" VPOS="2593" WIDTH="149" HEIGHT="32" WC="0.91" CONTENT="Pardone"/><SP WIDTH="19" VPOS="2593" HPOS="2064"/>
						<String ID="string_787" HPOS="2083" VPOS="2590" WIDTH="62" HEIGHT="31" WC="0.91" CONTENT="ſind"/><SP WIDTH="19" VPOS="2590" HPOS="2145"/>
						<String ID="string_788" HPOS="2164" VPOS="2590" WIDTH="73" HEIGHT="33" WC="0.89" CONTENT="(ne⸗"/>
					</TextLine>
					<TextLine ID="line_119" HPOS="1208" VPOS="2625" WIDTH="1055" HEIGHT="39">
						<String ID="string_789" HPOS="1208" VPOS="2627" WIDTH="55" HEIGHT="25" WC="0.57" CONTENT="ven"/><SP WIDTH="33" VPOS="2627" HPOS="1263"/>
						<String ID="string_790" HPOS="1296" VPOS="2628" WIDTH="48" HEIGHT="23" WC="0.92" CONTENT="der"/><SP WIDTH="18" VPOS="2628" HPOS="1344"/>
						<String ID="string_791" HPOS="1362" VPOS="2625" WIDTH="47" HEIGHT="29" WC="0.81" CONTENT="im"/><SP WIDTH="25" VPOS="2625" HPOS="1409"/>
						<String ID="string_792" HPOS="1434" VPOS="2628" WIDTH="94" HEIGHT="32" WC="0.81" CONTENT="erſten"/><SP WIDTH="29" VPOS="2628" HPOS="1528"/>
						<String ID="string_793" HPOS="1557" VPOS="2628" WIDTH="116" HEIGHT="28" WC="0.84" CONTENT="Artikel"/><SP WIDTH="30" VPOS="2628" HPOS="1673"/>
						<String ID="string_794" HPOS="1703" VPOS="2628" WIDTH="207" HEIGHT="34" WC="0.64" CONTENT="angeführten"/><SP WIDTH="22" VPOS="2628" HPOS="1910"/>
						<String ID="string_795" HPOS="1932" VPOS="2627" WIDTH="224" HEIGHT="36" WC="0.81" CONTENT="Ausnahmen)"/><SP WIDTH="20" VPOS="2627" HPOS="2156"/>
						<String ID="string_796" HPOS="2176" VPOS="2632" WIDTH="63" HEIGHT="21" WC="0.53" CONTENT="nur"/>
					</TextLine>
					<TextLine ID="line_120" HPOS="1209" VPOS="2664" WIDTH="1042" HEIGHT="35">
						<String ID="string_797" HPOS="1209" VPOS="2664" WIDTH="46" HEIGHT="26" WC="0.92" CONTENT="die"/><SP WIDTH="18" VPOS="2664" HPOS="1255"/>
						<String ID="string_798" HPOS="1273" VPOS="2669" WIDTH="69" HEIGHT="19" WC="0.52" CONTENT="vor"/><SP WIDTH="25" VPOS="2669" HPOS="1342"/>
						<String ID="string_799" HPOS="1367" VPOS="2664" WIDTH="203" HEIGHT="33" WC="0.61" CONTENT="Publikation"/><SP WIDTH="31" VPOS="2664" HPOS="1570"/>
						<String ID="string_800" HPOS="1601" VPOS="2668" WIDTH="51" HEIGHT="23" WC="0.92" CONTENT="des"/><SP WIDTH="30" VPOS="2668" HPOS="1652"/>
						<String ID="string_801" HPOS="1682" VPOS="2667" WIDTH="247" HEIGHT="32" WC="0.80" CONTENT="gegenwärtigen"/><SP WIDTH="37" VPOS="2667" HPOS="1929"/>
						<String ID="string_802" HPOS="1966" VPOS="2665" WIDTH="134" HEIGHT="27" WC="0.12" CONTENT="Detkrets"/><SP WIDTH="23" VPOS="2665" HPOS="2100"/>
						<String ID="string_803" HPOS="2123" VPOS="2664" WIDTH="128" HEIGHT="34" WC="0.54" CONTENT="begans."/>
					</TextLine>
					<TextLine ID="line_121" HPOS="1209" VPOS="2700" WIDTH="1026" HEIGHT="36">
						<String ID="string_804" HPOS="1209" VPOS="2707" WIDTH="93" HEIGHT="27" WC="0.92" CONTENT="genen"/><SP WIDTH="22" VPOS="2707" HPOS="1302"/>
						<String ID="string_805" HPOS="1324" VPOS="2700" WIDTH="183" HEIGHT="32" WC="0.90" CONTENT="Verbrechen"/><SP WIDTH="23" VPOS="2700" HPOS="1507"/>
						<String ID="string_806" HPOS="1530" VPOS="2703" WIDTH="166" HEIGHT="33" WC="0.89" CONTENT="begriffen;"/><SP WIDTH="37" VPOS="2703" HPOS="1696"/>
						<String ID="string_807" HPOS="1733" VPOS="2704" WIDTH="80" HEIGHT="28" WC="0.92" CONTENT="nicht"/><SP WIDTH="22" VPOS="2704" HPOS="1813"/>
						<String ID="string_808" HPOS="1835" VPOS="2704" WIDTH="46" HEIGHT="28" WC="0.92" CONTENT="die"/><SP WIDTH="21" VPOS="2704" HPOS="1881"/>
						<String ID="string_809" HPOS="1902" VPOS="2702" WIDTH="130" HEIGHT="32" WC="0.42" CONTENT="ſpäͤtern."/><SP WIDTH="25" VPOS="2702" HPOS="2032"/>
						<String ID="string_810" HPOS="2057" VPOS="2708" WIDTH="20" HEIGHT="27" WC="0.87" CONTENT="4."/><SP WIDTH="36" VPOS="2708" HPOS="2077"/>
						<String ID="string_811" HPOS="2113" VPOS="2700" WIDTH="65" HEIGHT="27" WC="0.92" CONTENT="Die"/><SP WIDTH="20" VPOS="2700" HPOS="2178"/>
						<String ID="string_812" HPOS="2198" VPOS="2703" WIDTH="37" HEIGHT="29" WC="0.91" CONTENT="zu"/>
					</TextLine>
					<TextLine ID="line_122" HPOS="1210" VPOS="2737" WIDTH="1025" HEIGHT="35">
						<String ID="string_813" HPOS="1210" VPOS="2740" WIDTH="53" HEIGHT="24" WC="0.92" CONTENT="den"/><SP WIDTH="25" VPOS="2740" HPOS="1263"/>
						<String ID="string_814" HPOS="1288" VPOS="2733" WIDTH="157" HEIGHT="44" WC="0.17" CONTENT="Praſßdios"/><SP WIDTH="17" VPOS="2733" HPOS="1445"/>
						<String ID="string_815" HPOS="1462" VPOS="2742" WIDTH="80" HEIGHT="26" WC="0.90" CONTENT="oder"/><SP WIDTH="27" VPOS="2742" HPOS="1542"/>
						<String ID="string_816" HPOS="1569" VPOS="2739" WIDTH="212" HEIGHT="33" WC="0.62" CONTENT="Zeughäuſern"/><SP WIDTH="30" VPOS="2739" HPOS="1781"/>
						<String ID="string_817" HPOS="1811" VPOS="2740" WIDTH="234" HEIGHT="29" WC="0.71" CONTENT="Verurtheilien"/><SP WIDTH="33" VPOS="2740" HPOS="2045"/>
						<String ID="string_818" HPOS="2078" VPOS="2737" WIDTH="60" HEIGHT="33" WC="0.32" CONTENT="ſiud"/><SP WIDTH="26" VPOS="2737" HPOS="2138"/>
						<String ID="string_819" HPOS="2164" VPOS="2739" WIDTH="71" HEIGHT="23" WC="0.89" CONTENT="dar⸗"/>
					</TextLine>
					<TextLine ID="line_123" HPOS="1209" VPOS="2774" WIDTH="1024" HEIGHT="36">
						<String ID="string_820" HPOS="1209" VPOS="2779" WIDTH="88" HEIGHT="22" WC="0.91" CONTENT="unter"/><SP WIDTH="11" VPOS="2779" HPOS="1297"/>
						<String ID="string_821" HPOS="1308" VPOS="2765" WIDTH="180" HEIGHT="50" WC="0.22" CONTENT="begriſfen,"/><SP WIDTH="34" VPOS="2765" HPOS="1488"/>
						<String ID="string_822" HPOS="1522" VPOS="2783" WIDTH="89" HEIGHT="22" WC="0.12" CONTENT="wenn"/><SP WIDTH="18" VPOS="2783" HPOS="1611"/>
						<String ID="string_823" HPOS="1629" VPOS="2765" WIDTH="52" HEIGHT="50" WC="0.38" CONTENT="ſie"/><SP WIDTH="16" VPOS="2765" HPOS="1681"/>
						<String ID="string_824" HPOS="1697" VPOS="2765" WIDTH="60" HEIGHT="50" WC="0.64" CONTENT="nch"/><SP WIDTH="28" VPOS="2765" HPOS="1757"/>
						<String ID="string_825" HPOS="1785" VPOS="2780" WIDTH="177" HEIGHT="30" WC="0.88" CONTENT="unterwega"/><SP WIDTH="35" VPOS="2780" HPOS="1962"/>
						<String ID="string_826" HPOS="1997" VPOS="2775" WIDTH="153" HEIGHT="31" WC="0.82" CONTENT="befinden."/><SP WIDTH="45" VPOS="2775" HPOS="2150"/>
						<String ID="string_827" HPOS="2195" VPOS="2778" WIDTH="38" HEIGHT="28" WC="0.83" CONTENT="S."/>
					</TextLine>
					<TextLine ID="line_124" HPOS="1209" VPOS="2810" WIDTH="1024" HEIGHT="35">
						<String ID="string_828" HPOS="1209" VPOS="2810" WIDTH="101" HEIGHT="28" WC="0.86" CONTENT="Wenn"/><SP WIDTH="36" VPOS="2810" HPOS="1310"/>
						<String ID="string_829" HPOS="1346" VPOS="2814" WIDTH="44" HEIGHT="25" WC="0.91" CONTENT="ein"/><SP WIDTH="35" VPOS="2814" HPOS="1390"/>
						<String ID="string_830" HPOS="1425" VPOS="2813" WIDTH="129" HEIGHT="28" WC="0.91" CONTENT="Dritter"/><SP WIDTH="26" VPOS="2813" HPOS="1554"/>
						<String ID="string_831" HPOS="1580" VPOS="2814" WIDTH="115" HEIGHT="27" WC="0.91" CONTENT="verletzt"/><SP WIDTH="22" VPOS="2814" HPOS="1695"/>
						<String ID="string_832" HPOS="1717" VPOS="2815" WIDTH="53" HEIGHT="30" WC="0.91" CONTENT="iſt,"/><SP WIDTH="35" VPOS="2815" HPOS="1770"/>
						<String ID="string_833" HPOS="1805" VPOS="2814" WIDTH="29" HEIGHT="31" WC="0.92" CONTENT="ſo"/><SP WIDTH="17" VPOS="2814" HPOS="1834"/>
						<String ID="string_834" HPOS="1851" VPOS="2814" WIDTH="69" HEIGHT="26" WC="0.83" CONTENT="tritt"/><SP WIDTH="29" VPOS="2814" HPOS="1920"/>
						<String ID="string_835" HPOS="1949" VPOS="2817" WIDTH="49" HEIGHT="23" WC="0.83" CONTENT="der"/><SP WIDTH="20" VPOS="2817" HPOS="1998"/>
						<String ID="string_836" HPOS="2018" VPOS="2813" WIDTH="130" HEIGHT="32" WC="0.92" CONTENT="Pardon"/><SP WIDTH="22" VPOS="2813" HPOS="2148"/>
						<String ID="string_837" HPOS="2170" VPOS="2814" WIDTH="63" HEIGHT="21" WC="0.92" CONTENT="nur"/>
					</TextLine>
					<TextLine ID="line_125" HPOS="1210" VPOS="2847" WIDTH="855" HEIGHT="37">
						<String ID="string_838" HPOS="1210" VPOS="2849" WIDTH="55" HEIGHT="27" WC="0.91" CONTENT="mit"/><SP WIDTH="22" VPOS="2849" HPOS="1265"/>
						<String ID="string_839" HPOS="1287" VPOS="2847" WIDTH="219" HEIGHT="37" WC="0.49" CONTENT="Einwillizung"/><SP WIDTH="22" VPOS="2847" HPOS="1506"/>
						<String ID="string_840" HPOS="1528" VPOS="2851" WIDTH="92" HEIGHT="30" WC="0.61" CONTENT="dieſer"/><SP WIDTH="20" VPOS="2851" HPOS="1620"/>
						<String ID="string_841" HPOS="1640" VPOS="2850" WIDTH="119" HEIGHT="33" WC="0.90" CONTENT="Perſon"/><SP WIDTH="24" VPOS="2850" HPOS="1759"/>
						<String ID="string_842" HPOS="1783" VPOS="2851" WIDTH="33" HEIGHT="27" WC="0.92" CONTENT="in"/><SP WIDTH="25" VPOS="2851" HPOS="1816"/>
						<String ID="string_843" HPOS="1841" VPOS="2849" WIDTH="224" HEIGHT="34" WC="0.82" CONTENT="Wirkſamteit."/>
					</TextLine>
					<TextLine ID="line_126" HPOS="1295" VPOS="2881" WIDTH="940" HEIGHT="40">
						<String ID="string_844" HPOS="1295" VPOS="2884" WIDTH="81" HEIGHT="29" WC="0.91" CONTENT="Eben"/><SP WIDTH="31" VPOS="2884" HPOS="1376"/>
						<String ID="string_845" HPOS="1407" VPOS="2887" WIDTH="83" HEIGHT="31" WC="0.40" CONTENT="dieſe"/><SP WIDTH="27" VPOS="2887" HPOS="1490"/>
						<String ID="string_846" HPOS="1517" VPOS="2888" WIDTH="127" HEIGHT="33" WC="0.40" CONTENT="Zeitung"/><SP WIDTH="28" VPOS="2888" HPOS="1644"/>
						<String ID="string_847" HPOS="1672" VPOS="2894" WIDTH="69" HEIGHT="20" WC="0.69" CONTENT="vom"/><SP WIDTH="32" VPOS="2894" HPOS="1741"/>
						<String ID="string_848" HPOS="1773" VPOS="2895" WIDTH="32" HEIGHT="19" WC="0.89" CONTENT="2."/><SP WIDTH="25" VPOS="2895" HPOS="1805"/>
						<String ID="string_849" HPOS="1830" VPOS="2887" WIDTH="178" HEIGHT="27" WC="0.77" CONTENT="Rovember"/><SP WIDTH="32" VPOS="2887" HPOS="2008"/>
						<String ID="string_850" HPOS="2040" VPOS="2882" WIDTH="119" HEIGHT="37" WC="0.15" CONTENT="enthalt"/><SP WIDTH="23" VPOS="2882" HPOS="2159"/>
						<String ID="string_851" HPOS="2182" VPOS="2881" WIDTH="53" HEIGHT="29" WC="0.91" CONTENT="ein"/>
					</TextLine>
					<TextLine ID="line_127" HPOS="1208" VPOS="2921" WIDTH="1027" HEIGHT="37">
						<String ID="string_852" HPOS="1208" VPOS="2929" WIDTH="68" HEIGHT="20" WC="0.87" CONTENT="vom"/><SP WIDTH="35" VPOS="2929" HPOS="1276"/>
						<String ID="string_853" HPOS="1311" VPOS="2930" WIDTH="26" HEIGHT="20" WC="0.78" CONTENT="1."/><SP WIDTH="33" VPOS="2930" HPOS="1337"/>
						<String ID="string_854" HPOS="1370" VPOS="2926" WIDTH="145" HEIGHT="31" WC="0.66" CONTENT="datirtes,"/><SP WIDTH="31" VPOS="2926" HPOS="1515"/>
						<String ID="string_855" HPOS="1546" VPOS="2933" WIDTH="39" HEIGHT="19" WC="0.72" CONTENT="an"/><SP WIDTH="28" VPOS="2933" HPOS="1585"/>
						<String ID="string_856" HPOS="1613" VPOS="2930" WIDTH="53" HEIGHT="21" WC="0.90" CONTENT="den"/><SP WIDTH="32" VPOS="2930" HPOS="1666"/>
						<String ID="string_857" HPOS="1698" VPOS="2924" WIDTH="284" HEIGHT="34" WC="0.36" CONTENT="Bremictuiiniſtee"/><SP WIDTH="38" VPOS="2924" HPOS="1982"/>
						<String ID="string_858" HPOS="2020" VPOS="2921" WIDTH="118" HEIGHT="36" WC="0.49" CONTENT="Herzog"/><SP WIDTH="33" VPOS="2921" HPOS="2138"/>
						<String ID="string_859" HPOS="2171" VPOS="2925" WIDTH="64" HEIGHT="19" WC="0.89" CONTENT="von"/>
					</TextLine>
					<TextLine ID="line_128" HPOS="1210" VPOS="2958" WIDTH="1023" HEIGHT="39">
						<String ID="string_860" HPOS="1210" VPOS="2960" WIDTH="76" HEIGHT="27" WC="0.89" CONTENT="San"/><SP WIDTH="27" VPOS="2960" HPOS="1286"/>
						<String ID="string_861" HPOS="1313" VPOS="2960" WIDTH="154" HEIGHT="32" WC="0.28" CONTENT="Seruando"/><SP WIDTH="26" VPOS="2960" HPOS="1467"/>
						<String ID="string_862" HPOS="1493" VPOS="2963" WIDTH="195" HEIGHT="34" WC="0.89" CONTENT="gerichtetes,"/><SP WIDTH="31" VPOS="2963" HPOS="1688"/>
						<String ID="string_863" HPOS="1719" VPOS="2962" WIDTH="179" HEIGHT="31" WC="0.53" CONTENT="koͤnigliches"/><SP WIDTH="26" VPOS="2962" HPOS="1898"/>
						<String ID="string_864" HPOS="1924" VPOS="2960" WIDTH="115" HEIGHT="27" WC="0.60" CONTENT="Detret"/><SP WIDTH="30" VPOS="2960" HPOS="2039"/>
						<String ID="string_865" HPOS="2069" VPOS="2958" WIDTH="164" HEIGHT="35" WC="0.62" CONTENT="felgenden"/>
					</TextLine>
					<TextLine ID="line_129" HPOS="1207" VPOS="2996" WIDTH="1027" HEIGHT="37">
						<String ID="string_866" HPOS="1207" VPOS="2997" WIDTH="159" HEIGHT="34" WC="0.79" CONTENT="Jnhalts:"/><SP WIDTH="27" VPOS="2997" HPOS="1366"/>
						<String ID="string_867" HPOS="1393" VPOS="3000" WIDTH="78" HEIGHT="33" WC="0.91" CONTENT="„Jn"/><SP WIDTH="27" VPOS="3000" HPOS="1471"/>
						<String ID="string_868" HPOS="1498" VPOS="2999" WIDTH="177" HEIGHT="33" WC="0.90" CONTENT="Erwaͤgung"/><SP WIDTH="31" VPOS="2999" HPOS="1675"/>
						<String ID="string_869" HPOS="1706" VPOS="3001" WIDTH="48" HEIGHT="24" WC="0.92" CONTENT="der"/><SP WIDTH="22" VPOS="3001" HPOS="1754"/>
						<String ID="string_870" HPOS="1776" VPOS="2998" WIDTH="154" HEIGHT="31" WC="0.81" CONTENT="ſchlechten"/><SP WIDTH="28" VPOS="2998" HPOS="1930"/>
						<String ID="string_871" HPOS="1958" VPOS="2996" WIDTH="194" HEIGHT="32" WC="0.71" CONTENT="Geſundheit"/><SP WIDTH="24" VPOS="2996" HPOS="2152"/>
						<String ID="string_872" HPOS="2176" VPOS="2996" WIDTH="58" HEIGHT="26" WC="0.92" CONTENT="des"/>
					</TextLine>
					<TextLine ID="line_130" HPOS="1207" VPOS="3031" WIDTH="1052" HEIGHT="40">
						<String ID="string_873" HPOS="1207" VPOS="3035" WIDTH="91" HEIGHT="26" WC="0.92" CONTENT="Don"/><SP WIDTH="28" VPOS="3035" HPOS="1298"/>
						<String ID="string_874" HPOS="1326" VPOS="3034" WIDTH="293" HEIGHT="37" WC="0.3" CONTENT="ZuanLozandv"/><SP WIDTH="23" VPOS="3034" HPOS="1619"/>
						<String ID="string_875" HPOS="1642" VPOS="3039" WIDTH="39" HEIGHT="22" WC="0.3" CONTENT="de"/><SP WIDTH="29" VPOS="3039" HPOS="1681"/>
						<String ID="string_876" HPOS="1710" VPOS="3033" WIDTH="174" HEIGHT="32" WC="0.83" CONTENT="Torres,"/><SP WIDTH="33" VPOS="3033" HPOS="1884"/>
						<String ID="string_877" HPOS="1917" VPOS="3034" WIDTH="118" HEIGHT="27" WC="0.91" CONTENT="meines"/><SP WIDTH="17" VPOS="3034" HPOS="2035"/>
						<String ID="string_878" HPOS="2052" VPOS="3031" WIDTH="207" HEIGHT="37" WC="0.47" CONTENT="Staatsſes"/>
					</TextLine>
					<TextLine ID="line_131" HPOS="1209" VPOS="3070" WIDTH="1025" HEIGHT="35">
						<String ID="string_879" HPOS="1209" VPOS="3071" WIDTH="114" HEIGHT="28" WC="0.27" CONTENT="kretaͤrs"/><SP WIDTH="34" VPOS="3071" HPOS="1323"/>
						<String ID="string_880" HPOS="1357" VPOS="3074" WIDTH="37" HEIGHT="25" WC="0.92" CONTENT="im"/><SP WIDTH="35" VPOS="3074" HPOS="1394"/>
						<String ID="string_881" HPOS="1429" VPOS="3074" WIDTH="224" HEIGHT="31" WC="0.26" CONTENT="Devartement"/><SP WIDTH="26" VPOS="3074" HPOS="1653"/>
						<String ID="string_882" HPOS="1679" VPOS="3076" WIDTH="48" HEIGHT="23" WC="0.91" CONTENT="der"/><SP WIDTH="29" VPOS="3076" HPOS="1727"/>
						<String ID="string_883" HPOS="1756" VPOS="3072" WIDTH="113" HEIGHT="28" WC="0.89" CONTENT="Gnade"/><SP WIDTH="26" VPOS="3072" HPOS="1869"/>
						<String ID="string_884" HPOS="1895" VPOS="3073" WIDTH="63" HEIGHT="25" WC="0.92" CONTENT="und"/><SP WIDTH="29" VPOS="3073" HPOS="1958"/>
						<String ID="string_885" HPOS="1987" VPOS="3070" WIDTH="247" HEIGHT="31" WC="0.77" CONTENT="Gerechtigkeit,"/>
					</TextLine>
					<TextLine ID="line_132" HPOS="1209" VPOS="3107" WIDTH="1022" HEIGHT="37">
						<String ID="string_886" HPOS="1209" VPOS="3110" WIDTH="62" HEIGHT="25" WC="0.88" CONTENT="und"/><SP WIDTH="33" VPOS="3110" HPOS="1271"/>
						<String ID="string_887" HPOS="1304" VPOS="3109" WIDTH="31" HEIGHT="26" WC="0.86" CONTENT="in"/><SP WIDTH="36" VPOS="3109" HPOS="1335"/>
						<String ID="string_888" HPOS="1371" VPOS="3109" WIDTH="162" HEIGHT="33" WC="0.25" CONTENT="Antehung"/><SP WIDTH="26" VPOS="3109" HPOS="1533"/>
						<String ID="string_889" HPOS="1559" VPOS="3114" WIDTH="50" HEIGHT="25" WC="0.87" CONTENT="der"/><SP WIDTH="31" VPOS="3114" HPOS="1609"/>
						<String ID="string_890" HPOS="1640" VPOS="3117" WIDTH="89" HEIGHT="23" WC="0.92" CONTENT="auten"/><SP WIDTH="27" VPOS="3117" HPOS="1729"/>
						<String ID="string_891" HPOS="1756" VPOS="3109" WIDTH="148" HEIGHT="31" WC="0.90" CONTENT="Dienſte,"/><SP WIDTH="25" VPOS="3109" HPOS="1904"/>
						<String ID="string_892" HPOS="1929" VPOS="3108" WIDTH="45" HEIGHT="26" WC="0.92" CONTENT="die"/><SP WIDTH="23" VPOS="3108" HPOS="1974"/>
						<String ID="string_893" HPOS="1997" VPOS="3113" WIDTH="30" HEIGHT="21" WC="0.92" CONTENT="er"/><SP WIDTH="28" VPOS="3113" HPOS="2027"/>
						<String ID="string_894" HPOS="2055" VPOS="3107" WIDTH="46" HEIGHT="34" WC="0.92" CONTENT="die"/><SP WIDTH="30" VPOS="3107" HPOS="2101"/>
						<String ID="string_895" HPOS="2131" VPOS="3112" WIDTH="100" HEIGHT="32" WC="0.91" CONTENT="ganze"/>
					</TextLine>
					<TextLine ID="line_133" HPOS="1208" VPOS="3143" WIDTH="1026" HEIGHT="39">
						<String ID="string_896" HPOS="1208" VPOS="3147" WIDTH="66" HEIGHT="31" WC="0.92" CONTENT="Zeit"/><SP WIDTH="20" VPOS="3147" HPOS="1274"/>
						<String ID="string_897" HPOS="1294" VPOS="3146" WIDTH="87" HEIGHT="36" WC="0.88" CONTENT="ſeinet"/><SP WIDTH="29" VPOS="3146" HPOS="1381"/>
						<String ID="string_898" HPOS="1410" VPOS="3148" WIDTH="231" HEIGHT="33" WC="0.36" CONTENT="Amisführung"/><SP WIDTH="26" VPOS="3148" HPOS="1641"/>
						<String ID="string_899" HPOS="1667" VPOS="3148" WIDTH="71" HEIGHT="26" WC="0.30" CONTENT="uber"/><SP WIDTH="20" VPOS="3148" HPOS="1738"/>
						<String ID="string_900" HPOS="1758" VPOS="3147" WIDTH="150" HEIGHT="33" WC="0.76" CONTENT="geleiſtet,"/><SP WIDTH="24" VPOS="3147" HPOS="1908"/>
						<String ID="string_901" HPOS="1932" VPOS="3144" WIDTH="74" HEIGHT="33" WC="0.89" CONTENT="habe"/><SP WIDTH="0" VPOS="3144" HPOS="2006"/>
						<String ID="string_902" HPOS="2006" VPOS="3139" WIDTH="70" HEIGHT="47" WC="0.75" CONTENT="ich,"/><SP WIDTH="13" VPOS="3139" HPOS="2076"/>
						<String ID="string_903" HPOS="2089" VPOS="3139" WIDTH="142" HEIGHT="47" WC="0.12" CONTENT="beſchtol⸗"/>
					</TextLine>
					<TextLine ID="line_134" HPOS="1210" VPOS="3178" WIDTH="1025" HEIGHT="41">
						<String ID="string_904" HPOS="1210" VPOS="3184" WIDTH="67" HEIGHT="29" WC="0.88" CONTENT="fen,"/><SP WIDTH="24" VPOS="3184" HPOS="1277"/>
						<String ID="string_905" HPOS="1301" VPOS="3184" WIDTH="52" HEIGHT="30" WC="0.92" CONTENT="ihn"/><SP WIDTH="15" VPOS="3184" HPOS="1353"/>
						<String ID="string_906" HPOS="1368" VPOS="3184" WIDTH="99" HEIGHT="29" WC="0.92" CONTENT="jeiner"/><SP WIDTH="20" VPOS="3184" HPOS="1467"/>
						<String ID="string_907" HPOS="1487" VPOS="3186" WIDTH="117" HEIGHT="28" WC="0.72" CONTENT="Warde"/><SP WIDTH="27" VPOS="3186" HPOS="1604"/>
						<String ID="string_908" HPOS="1631" VPOS="3192" WIDTH="34" HEIGHT="27" WC="0.88" CONTENT="zu"/><SP WIDTH="29" VPOS="3192" HPOS="1665"/>
						<String ID="string_909" HPOS="1694" VPOS="3182" WIDTH="168" HEIGHT="33" WC="0.89" CONTENT="entheben,"/><SP WIDTH="34" VPOS="3182" HPOS="1862"/>
						<String ID="string_910" HPOS="1896" VPOS="3184" WIDTH="97" HEIGHT="25" WC="0.82" CONTENT="damit"/><SP WIDTH="19" VPOS="3184" HPOS="1993"/>
						<String ID="string_911" HPOS="2012" VPOS="3188" WIDTH="30" HEIGHT="28" WC="0.49" CONTENT="ex"/><SP WIDTH="24" VPOS="3188" HPOS="2042"/>
						<String ID="string_912" HPOS="2066" VPOS="3178" WIDTH="80" HEIGHT="39" WC="0.92" CONTENT="ſeine"/><SP WIDTH="19" VPOS="3178" HPOS="2146"/>
						<String ID="string_913" HPOS="2165" VPOS="3180" WIDTH="70" HEIGHT="28" WC="0.31" CONTENT="Ge—"/>
					</TextLine>
					<TextLine ID="line_135" HPOS="1210" VPOS="3216" WIDTH="1024" HEIGHT="40">
						<String ID="string_914" HPOS="1210" VPOS="3221" WIDTH="137" HEIGHT="32" WC="0.75" CONTENT="ſundheit"/><SP WIDTH="31" VPOS="3221" HPOS="1347"/>
						<String ID="string_915" HPOS="1378" VPOS="3224" WIDTH="106" HEIGHT="26" WC="0.92" CONTENT="wieder"/><SP WIDTH="20" VPOS="3224" HPOS="1484"/>
						<String ID="string_916" HPOS="1504" VPOS="3223" WIDTH="151" HEIGHT="33" WC="0.72" CONTENT="herſtellen"/><SP WIDTH="32" VPOS="3223" HPOS="1655"/>
						<String ID="string_917" HPOS="1687" VPOS="3221" WIDTH="116" HEIGHT="31" WC="0.64" CONTENT="koͤnne;"/><SP WIDTH="25" VPOS="3221" HPOS="1803"/>
						<String ID="string_918" HPOS="1828" VPOS="3221" WIDTH="95" HEIGHT="31" WC="0.90" CONTENT="jedoch"/><SP WIDTH="29" VPOS="3221" HPOS="1923"/>
						<String ID="string_919" HPOS="1952" VPOS="3220" WIDTH="81" HEIGHT="30" WC="0.90" CONTENT="ſeine"/><SP WIDTH="21" VPOS="3220" HPOS="2033"/>
						<String ID="string_920" HPOS="2054" VPOS="3225" WIDTH="92" HEIGHT="30" WC="0.88" CONTENT="ganze"/><SP WIDTH="18" VPOS="3225" HPOS="2146"/>
						<String ID="string_921" HPOS="2164" VPOS="3216" WIDTH="70" HEIGHT="30" WC="0.85" CONTENT="Be⸗"/>
					</TextLine>
					<TextLine ID="line_136" HPOS="1210" VPOS="3255" WIDTH="1027" HEIGHT="39">
						<String ID="string_922" HPOS="1210" VPOS="3259" WIDTH="124" HEIGHT="32" WC="0.76" CONTENT="ſotdung"/><SP WIDTH="23" VPOS="3259" HPOS="1334"/>
						<String ID="string_923" HPOS="1357" VPOS="3261" WIDTH="53" HEIGHT="26" WC="0.88" CONTENT="mit"/><SP WIDTH="17" VPOS="3261" HPOS="1410"/>
						<String ID="string_924" HPOS="1427" VPOS="3264" WIDTH="63" HEIGHT="23" WC="0.91" CONTENT="dem"/><SP WIDTH="22" VPOS="3264" HPOS="1490"/>
						<String ID="string_925" HPOS="1512" VPOS="3260" WIDTH="108" HEIGHT="33" WC="0.76" CONTENT="Range"/><SP WIDTH="20" VPOS="3260" HPOS="1620"/>
						<String ID="string_926" HPOS="1640" VPOS="3260" WIDTH="83" HEIGHT="26" WC="0.91" CONTENT="eines"/><SP WIDTH="28" VPOS="3260" HPOS="1723"/>
						<String ID="string_927" HPOS="1751" VPOS="3257" WIDTH="169" HEIGHT="28" WC="0.18" CONTENT="wierklichen"/><SP WIDTH="19" VPOS="3257" HPOS="1920"/>
						<String ID="string_928" HPOS="1939" VPOS="3255" WIDTH="298" HEIGHT="39" WC="0.28" CONTENT="Staatsraths,"/><SP WIDTH="-72" VPOS="3255" HPOS="2237"/>
						<String ID="string_929" HPOS="2165" VPOS="3251" WIDTH="66" HEIGHT="49" WC="0.76" CONTENT="ihm"/>
					</TextLine>
					<TextLine ID="line_137" HPOS="1209" VPOS="3291" WIDTH="1030" HEIGHT="40">
						<String ID="string_930" HPOS="1209" VPOS="3295" WIDTH="204" HEIGHT="36" WC="0.74" CONTENT="beibehatten;"/><SP WIDTH="26" VPOS="3295" HPOS="1413"/>
						<String ID="string_931" HPOS="1439" VPOS="3300" WIDTH="61" HEIGHT="25" WC="0.92" CONTENT="und"/><SP WIDTH="28" VPOS="3300" HPOS="1500"/>
						<String ID="string_932" HPOS="1528" VPOS="3303" WIDTH="129" HEIGHT="21" WC="0.88" CONTENT="ernenne"/><SP WIDTH="26" VPOS="3303" HPOS="1657"/>
						<String ID="string_933" HPOS="1683" VPOS="3302" WIDTH="33" HEIGHT="29" WC="0.92" CONTENT="zu"/><SP WIDTH="28" VPOS="3302" HPOS="1716"/>
						<String ID="string_934" HPOS="1744" VPOS="3293" WIDTH="95" HEIGHT="34" WC="0.76" CONTENT="ſeinex"/><SP WIDTH="26" VPOS="3293" HPOS="1839"/>
						<String ID="string_935" HPOS="1865" VPOS="3294" WIDTH="106" HEIGHT="29" WC="0.90" CONTENT="Stelle"/><SP WIDTH="26" VPOS="3294" HPOS="1971"/>
						<String ID="string_936" HPOS="1997" VPOS="3296" WIDTH="56" HEIGHT="26" WC="0.91" CONTENT="den"/><SP WIDTH="27" VPOS="3296" HPOS="2053"/>
						<String ID="string_937" HPOS="2080" VPOS="3291" WIDTH="159" HEIGHT="37" WC="0.38" CONTENT="Warquis"/>
					</TextLine>
					<TextLine ID="line_138" HPOS="1209" VPOS="3327" WIDTH="1029" HEIGHT="40">
						<String ID="string_938" HPOS="1209" VPOS="3340" WIDTH="30" HEIGHT="20" WC="0.90" CONTENT="v."/><SP WIDTH="40" VPOS="3340" HPOS="1239"/>
						<String ID="string_939" HPOS="1279" VPOS="3333" WIDTH="336" HEIGHT="33" WC="0.48" CONTENT="Mata?Fiorida,"/><SP WIDTH="25" VPOS="3333" HPOS="1615"/>
						<String ID="string_940" HPOS="1640" VPOS="3335" WIDTH="138" HEIGHT="25" WC="0.90" CONTENT="meinen"/><SP WIDTH="36" VPOS="3335" HPOS="1778"/>
						<String ID="string_941" HPOS="1814" VPOS="3332" WIDTH="203" HEIGHT="35" WC="0.89" CONTENT="Finanzraih."/><SP WIDTH="67" VPOS="3332" HPOS="2017"/>
						<String ID="string_942" HPOS="2084" VPOS="3327" WIDTH="154" HEIGHT="35" WC="0.90" CONTENT="Wornach"/>
					</TextLine>
				</TextBlock>
				<TextBlock ID="block_32" HPOS="1189" VPOS="3366" WIDTH="1050" HEIGHT="53">
					<TextLine ID="line_139" HPOS="1189" VPOS="3366" WIDTH="1050" HEIGHT="53">
						<String ID="string_943" HPOS="1189" VPOS="3370" WIDTH="54" HEIGHT="49" WC="0.59" CONTENT="ihr"/><SP WIDTH="33" VPOS="3370" HPOS="1243"/>
						<String ID="string_944" HPOS="1276" VPOS="3369" WIDTH="67" HEIGHT="37" WC="0.90" CONTENT="Jhr"/><SP WIDTH="19" VPOS="3369" HPOS="1343"/>
						<String ID="string_945" HPOS="1362" VPOS="3370" WIDTH="76" HEIGHT="38" WC="0.90" CONTENT="Euch"/><SP WIDTH="24" VPOS="3370" HPOS="1438"/>
						<String ID="string_946" HPOS="1462" VPOS="3378" WIDTH="38" HEIGHT="30" WC="0.90" CONTENT="zu"/><SP WIDTH="24" VPOS="3378" HPOS="1500"/>
						<String ID="string_947" HPOS="1524" VPOS="3371" WIDTH="102" HEIGHT="36" WC="0.92" CONTENT="achten"/><SP WIDTH="20" VPOS="3371" HPOS="1626"/>
						<String ID="string_948" HPOS="1646" VPOS="3371" WIDTH="86" HEIGHT="35" WC="0.84" CONTENT="habt."/><SP WIDTH="46" VPOS="3371" HPOS="1732"/>
						<String ID="string_949" HPOS="1778" VPOS="3369" WIDTH="61" HEIGHT="37" WC="0.88" CONTENT="Jch"/><SP WIDTH="30" VPOS="3369" HPOS="1839"/>
						<String ID="string_950" HPOS="1869" VPOS="3373" WIDTH="50" HEIGHT="27" WC="0.90" CONTENT="der"/><SP WIDTH="27" VPOS="3373" HPOS="1919"/>
						<String ID="string_951" HPOS="1946" VPOS="3369" WIDTH="145" HEIGHT="36" WC="0.0" CONTENT="Koͤnig?."/><SP WIDTH="24" VPOS="3369" HPOS="2091"/>
						<String ID="string_952" HPOS="2115" VPOS="3380" WIDTH="41" HEIGHT="11" WC="0.84" CONTENT="—"/><SP WIDTH="15" VPOS="3380" HPOS="2156"/>
						<String ID="string_953" HPOS="2171" VPOS="3366" WIDTH="68" HEIGHT="31" WC="0.67" CONTENT="Dte"/>
					</TextLine>
				</TextBlock>
			</PrintSpace>
		</Page>
	</Layout>
</alto>
