2413 3648
478 386 3 2 —
599 367 116 29 Vorr
729 365 157 34 ufung..
1183 365 77 30 —

313 407 67 38 Die
396 406 129 31 Bruͤder
543 405 155 37 Johann⸗
724 401 144 35 Zoſeph,
891 399 110 36 Peter
1012 400 70 28 and.
1101 399 156 39 Mathias

225 439 214 42 Gallmeter
464 443 117 33 Soͤhne
605 444 67 27 des
683 439 120 36 Sofeph
818 433 207 52 Galtmetzer,
1039 433 145 52 Webers
1200 442 53 39 im

225 483 177 36 Eggenthal
415 480 69 30 dies
497 480 160 34 Gerichts,
676 477 97 37 haben
792 477 49 33 ſich
864 477 81 34 ſchon
959 477 42 27 in
1018 474 87 46 ihren
1113 475 144 37 Jugend⸗

224 522 108 36 jahlen
353 526 56 28 don
432 519 64 36 hier
523 518 33 27 in
578 518 46 27 die
649 514 125 35 Fremde,
792 514 129 35 begeben
942 517 94 30 ,und
1059 517 53 29 ſeit
1132 523 126 29 20480

223 563 65 25 and
303 566 43 27 32
371 556 122 35 Jahren
515 555 34 33 iſt
566 561 60 20 von
647 552 100 37 ihrem
763 551 206 36 Aufenthait,
985 550 94 31 Leben
1093 555 76 27 oder
1189 552 67 30 Tod

224 588 111 46 nichtẽ
344 592 84 37 mehr
446 592 136 28 bekannt
600 594 171 31 geworden.
879 603 77 22 ——

233 629 155 38 —Jhre
417 629 198 35 hierortigen
631 628 230 36 Geſchwiſterte
892 626 101 37 haben
1013 626 169 36 deßwegen
1203 635 53 22 um

218 668 158 35 Erberfolg
398 669 52 26 des
473 666 196 35 Vermoͤgene
694 666 166 36 gebethen,
895 665 125 33 welches
1047 666 71 32 nach
1142 667 113 34 letztge⸗

217 709 95 33 legter
338 705 167 35 Rechnung
524 707 54 26 des
582 698 195 51 gerichtlich
786 698 186 51 beſtellten
978 702 155 30 Kurgtors
1152 702 102 43 Blaſy

216 744 129 36 Eiſath,
375 736 81 48 ddo.
456 742 42 29 G.
515 742 87 34 Suuii.
627 742 105 35 J.,
775 740 35 30 fuͤr
825 741 54 29 die
897 742 65 27 vier
990 740 127 29 Brüder
1138 745 116 32 zuſam⸗

217 790 70 22 men
307 784 32 26 in
352 783 107 27 einem
479 779 352 36 Kapitalsbetfcage
768 773 74 49 von
852 784 65 30 225
939 779 33 33 ſi.
985 786 31 29 4
1035 778 42 40 kr-
1095 777 137 37 beſteht.

303 819 165 29 Bemeldte
488 820 71 28 vier
593 817 182 34 Gebruͤder,
812 811 91 48 oder
921 816 66 36 ihre
1017 815 238 37 Abkoͤmmlinge

214 859 122 27 werden
352 857 102 35 daher
474 856 222 35 aufgefordert,
732 855 49 34 ſich
808 854 115 29 binnen
950 855 99 27 einem
1066 850 99 46 Jahr
1176 862 77 26 per⸗

216 895 111 33 ſoͤnlich
354 895 65 35 hier
439 901 35 30 zu
494 896 139 31 melden,
666 898 68 24 oder
758 895 55 26 das
836 890 127 35 Gericht
983 891 58 34 auf
1056 893 67 33 eine
1134 895 120 28 andere

214 933 181 33 verlaͤßliche
424 931 61 29 Art
507 934 32 26 in
560 935 46 26 die
624 930 161 34 Kenntniß
809 930 84 34 ihres
915 929 114 28 Lebens
1042 930 36 32 ſo
1096 928 100 37 gewiß
1219 936 34 30 zu

213 969 112 36 ſetzen,
361 972 49 26 als
436 970 74 36 ſonſt
533 970 71 33 nach
627 969 131 32 Umiauf
749 962 113 48 dieſer
873 962 87 48 Friſt
979 973 52 30 zur
1051 966 201 35 Todeserkia⸗

209 1006 86 36 ung
312 1008 192 35 geſchritien,
526 1012 63 24 und
608 1010 68 24 das⸗
683 1006 203 29 vorbemerkte
913 1004 189 36 Vermoͤgen.
1118 1009 57 24 den
1196 1012 55 31 an⸗

216 1042 161 39 ſuchenden
391 1044 251 36 Geſchwiſterten
666 1043 239 30 uͤberautwortet
920 1045 121 27 werden
1060 1043 168 38 wuͤrde.

272 1082 179 37 Freuherrt.
472 1090 30 21 5.
517 1081 280 35 Sternbachiſches
828 1080 361 38 Herrſchafts-Gericht

342 1119 225 37 Deutſchnofen
582 1123 64 25 den
670 1129 53 19 11.
744 1119 115 35 Auguſt
877 1122 239 32 18172..

1068 1154 139 37 Richter.

691 1157 48 39 S.
753 1157 54 28 G.
831 1165 32 21 v.
881 1155 159 37 Spreng,

207 1239 24 29 8.
265 1226 103 47 Vom
375 1231 93 30 Graf
509 1239 30 23 v.
552 1231 216 38 Kuͤnigliſchen
780 1230 469 37 Patrimonialgerichte
1139 1226 114 47 Wels⸗

207 1263 72 47 derg
291 1271 87 28 wird
398 1271 108 35 hiemit
525 1271 250 35 kundegemacht,
799 1269 59 32 daß
869 1271 55 27 die
941 1269 183 34 geſetztichen
1142 1267 108 34 Erben

201 1310 63 26 des
283 1304 178 40 Sebaſtian
485 1309 222 35 Pircheriſchen
733 1308 121 35 Sohn,
885 1306 121 35 Jofeph
1029 1306 133 34 Pircher
1188 1313 60 31 von

206 1343 208 39 Niederdorf;
442 1347 122 34 weſcher
593 1346 51 34 ſich
668 1346 87 35 ſchon
781 1353 55 22 vor
863 1352 43 29 33
926 1344 131 36 Jahren
1078 1343 184 35 unwiſſend

196 1382 117 35 wohin
313 1377 164 47 entfernt
489 1384 83 36 hat,
604 1388 62 25 und
691 1385 73 34 man
784 1382 136 36 ſeithero
944 1385 70 35 von
1025 1381 107 35 ſelben
1150 1382 98 33 uichté

207 1420 89 36 mehr
314 1422 43 36 in
381 1421 182 36 Erfahrung
558 1414 154 49 bringen
722 1423 140 31 konnte,
899 1427 53 22 um
975 1420 96 33 deſſen
1092 1418 157 34 Einberu⸗

205 1459 82 33 fung
306 1460 172 34 angeſuchet
499 1460 111 34 haben.
879 1477 33 8 —

299 1494 46 30 Es
372 1498 77 28 wird
470 1497 60 32 alſo
558 1496 94 34 dieſer
673 1496 118 39 Joſeph
797 1490 144 49 Pircher
953 1496 118 35 hiemit
1091 1494 157 36 aufgefer⸗

201 1535 96 31 dert,
332 1533 53 38 ſich
406 1534 122 29 binnen
553 1536 106 27 einem
683 1531 89 40 Jahr'
794 1542 83 20 von
885 1533 243 34 Kundmachung
1144 1532 103 36 dieles

192 1565 139 48 Editts
340 1579 52 26 an,
415 1579 59 21 von
496 1572 112 35 ſeinem
627 1571 91 30 Leben
738 1576 62 25 und
819 1571 207 35 allenfalligen
1041 1570 206 37 Aufenthatte

209 1603 116 48 Ddiefem
333 1607 345 38 Patrimonialgerichte
701 1618 50 21 um
760 1611 40 34 ſo
821 1608 135 37 gewiſſer
966 1608 164 34 Nachricht
1146 1615 37 30 zuů
1196 1615 50 27 ge⸗

201 1646 88 33 ben,
321 1650 69 25 oder
418 1648 146 35 waͤhrend
589 1648 94 33 dieſer
710 1647 66 33 Zeit
782 1642 75 45 ſich
872 1642 97 45 ſelbſt
987 1653 34 30 zu
1034 1647 131 33 ſtellen,
1197 1647 50 26 alẽ

200 1684 178 35 widrigens
387 1687 69 26 das
478 1684 134 36 Gericht
633 1686 71 33 nach
721 1679 150 46 Verlauf
881 1685 104 32 diefes
1007 1685 239 36 obbeſtimmten

203 1718 157 36 Zermins
379 1729 53 30 zur
448 1721 266 36 ZTodesertlaͤrung
728 1723 146 33 ſchreiten
894 1721 115 31 wuͤrde.
1174 1748 29 7 J

212 1758 217 38 Aoolach
435 1763 71 33 den
525 1767 56 22 11.
600 1759 116 37 Auguſt
730 1765 102 31 4817.
977 1760 18 30 ——

848 1796 192 35 Hueb.er,
1056 1795 146 36 Richter.

199 1858 37 29 S.
457 1852 534 38 Einberufungs-⸗Edikt.
1068 1883 29 4 —

251 1888 124 36 Vom
389 1889 89 36 Graf
492 1900 31 20 v.
540 1891 217 35 Kuͤnigliſchen
777 1891 346 33 Patrimoniaigerichte
1136 1889 105 34 Wels⸗

193 1925 81 35 berg
297 1929 77 31 wird
385 1928 134 37 hiemit
532 1930 77 26 kund
626 1928 152 35 gemacht,
798 1927 74 31 daß
896 1935 59 20 von
976 1931 65 30 dem
1062 1929 111 26 bereits
1197 1928 43 27 im

194 1962 111 37 Zahre
327 1969 93 31 4284
447 1966 211 36 verſtorbenen
678 1964 129 35 Kaſſiau
823 1964 105 35 Gitzt,
954 1965 152 34 geweſten
1127 1963 111 35 Juha⸗

193 2001 61 29 ber
279 2002 85 29 einer
389 2002 117 37 halben
532 2002 265 36 Soldbehaufuͤng
822 2009 35 30 zu
879 2002 64 29 St.
967 2002 76 29 Veit
1061 2003 33 28 in
1116 2001 123 35 Prags,

198 2040 158 35 nunmehr
376 2041 102 33 dieſer
504 2040 524 35 Patrimoniat-Gerichtsbarkeit
1044 2041 49 27 ein
1112 2041 125 33 gericht⸗

192 2077 62 35 lich
274 2077 191 38 berichtigtes
485 2077 179 36 Vermoͤgen
683 2086 59 21 von
764 2078 63 36 263
843 2078 41 34 fl.
904 2086 44 28 45
970 2079 65 32 kr.,
1050 2078 37 32 ſo
1108 2079 46 26 die
1172 2085 64 20 nun

173 2116 214 36 verſtorbene
425 2116 133 30 Wittwe
583 2117 119 34 Urſuta
721 2115 134 38 Muͤller
877 2116 113 35 bisher
1019 2122 70 29 zum
1109 2114 127 33 Genuß

191 2152 417 38 hatte,
309 2148 97 46 noch
409 2152 199 38 unvertheilt
631 2154 178 35 vorhanden
826 2153 75 35 ſey,
935 2156 57 25 und
1008 2154 64 32 die
1072 2148 93 46 hier
1164 2148 72 46 an⸗

192 2190 166 36 weſenden
371 2191 109 28 Erben
501 2199 47 20 um
563 2189 59 30 die
641 2190 217 35 Einberufung
879 2195 51 23 der
947 2191 51 35 ſich
1016 2190 143 35 vielleicht
1178 2198 57 20 an⸗

192 2231 129 36 derswo
340 2229 199 35 efindenden
554 2227 281 36 Erbsanſprecher.
849 2229 103 35 dieſes
969 2229 267 35 Patrimoniaige⸗

195 2266 81 37 richt
292 2265 153 38 gebethen
463 2266 118 35 haben.

286 2303 66 27 Da
377 2311 66 20 nun
442 2298 112 47 ſchon
566 2304 63 32 bei
648 2307 51 26 der
719 2310 52 22 am
789 2312 33 19 1.
841 2303 79 36 Suli
940 2308 86 33 1784
1047 2302 49 37 fuͤr
1110 2298 58 47 ſich
1174 2312 62 26 ge⸗

194 2338 169 40 gangenen
390 2340 128 35 Kaſſiaa
541 2340 201 37 Gitzliſchen.
762 2341 368 36 Vermoͤgensergänzung
1158 2341 79 34 nicht

197 2372 76 50 alle
282 2376 103 31 Erben
407 2378 130 30 bekannt
562 2387 125 25 waren,
722 2383 61 25 und
809 2378 61 35 alſo
895 2380 90 32 leicht
1008 2384 48 23 der
1075 2379 66 34 Fail
1157 2380 78 35 ſeyn

197 2411 129 49 foͤnute,
336 2416 70 39 daß
428 2416 49 36 ſich
491 2418 79 34 noch
585 2417 107 36 einige
714 2417 48 39 hie
775 2420 77 34 oder
877 2419 37 26 da
932 2418 44 27 im
986 2416 91 30 Leben
1097 2417 149 37 befinden

195 2450 154 46 duͤrften:

290 2492 134 36 Dahero
450 2494 122 27 werden
587 2492 65 39 alle
672 2494 88 36 jene,
792 2494 47 29 die
857 2492 57 34 auf
928 2491 77 35 dieſe
1022 2487 152 48 Erbſchaft
1183 2491 52 31 ei⸗

194 2535 68 24 mten
279 2528 155 36 Anſpruch
457 2532 122 32 machen
598 2530 39 37 zu
663 2531 118 28 koͤnnen
811 2532 154 35 glauben,
999 2531 105 35 hiemit
1132 2532 102 34 aufge—

194 2568 133 35 fordert,
344 2568 122 28 binnen
483 2570 108 26 einem
610 2567 100 36 Jahr,
733 2568 77 35 ſechs
835 2567 143 35 Wochenh
988 2572 60 24 und
1071 2571 60 25 drei
1148 2569 87 35 Taͤge

194 2613 67 22 von
281 2605 93 36 dieſer
392 2605 244 35 Kundmachung
657 2613 60 25 an,
751 2607 63 37 ihre
837 2605 199 39 diesfaͤlligen
1065 2605 168 36 Anſpruͤche

201 2651 54 21 um
273 2643 28 35 ſo
323 2644 119 38 ſicherer
460 2644 46 28 bei
516 2643 118 33 dieſem
656 2642 345 41 Patrimonialgerichte
1020 2651 34 28 zu
1080 2644 154 34 erweiſen,

197 2682 69 27 als
280 2683 168 33 widrigens
470 2683 64 28 mit
556 2682 118 37 obigen
704 2681 176 36 Vermoͤgen
904 2683 77 34 nach
1003 2684 63 25 den
1094 2682 138 36 Geſetzen

195 2719 168 35 vtrfahren
386 2719 120 29 werden
528 2718 139 31 wuͤrde.

284 2755 135 38 Zoblach
443 2761 56 25 den
518 2766 54 20 11.
596 2755 118 39 Auguſt
731 2763 96 31 1817.

803 2794 232 37 Hueber,
1057 2794 133 37 Richter.

437 2854 363 35 Verſteigerungs
821 2848 183 46 -Edikt.“

276 2888 96 31 Vom
405 2890 31 29 E.
463 2892 25 28 t.
521 2891 290 35 Landesfuͤrſtlichen
844 2889 144 34 Gerichte
1022 2890 211 37 Sonnenburg

204 2925 76 29 wird
299 2927 107 34 hiemit
432 2929 131 30 betannt
581 2931 154 34 gemacht:
770 2929 46 28 Es
837 2931 99 26 werde
961 2927 60 33 auf
1036 2931 54 24 das
1111 2936 39 21 an
1176 2932 57 25 das

183 2960 214 38 Vychloͤbliche
416 2966 24 28 k.
461 2968 24 27 k.
511 2967 130 29 Staot⸗
661 2970 61 26 uuüd
743 2965 161 34 Landrecht
926 2971 35 30 zu
983 2964 177 34 Jnnsbruck
1183 2968 50 26 als

207 2992 222 52 Abhandlungs
434 2992 126 52 behoͤrde
586 3005 133 35 geſtellte
743 3008 62 24 und
828 3011 73 21 vom
925 3001 181 35 Hochſelben
1124 3005 110 28 bewil⸗

210 3034 94 32 ligte
323 3038 96 34 ſohm
449 3042 95 35 auher
567 3045 49 26 als
641 3042 202 36 Realinſtanz
859 3041 188 33 uͤbergebene
1068 3040 164 37 Anlangen

213 3070 54 25 de
289 3069 97 39 Franz
407 3065 142 54 Thaler,
592 3082 49 27 As
671 3080 136 35 Zohann
839 3077 283 35 Schoͤnherriſchen
1152 3079 80 34 Ver⸗

196 3101 268 57 laſſenſchaftavec
496 3101 107 57 alters-
625 3120 47 27 die
696 3117 166 36 oͤffentliche
888 3116 235 35 Verſteigeruͤng
1145 3117 87 34 nach⸗

206 3137 162 57 ſtehender
390 3146 195 39 Srundſtuͤcke
610 3156 69 32 ſratt
702 3155 119 36 haben,
845 3155 70 27 als:

294 3174 77 59 Ein.
388 3181 85 41 Acker
495 3188 41 27 im
558 3189 140 36 Ameafer
719 3192 111 34 Felde,
853 3192 85 29 Nro.
964 3188 73 30 Cat.
1058 3196 64 29 Qut.
1178 3187 57 40 ſ3

221 3212 55 65 8*
340 3223 88 26 groß,
448 3221 102 38 grägzt
573 3235 29 19 .
627 3236 38 21 au
690 3229 179 36 Grasweg)
879 3217 67 53 2.
960 3235 40 21 au
1023 3226 81 36 Joh.
1129 3227 105 36 Georg

299 3252 57 64 n
377 3261 43 57 z
433 3263 39 30 an.
495 3259 147 35 Mathias
665 3265 194 36 Mayrifchen
883 3255 165 52 Ehelente
1056 3268 62 24 und
1141 3273 33 27 4.
1193 3273 42 20 an

222 3321 71 31 —
329 3295 66 57 —
416 3299 22 31 b.
457 3293 65 33 ſeel.
549 3296 111 40 Etben.
687 3289 136 54 Dieſel
838 3303 88 29 Acker
948 3305 39 34 ift
1017 3306 74 25 dem
1116 3300 119 38 Kloſter

296 3330 29 30 mis
366 3331 340 39 grundrechtbar;
626 3326 84 55 und
736 3340 62 33 gibt
829 3343 35 33 zu
885 3341 135 36 Handen
1045 3342 51 28 des
1120 3338 113 39 Lehlu⸗

1247 3112 11 20 —

1322 354 118 42 traͤgere
1463 354 70 35 vom
1553 356 117 40 ganzen
1684 358 184 39 Manergut
1881 353 241 53 Hilſgeundgine
2141 370 33 27 in
2195 372 74 29 alter
2281 362 58 51 Tr⸗

1319 398 230 37 rolerwaͤhrung
1579 400 40 26 10
1640 399 61 32 tr.,
1732 398 161 38 Theilzins
1920 413 15 18 1
1949 413 53 20 72
2021 405 62 28 tc;
2118 410 66 24 dem
2208 408 35 28 S

1319 437 117 29 Amras
1464 433 278 37 Vogtei⸗Roggen
1768 441 85 33 1172
1876 403 110 72 ——
2043 426 70 46 und
2139 446 54 26 dem
2229 411 112 69 —

1319 475 107 35 ſpitale
1446 479 33 30 zu
1501 473 181 34 Zunsbruck
1693 469 71 45 den
1776 469 139 45 Zehend.
2282 477 61 34 u

1350 510 125 38 Oer
1508 509 226 36 Ausrufspreis
1760 512 86 29 wied
1861 515 66 27 mit
1956 514 160 35 Einſchluß
2151 519 53 26 des
2222 521 115 36 darauf⸗

1317 549 159 36 ſtehenden
1506 547 145 30 Tuͤrkens
1676 552 63 25 und
1770 555 51 22 der
1848 551 270 37 darauſſtehenden
2141 552 132 40 Bohnen
2295 561 42 28 e—

1317 588 115 36 ſtimmt
1451 585 57 34 auf
1520 592 68 30 400
1608 586 34 35 fl.

1684 618 304 45 Bedinguiſſe.

1402 670 33 20 .
1459 659 93 30 Wird
1596 660 199 35 Jedermann
1838 663 68 27 mit
1932 661 182 42 Ausnahme
2146 667 51 28 der
2225 667 113 35 Juden—

1310 698 95 37 ſchaft
1431 705 52 30 zur
1506 698 234 37 Verſteigerung
1765 699 180 37 zugelaſſen.
2141 727 3 3 —

1399 746 36 19 2
1460 736 91 29 Wird
1572 742 92 23 unter
1682 738 109 34 dieſem
1809 737 237 35 Ausrufspreiſe
2069 746 47 27 pr.
2142 746 66 29 400
2225 742 32 33 fi.
2281 741 56 34 tein

1314 774 125 36 Anboth
1461 781 275 28 angenommen.
1880 778 62 6 —
2155 795 31 13 —

1399 821 33 28 3.
1452 812 99 28 Wird
1586 816 57 34 das
1676 811 189 38 Grundſtuͤck
1897 811 41 28 ad
1950 820 150 28 corpus
2122 818 61 24 und
2208 817 74 35 nicht
2301 821 36 28 ad

1314 858 190 21 mensuram
1526 850 168 35 verkaufet.
1927 869 42 9 U
2228 876 58 10 ——

1395 895 38 29 4.
1457 887 67 35 Hat,
1546 886 122 39 Kaͤufer
1691 888 56 30 alle
1765 882 181 50 Lizitations
1953 882 130 50 koſten,
2080 886 256 42 Armenprozento,

1314 925 85 34 Auf⸗
1420 928 61 25 und
1502 924 298 38 Auzussgebuhren?
1812 924 385 37 Kauſercichtungstoſten
2214 934 58 23 und
2289 933 47 28 all⸗

1314 963 144 36 Steuern
1492 967 62 24 und
1589 965 140 35 Oblagen
1762 965 82 34 ehne
1868 963 186 35 Ausnahme
2077 968 61 23 und
2149 965 183 36 Unterſchiez

1312 1003 82 35 ihrer
1413 999 236 37 Eniſtehungs-⸗
1668 1007 64 23 und
1751 1000 286 39 Eintreibungszeit
2056 1008 34 29 zu
2110 1000 207 37 uͤbernehmen.

1398 1047 33 27 5.
1465 1039 66 34 Hat
1567 1039 130 33 derſelbe
1732 1043 55 24 den
1823 1039 220 33 Kauſſchilling
2072 1046 60 21 von
2163 1038 169 38 Lichimeſſen

1314 1076 93 34 dieſes
1429 1075 106 36 Sahrs
1555 1083 36 29 zu
1610 1084 22 29 5
1652 1073 91 39 pEto.
1762 1084 43 29 zu
1820 1076 155 38 verzinſen
2001 1079 60 26 und
2086 1076 73 29 uͤber
2181 1086 14 18 a
2197 1075 135 41 aaͤhrig⸗

1303 1114 79 36 Ab⸗
1402 1118 70 24 oder
1489 1113 210 37 Auftuͤndung
1717 1123 34 29 zu
1774 1116 158 35 bezahlen.
2163 1137 88 9 Um

1380 1152 51 34 66.
1457 1150 87 37 Geht
1561 1160 71 21 vom
1652 1152 85 36 Täge
1756 1152 192 34 des-Kauſes
1978 1149 81 37 Wag
2079 1153 63 27 und
2163 1150 118 39 Gefahr
2291 1150 45 41 auf

1306 1193 62 26 den
1392 1188 118 34 Kaͤufer
1531 1189 88 29 aͤber.
2160 1206 52 14 —

1298 1227 137 36 7..
1436 1222 76 45 Hat
1519 1226 168 35 Kaͤufer,
1721 1230 36 26 da
1782 1230 51 25 der
1854 1226 90 30 Acker
1969 1226 109 34 ſammt
2102 1228 55 29 den
2183 1228 149 35 daraufſtes

1299 1263 128 38 henden
1438 1258 163 43 Fruͤchten
1624 1266 137 33 verkauft
1779 1266 68 27 und
1862 1269 52 24 der
1931 1271 92 29 ganze
2040 1263 213 36 Kaufſchilling
2274 1267 58 32 ſtill⸗

1299 1301 130 38 iegend
1447 1303 128 31 belaſfen
1598 1300 91 37 wird,
1714 1304 208 33 hinreichende
1937 1301 177 35 Sicherheit
2129 1303 201 37 auszuweiſen.

1378 1345 52 30 8.
1444 1341 103 32 Wird
1572 1341 51 35 ſich
1649 1341 49 28 bis
1716 1348 52 30 zur
1780 1340 177 37 gaͤnzlichen
1975 1338 184 37 Abfuͤhrung
2180 1334 50 48 des
2243 1340 87 36 Kauf⸗

1310 1377 150 37 ſchillings
1486 1382 55 25 das
1565 1378 56 37 jus
1644 1378 34 28 in
1697 1387 35 19 ro
1747 1379 69 34 auf
1828 1379 57 27 das
1901 1377 155 35 verkaufte
2073 1374 190 38 Grundſtuͤck
2274 1386 58 22 vor⸗

1301 1416 165 35 vehaiten.
1556 1414 98 24 ———
1892 1418 58 12 J
2106 1430 32 12 —

1397 1454 69 28 Die
1485 1452 246 37 Verſteigerung
1758 1453 83 35 ſelbſt
1864 1454 77 28 wird
1967 1459 51 22 am
2037 1458 51 30 15.
2112 1451 181 35 September
2307 1456 26 26 d.

1308 1489 40 34 J.
1370 1491 177 36 vorgehen,
1575 1493 170 34 dergeſtaft,
1770 1491 66 34 daß
1855 1492 59 28 mit
1937 1488 129 37 Schlag
2083 1499 41 18 10
2148 1490 64 35 Uhr
2235 1498 44 20 am
2291 1490 40 28 be⸗

1301 1529 110 36 ſagten
1437 1528 84 36 Tage
1538 1531 75 30 mit
1648 1532 66 25 dem
1745 1528 139 35 Ausrufe
1920 1528 305 35 angefangen,
2144 1524 76 45 und
2249 1530 84 27 damit

1304 1568 53 33 bis
1381 1564 67 40 zum
1475 1569 101 32 letzten
1602 1570 63 27 und
1684 1567 124 37 meiſten
1831 1565 145 38 Anbothe
1994 1564 257 36 vorichriftmäßig
2269 1566 62 33 ſort⸗

1299 1606 161 37 gefahren
1479 1609 121 24 werden
1625 1607 91 26 wird.

1407 1642 66 35 K.
1494 1642 30 28 K.
1547 1641 113 40 Landes
1670 1629 167 56 faͤrſtliches
1847 1619 138 62 Gericht
1990 1621 249 58 Sonnenburg.

1481 1679 185 37 Jnnsbruck
1690 1684 56 25 den
1770 1681 55 28 16.
1850 1680 118 36 Auguſt
1991 1681 97 40 1817.

1496 1717 392 36 ———0Or.
1912 1715 227 36 Staffier,
2162 1715 133 37 Richter.

1303 1784 65 46 8
1413 1785 126 13 —
1598 1787 423 44 KKonkurs-Editt.
2183 1807 88 18 .

1360 1844 4 2 Vom
1394 1828 520 39 Graͤſlich
1635 1821 67 50 vön
1701 1828 213 39 Ferrariſchen
1925 1825 408 42 Pateimonialgericht
2255 1821 81 50 Jmſt

1274 1869 110 29 wird
1404 1870 113 36 hiemit
1541 1869 79 27 allen
1638 1870 196 38 denjenigen,
1856 1875 95 25 denen
1976 1874 91 24 daran
2084 1871 117 32 gelegen
2218 1866 53 33 iũ
2285 1864 46 40 bei

1274 1906 126 28 fannt
1422 1907 155 34 gemacht:
1613 1904 47 29 Es
1683 1906 46 36 ſey
1751 1914 59 21 von
1828 1908 108 35 dieſem
1961 1908 138 33 Gerichte
2119 1908 32 26 in
2169 1906 47 25 die
2236 1900 99 33 Erdf⸗

1303 1950 85 27 nung
1402 1947 95 24 eines
1516 1943 176 33 Konkurſes
1712 1943 89 31 über
1809 1950 56 24 das
1889 1947 164 34 geſammte
2070 1946 44 26 im
2132 1942 95 28 Lande
2246 1931 92 50 Tyrol

1293 1984 71 25 und
1377 1980 188 36 Vorarlberg
1577 1982 175 34 befindliche
1769 1983 176 36 bewegliche
1958 1988 61 24 und
2039 1978 214 36 unbewegliche
2263 1974 73 27 Ver⸗

1293 2019 118 36 moͤgen
1429 2021 62 26 des
1511 2018 92 35 Fidel
1631 2018 91 35 Oppl“
1739 2028 56 30 zu
1812 2021 171 33 Brenbicht
2013 2020 162 36 gewilliget
2204 2017 132 39 worden:

1300 2057 115 36 Daher
1437 2059 77 27 wird
1528 2057 223 37 Jedermann?
1785 2061 50 26 der
1852 2067 42 20 an
1916 2060 214 33 erſtgedachten
2152 2052 184 34 Verſchulde⸗

1291 2099 160 30 tenneine
1482 2095 178 35 Forderung
1687 2102 34 30 zu
1749 2097 100 34 ſſteilen
1875 2097 177 33 verechtiget
2077 2101 34 29 zu
2139 2092 69 36 ſeyn
2227 2083 106 55 gtagbt⸗

1292 2133 120 35 hiemit
1432 2133 223 35 angewieſen
1669 2134 49 32 bis
1739 2137 56 23 den
1814 2142 55 27 24.
1889 2133 192 35 September
2101 2135 28 23 d.
2149 2130 41 32 J.
2211 2131 46 24 die
2278 2124 55 28 An⸗

1300 2173 146 32 meldung
1467 2171 94 33 fliner
1583 2171 175 33 Forderung
1780 2172 33 26 in
1823 2171 124 34 Geſtalt
1965 2173 83 24 einer
2069 2168 176 34 foͤrilichen
2266 2163 69 29 Sia⸗

1289 2215 44 29 ge
1343 2210 105 27 wider
1467 2212 55 24 den
1555 2207 161 29 Vertreter
1744 2212 51 23 der
1816 2206 238 34 Konkursmaſſe
2082 2205 177 29 Advotaten
2269 2196 62 46 Jo⸗

1292 2247 95 36 hann
1408 2245 152 33 Lindner,
1592 2246 46 26 bei
1668 2244 108 34 dieſem
1801 2245 140 34 Gerichte
1962 2253 52 20 um
2038 2244 28 34 ſo
2085 2242 135 35 gewiſſer
2240 2241 91 33 einzu⸗

1292 2285 145 32 reichen,
1461 2287 61 24 und
1545 2285 32 25 in
1604 2281 93 33 dieſer
1715 2284 77 31 nicht
1814 2291 58 20 nur
1895 2284 48 27 die
1954 2281 183 36 Richtigkeit
2159 2281 95 34 ſeiner
2258 2272 73 52 Sor⸗

1300 2326 139 30 derung,
1471 2321 126 32 ſondern
1626 2321 70 33 auch
1717 2324 56 24 das
1794 2320 114 36 Recht,
1944 2320 78 33 kraft
2042 2319 94 32 deſſen
2157 2326 31 19 er
2209 2318 32 26 in
2251 2309 79 51 dieſt

1291 2362 79 26 oder
1389 2366 68 26 ſene
1476 2358 101 32 Kiaſſe
1601 2357 100 35 geſetzt
1720 2365 34 29 zu
1780 2363 120 24 werden
1927 2360 159 33 verlangt,
2121 2363 34 31 zu
2188 2356 144 29 erweiſen,

1299 2398 48 27 als
1380 2395 224 36 widrigenfalls
1634 2396 70 33 nach
1738 2395 201 37 Verfiießung
1969 2399 50 25 der
2045 2396 75 27 oben
2150 2394 179 35 beſtimmten

1292 2434 85 35 Friſt
1399 2433 162 34 Niiemand
1580 2433 86 34 mehr
1686 2434 119 35 gehoͤrt,
1828 2438 61 25 und
1905 2437 81 32 jene,
2011 2434 46 28 die
2079 2432 64 35 ihre
2164 2431 165 33 Forderung

1291 2474 56 26 bis
1372 2472 95 35 dahin
1496 2472 77 32 nicht
1601 2475 191 30 angemeldet
1820 2472 123 34 haben,
1975 2474 33 25 in
2037 2470 149 34 Ruͤckſicht
2215 2470 50 26 des
2281 2473 45 27 ge⸗

1292 2512 158 32 ſammten
1470 2509 42 28 im
1531 2508 97 29 Lande
1641 2509 96 36 Tyrol
1762 2515 61 24 und
1837 2509 189 36 Vorarlberg
2046 2508 193 35 befindlichen
2257 2504 72 33 Ber⸗

1291 2549 135 33 moͤgens
1450 2551 53 34 des
1528 2546 166 36 Eingangs
1715 2549 176 28 benannten
1903 2548 234 33 Verſchuldeten
2157 2545 77 36 ohne
2246 2540 84 47 Aus⸗

1293 2587 119 33 nahme
1433 2587 70 33 auch
1534 2590 82 24 dann
1646 2587 184 33 dbgewieſen
1869 2587 69 34 ſeyn
1968 2586 122 34 foilten,
2125 2590 89 23 wenn
2244 2580 85 35 ihnen

1298 2625 70 33 auch
1379 2624 144 32 wirtlich
1543 2625 48 26 ein
1610 2623 341 35 Kompenſationsrecht
1969 2623 164 37 gebuͤhrte,
2158 2624 68 25 oder
2245 2622 83 41 wenn

1293 2663 41 34 ſie
1353 2663 71 32 auch
1450 2663 47 27 ein
1518 2663 121 33 eigenes
1655 2661 70 29 Güt
1746 2670 59 20 von
1831 2666 49 24 der
1895 2662 105 33 Maffe
2020 2668 33 30 zu
2073 2661 119 34 fordern,
2219 2656 109 37 haͤtten,

1260 2705 108 24 oder
1391 2708 91 21 wenn
1505 2702 70 32 auch
1596 2700 65 37 ihre
1680 2700 174 35 Forderung
1873 2701 58 32 auf
1952 2701 49 27 ein
2024 2699 151 35 liegendes
2188 2695 68 29 Gut
2280 2692 47 27 des

1297 2738 236 35 Verſchuldeten
1546 2738 186 33 vorgeinerkt
1749 2738 101 33 waͤre
1874 2739 58 32 daß
1953 2738 61 33 alſo
2036 2737 88 35 ſoiche
2149 2732 178 33 Glaͤubiger,

1293 2785 97 23 wenn
1410 2777 35 33 ſie
1466 2778 32 28 in
1519 2778 47 25 die
1579 2775 106 32 Maſſe
1703 2775 125 37 ſchuldig
1848 2776 67 35 ſeyn
1940 2777 117 33 ſollten,
2080 2776 47 26 die
2144 2772 119 34 Schuld
2276 2774 51 21 ug⸗

1293 2817 137 35 geachtet
1460 2817 53 24 des
1544 2812 288 36 Kompenſations?
1859 2814 235 36 Eigenthums⸗
2114 2814 68 26 oder
2209 2807 119 36 Pfand⸗

1292 2855 121 31 Techts,
1439 2855 56 24 das
1518 2852 92 35 ihnen
1633 2850 76 37 ſonſt
1730 2859 32 28 zu
1786 2853 108 33 ſtatten
1916 2852 171 35 gekommen
2108 2847 101 35 waͤre,
2243 2845 84 34 abzu⸗

1299 2898 110 28 tragen
1431 2891 159 34 verhalten
1611 2892 119 25 werden
1751 2889 137 30 wuͤrden.

1387 2927 136 36 Zugicia,
1550 2929 80 27 wird
1660 2935 52 29 zur
1738 2928 125 35 gaͤtigen
1896 2927 201 36 Austragung
2129 2922 92 34 dieſer
2247 2917 79 30 Kon—

1297 2966 154 33 tursſache
1472 2965 129 36 ſowohl,
1633 2968 49 25 ais
1709 2967 69 29 auch
1806 2974 51 29 zur
1879 2965 99 37 Wahl,
2010 2966 82 28 eines
2111 2967 118 23 neuen,
2261 2959 66 25 2der

1298 3003 208 36 Beſtaͤtigung
1547 3006 52 25 des
1631 3004 179 28 einsweilen'
1839 3003 205 36 aufgeſtellten
2070 2998 255 43 Vermoͤgensder—

1298 3044 127 28 walters
1441 3044 63 24 und
1520 3040 379 36 Kreditorenausſchuſſes,
1922 3041 28 34 ſo
1970 3042 58 27 wie
2047 3045 51 30 zur
2108 3032 216 53 Berichtiguns

1294 3082 88 33 jener
1393 3079 136 34 Puntte,
1553 3080 104 34 weiche
1680 3080 57 33 auf
1757 3080 46 28 die
1814 3079 135 35 künftige
1965 3077 201 31 Verwaltung
2187 3075 51 24 der
2242 3072 81 25 Keg⸗

1296 3116 168 33 Lursniaſſe
1488 3116 180 37 Beziehung
1692 3117 109 36 haben,
1825 3118 56 33 auf
1884 3119 69 25 den
1976 3123 54 28 27.
2046 3109 189 46 September
2247 3103 77 52 —

1299 3153 186 36 Tagfatzing
1500 3157 192 32 anderaumt,
1716 3159 61 24 und
1802 3158 119 26 werden
1944 3154 84 35 hiezu
2051 3140 183 54 faͤnimtliche
2244 3144 78 44 don⸗

1299 3192 227 35 turoglaͤubeger
1546 3192 103 36 ſeioſt/
1674 3196 68 26 der
1760 3194 87 33 durch
1866 3189 187 40 hiniaͤnglich
2075 3182 245 35 Bevollmaͤchtig⸗

1298 3236 29 24 te
1343 3236 36 31 zu
1410 3229 164 35 erſcheinen
1591 3233 194 33 vorgeladen.

1386 3266 137 37 Graͤfiich
1544 3277 31 20 v.
1596 3269 186 33 Feearifches
1802 3263 324 40 Patrimoniaigericht
2146 3257 88 36 Jmſt

1522 3309 55 28 den
1596 3306 33 31 6.
1644 3306 115 30 Auguſt
1780 3310 95 28 1812.

1570 3343 96 21 u
1721 3304 34 78 ſt
1773 3312 156 66 gafeemt.
1965 3338 160 34 Ebner,
2146 3335 131 37 Nichter⸗
