3428 4859
931 154 12 3 —

172 174 151 53 Er.
350 171 129 51 4
666 174 392 64 —92
1148 172 510 56 Sönner
1686 168 551 64 Kachichtenn
2543 181 150 52 —
2952 162 159 71 3

96 283 251 48 —i
538 306 175 32 Narh
1227 288 119 12 'eſa
1669 284 100 47 Hände
1826 285 161 46 gerathen
2018 285 113 57 läſst.
2164 285 115 55 Eine
2291 284 100 57 alte
2397 274 122 73 Frau
2540 282 124 57 ſtirbt
2692 278 161 60 daran,
2865 283 95 48 und
2988 282 161 61 dieſer

103 345 126 45 n
283 289 106 80 (in
400 282 368 138 Aen⸗Marker
780 282 297 130 Giſtmard
1105 282 228 130 Aroceſs.
1382 349 85 48 —
1625 285 194 117 J
1853 286 69 116 ſi
1996 359 71 37 zur
2085 339 259 66 Ermittlung
2380 285 68 104 E
2482 341 578 58 Mörders.
3090 358 36 40 —

41 412 51 24 —
134 397 151 45 Das
313 396 541 68 Unterfuchungsgefängnis
882 395 70 45 der
994 394 133 46 Stadt
1155 393 224 67 New⸗Hork
1407 393 148 57 beher-
1711 404 261 57 Angeſichts
2003 404 118 55 dieſer
2170 404 245 57 Thatſachen
2446 402 45 57 iſt
2522 409 42 39 es
2594 402 215 57 zweifellos
2858 401 263 59 angebracht,

15 455 170 68 bergt
214 454 291 70 augenblicklich
556 457 54 42 21
642 455 71 44 des
741 449 199 79 Mordes
954 453 269 68 Angeklagte,
1269 453 286 69 darunterbe-ſ
1627 463 92 56 daſs
1763 459 232 62 öffentliche
2031 463 202 57 Meinung
2277 463 83 44 und
2393 462 138 58 Preſſe
2583 462 40 45 in
2655 461 181 45 Amerika
2885 460 113 56 ſtets
3032 460 128 47 das

52 514 147 60 findet
226 515 73 67 ſich
331 528 62 55 ein
423 515 144 57 junger,
587 509 196 78 Menſch,
790 509 220 78 angeklagt
1036 513 71 44 des
1124 513 130 56 feigen
1284 510 298 57 Giftmordes.]
1610 522 138 46 Wort
1778 530 80 38 von
1889 523 69 45 der
1987 522 286 58 puritaniſchen
2295 506 153 78 jungen
2458 518 466 61 Republik
2677 506 79 78 im
2762 506 143 78 Munde
2944 521 159 57 führen,

125 590 29 19 Wie
260 573 110 52 bei
379 573 128 45 allen
544 566 207 78 Aufſehen
763 566 256 78 erregenden
1053 571 216 60 Proceſſen
1291 570 263 69 dortzulande
1626 581 68 45 die
1717 582 85 45 dem
1807 566 135 78 alten
1958 566 337 78 degenerierien
2304 580 179 58 Eutopa
2516 579 92 46 bald
2622 579 93 48 den
2723 566 251 78 Todesſtoß
3003 581 156 57 ver⸗

77 633 102 56 thun
186 626 189 76 Preſſe,
385 632 233 46 Advocaten
648 632 84 45 und
754 631 378 46 Staaksanwalt
1086 626 39 76 —
1163 631 68 44 der
1261 631 96 58 nach
1372 630 182 57 dortigen
1625 640 112 58 ſetzen
1767 640 137 46 werde.
2157 642 127 42 —
2881 647 21 14 1
3087 644 68 42 3

15 692 319 57 Gebräuchen
366 691 107 45 eines
505 691 143 68 Tages
676 693 41 56 ja
750 692 95 67 auch
877 691 141 63 wieder
1031 690 327 68 prakticierender
1386 688 317 46 Anwalt?
1733 697 141 49 Wenn
1905 701 44 44 in
1998 693 145 53 Berlin
2176 699 61 45 ein
2289 698 107 48 Club
2428 699 69 45 der
2544 698 241 59 Harmloſen
2817 698 160 45 entdeckt
3024 699 148 46 war

74 750 79 56 ſein
182 750 98 69 wird
310 776 59 23 —
398 750 64 57 ihr
511 750 261 59 „Moͤgliches,
802 751 81 68 die.
905 751 220 57 Vorgänge
1154 756 68 38 im
1260 748 308 72 Gerichtsſaale
1602 789 2 2 ſ
1627 758 96 46 oder
1745 759 49 45 in
1824 760 192 45 London
2047 759 62 45 ein
2140 758 101 46 Carl
2271 758 73 57 ſich
2368 767 247 49 gezwungen
2646 757 110 57 ſieht,
2809 757 100 57 ſeine
2951 756 222 48 Bilder.

78 809 247 57 ſenſationell
353 823 49 44 zu
436 809 210 59 geſtalten
664 809 82 46 und
780 808 170 58 Capital
978 809 84 46 und
1077 808 207 46 Reclame
1314 808 69 56 für
1403 821 152 43 eigene
1628 815 160 61 gallerie
1828 832 50 44 zu
1907 818 221 55 verkaufen,
2180 817 112 46 dann
2322 817 158 59 ſchrelbt
2511 817 41 45 in
2582 804 182 76 Amerika
2779 804 152 76 jedes
2952 816 212 57 Hinter-⸗

49 868 177 70 Zwecke
255 868 158 69 daraus
440 882 59 44 zu
522 868 191 63 ſchlagen;
775 869 63 68 Es
869 869 139 56 bedarf
1037 868 145 57 großer
1220 866 340 69 Anſtrengungen
1565 862 41 80 ]
1627 876 302 59 waldblätuͤchen
1961 877 97 46 über
2087 877 244 58 Entartung
2357 878 70 44 der
2457 877 274 58 europäiſchen
2763 874 263 60 Geſellſchaͤft.

76 927 102 57 dazu
192 935 69 60 im
304 927 284 69 vorliegeuden
619 927 116 65 Falle
762 929 128 56 nicht.
934 928 112 69 Dem
1076 925 313 71 Angeklagten,
1411 926 69 45 der
1510 939 42 32 in
1626 937 180 45 Es
1838 937 106 56 kehre
1981 937 105 58 jeder
2116 946 74 35 vor
2214 936 131 57 ſeiner
2374 936 157 57 Thüre.
2589 936 80 45 Die
2701 935 290 54 Clubmänner,
3030 934 106 58 die

76 981 236 78 tadelloſem.
319 981 437 78 Geſellſchaftsanzuge
789 996 76 59 vor
893 986 130 57 ſeinen
1040 986 187 68 Richtern
1235 981 222 78 erſcheint
1476 985 75 44 und
1630 995 67 46 ſals
1725 994 188 59 Zeugen
1938 996 44 45 in
2014 995 137 57 dieſem
2182 995 182 58 jüngſten
2396 992 427 60 Senſationsproceſſe
2872 994 317 59 erſchienen,

24 1047 182 67 hinter
233 1046 126 58 deſſen
389 1048 192 56 vornehm
611 1047 335 57 weltmänniſcher
961 1045 273 70 Gelaſſenheit
1260 1044 187 69 niemand
1479 1042 74 47 den
1565 1038 42 81 ſ
1628 1055 83 45 und
1743 1056 59 44 Die
1832 1056 74 44 nit
1937 1055 238 57 keineswegs
2205 1054 304 59 puritaniſchen,
2562 1053 169 58 ſondern
2763 1053 110 57 mehr
2919 1051 193 58 „(laſſiſch
3140 1062 35 45 .

78 1104 249 58 Giftmörder
355 1107 233 63 vermuthen
620 1106 147 55 würde,
822 1115 117 37 wenn
970 1105 61 45 die
1060 1104 174 56 Beweiſe
1264 1105 103 68 nicht
1398 1116 73 57 gar
1501 1116 51 44 zu
1562 1100 40 77 ]
1601 1100 290 77 äſthetiſchen
1909 1113 264 58 Neigungen“
2207 1114 43 46 in
2281 1114 265 56 Verbindung
2578 1113 180 58 gebracht
2772 1112 176 55 wurden,
2982 1111 181 58 häben

78 1163 221 47 erdrückend
322 1167 157 66 wären,
531 1164 97 57 ſteht
656 1172 77 38 vor
761 1165 75 45 der
858 1164 290 69 Anklagebank,
1190 1163 203 69 ſcheinbar
1422 1161 154 57 felſen-
1629 1174 94 57 auch
1777 1174 99 57 ihre
1910 1170 316 61 Schatteüſeiten
2278 1172 83 46 und
2393 1172 196 57 beweifen?
2642 1171 78 58 daß'
2753 1171 83 57 hier
2867 1171 67 46 der
2955 1171 211 57 Degen⸗

49 1221 94 57 feſt.
171 1231 82 38 von
282 1223 122 57 ſeiner
428 1223 203 60 Unſchuld
654 1224 223 58 überzengt,
910 1224 79 57 ſein
1007 1223 288 57 weißhaariger
1323 1222 130 46 Vater
1482 1235 73 43 zur
1572 1217 27 79 ſ
1629 1233 155 44 eration
1814 1232 224 58 manchnial
2066 1234 110 56 mehr
2204 1246 50 44 zu
2303 1231 138 60 finden
2472 1232 47 59 iſt
2549 1231 66 46 als
2647 1232 54 45 im
2733 1230 110 46 alten
2890 1231 83 46 und
3004 1230 129 58 nicht

77 1281 129 55 Seite,
249 1282 92 48 der
356 1282 68 47 als
455 1283 196 48 General
687 1284 55 44 im
770 1282 398 59 Buͤrgeckriege
1080 1275 113 79 ſein
1199 1282 128 45 Leben,
1378 1281 68 55 für
1477 1279 77 46 das
1574 1275 27 79 ſ
1626 1291 289 59 puritaniſchen
1947 1292 183 57 Europa..
2676 1289 27 50 —
3031 1286 135 56 —

77 1340 275 59 Fortbeſtehen
408 1343 90 45 der
537 1342 213 58 Republik,
785 1343 178 57 einſetzte,
1024 1341 61 45 die
1114 1340 322 58 vorausſichtich
1476 1338 152 46 das!
1743 1399 3 3 —
1981 1382 107 16 —
2927 1355 67 46 —

31 1427 169 4 ſeines
219 1389 184 77 Söhnes
419 1402 89 58 auf
537 1402 86 55 dem
630 1389 305 77 „elektriſchen
951 1399 199 59 Stuhle“
1165 1399 184 57 nehmen
1522 1408 49 26 wird.
1679 1401 55 23 —
1912 1387 369 70 Kirchliche
2321 1387 335 68 Nachrichten.
2959 1401 126 33 ———

140 1472 139 45 Der
308 1472 329 56 Staatsanwalt,
672 1473 74 59 ein
777 1473 103 46 alter
910 1472 165 58 Freund
1106 1471 84 46 und
1222 1469 328 59 Kriegskamerad
1720 1473 22 35 —
2161 1470 419 47 VBVPfarrkirche.
3003 1483 83 24 ——

78 1529 69 46 des
179 1530 218 55 Generals,
429 1532 224 58 verſicherte
684 1533 66 44 am
765 1525 162 71 erſten
934 1531 289 58 Sitzungstage
1253 1529 73 46 mit
1357 1529 197 57 Thränen
1725 1527 378 50 Charfreitag.
2127 1528 76 40 Um
2233 1529 121 45 Uuhr
2378 1528 157 48 Heginn
2570 1528 61 39 der
2649 1527 245 48 Funktionen
2929 1526 69 41 mit
3035 1527 75 39 Ab⸗

79 1588 52 46 im
161 1589 126 59 Auge,
339 1591 73 57 wie
441 1591 139 58 ſchwer
610 1597 43 40 es
668 1592 99 56 ihm
795 1590 174 57 diesmal
997 1592 147 53 werde,
1179 1589 125 57 ſeines
1333 1588 141 59 Amtes
1505 1600 51 45 zu

80 1648 175 56 walten,
281 1664 91 31 um
390 1650 111 46 dann
541 1651 83 46 mit
645 1650 312 59 rückſichtsloſer
1009 1650 82 45 und
1123 1647 276 59 überflüſſiger
1418 1647 138 46 Deut⸗

82 1705 141 60 lichkeit
234 1708 318 60 auszuführen,
587 1709 93 57 daſs
701 1709 78 61 der
807 1708 242 59 Angeklagte
1080 1709 61 45 ein
1171 1709 105 57 nicht
1306 1721 100 43 ganz
1421 1705 139 57 unbe⸗

81 1764 211 60 ſcholtenes
342 1770 148 57 junges
513 1770 219 58 Mädchen
765 1769 213 59 geheiratet
1008 1768 113 57 habe.
1163 1767 79 45 Ein
1275 1765 145 60 großes
1435 1765 118 58 Heer

1635 1585 149 50 ſingung
1810 1587 60 39 der
1893 1588 49 47 hl.
1969 1588 162 46 Paſſion.
2157 1589 219 47 Enthüllung
2402 1588 62 40 des
2489 1587 152 48 Kreuzes
2664 1588 72 39 und
2751 1587 208 40 Adoration.
2985 1588 172 52 Gegen

1630 1646 24 35 8
1679 1645 75 49 Uhr
1788 1646 160 47 Predigt,
1988 1647 131 46 darauf
2143 1647 245 49 Grablegung
2432 1647 69 40 und
2540 1647 187 46 Abbetung
2753 1647 59 39 der
2836 1646 138 47 Veſper.
3012 1646 102 39 Ende

1630 1700 112 61 iirlo
1762 1706 80 47 Uhr.
1894 1706 67 38 Um
1995 1705 67 48 124
2077 1700 86 61 Uhr
2198 1707 259 39 Trauermette.
2493 1706 190 51 (Gebetet.)
2733 1706 69 39 Um
2840 1707 24 36 4
2889 1706 71 46 Uhr
2995 1704 151 48 feierl-

1614 1765 219 49 Prozeſſion
1862 1759 98 53 durch
1987 1765 54 39 die
2068 1765 114 40 Stadt
2206 1776 79 48 zum
2311 1766 184 40 Andenken
2521 1760 60 46 des
2594 1757 132 71 Todes
2753 1756 96 56 Zefu.
2873 1764 144 40 Abends
3035 1771 72 33 von

1627 1826 95 48 78
1748 1825 71 47 Uhr
1842 1825 222 40 Oratorium.
2546 1846 15 20 ——

1725 1884 205 46 Charſam
1936 1894 141 36 stag.
2110 1883 154 48 Veginn
2291 1885 60 39 der
2362 1884 219 47 Funktionen
2605 1894 61 29 um
2691 1886 21 35 7
2739 1882 72 48 Uhr
2830 1883 63 54 mit
2911 1883 61 40 der
2988 1882 125 48 Weihe

1628 1942 64 41 des
1716 1943 114 46 Feuer
1858 1943 68 38 und
1953 1942 343 48 Taufwaſſerweihe.
2355 1943 67 39 Um
2447 1944 83 45 halb
2556 1946 21 35 9
2603 1942 81 49 Uhr
2700 1942 190 49 feierliches
2916 1942 196 47 Oſteramt,

1629 2001 133 48 darauf
1786 2002 142 46 Veſper.
1963 2001 145 40 Abends
2133 2003 23 37 5
2181 2001 73 47 Uhr
2279 2001 177 49 Matutin,
2481 2012 60 30 um
2564 2003 88 46 halb
2678 2004 22 35 6
2725 2002 73 48 Uhr
2820 2001 293 48 Auferſtehungs-

1630 2061 107 47 feier.
1753 2061 101 40 Ende
1881 2063 21 35 6
1927 2061 85 46 Uhr.
2456 2078 102 11 —
3028 2057 113 53 —

1725 2120 386 49 Oſterſonntag.
2158 2120 70 40 Um
2252 2121 24 37 8
2273 2110 80 67 Uhr
2357 2114 243 54 Feſtpredigt
2625 2120 72 39 und
2723 2120 191 48 feierliches
2926 2114 205 59 Hochamt.

1603 2180 95 39 Um
1702 2173 30 59 ?2
1770 2180 70 46 Uhr
1865 2179 217 47 Roſenkranz
2107 2178 71 40 und
2202 2179 167 46 feierliche
2393 2179 141 48 Veſper.
2558 2179 188 41 Abends
2715 2173 40 59 5
2771 2179 75 49 Uhr
2869 2179 260 48 Roſenkranz⸗

1630 2239 201 48 prozeſſion,
1856 2239 221 46 Roſenkranz
2100 2238 73 39 und
2187 2238 416 49 Bruderſchaftsgebete.

1726 2298 374 48 Oſtermontag.
2149 2298 68 39 Umes
2289 2298 72 46 Uhr
2381 2297 162 49 Predigt,
2566 2309 61 29 um
2651 2300 23 36 9
2695 2299 72 47 Uhr
2783 2298 192 47 feierliches
3001 2299 111 47 Hoch-

1631 2359 85 38 amt.
1767 2358 65 38 Um
1857 2361 23 35 2
1905 2358 74 42 Uhr
2003 2357 208 48 nachmittag
2234 2357 224 49 Roſenkranz
2482 2358 70 40 und
2578 2357 172 49 feierliche
2775 2359 141 47 Veſver.
2965 2352 177 48 Abends

1631 2419 22 37 5
1680 2417 72 48 Uhr
1777 2412 213 52 Roſenkranz
2019 2416 72 46 und
2116 2416 182 48 Litaney.
2724 2416 69 54 u
2943 2422 216 33 ———

2084 2471 985 59 Frauziskauerkircghe.

1727 2536 388 47 Charfreitag.
2137 2536 66 40 Um
2228 2537 21 35 9
2263 2536 72 47 Uhr
2358 2537 143 46 Beginn
2529 2538 59 38 der
2606 2537 554 55 Charfreitags⸗Ceremonien..

1631 2596 149 39 Abends
1804 2599 23 36 7
1852 2596 72 46 Uhr
1948 2595 257 42 Trauermette.
2556 2601 28 3 1
2723 2608 97 13 —
2945 2597 137 49 —

1726 2655 383 46 Charſamstag.
2160 2655 65 38 Um
2249 2655 24 55 8
2301 2655 71 46 Uhr
2397 2654 222 48 Feuerweihe
2645 2655 71 57 und
2742 2656 182 46 Oſteramt
2948 2656 167 46 Abends
3136 2661 30 42 —

1630 2715 33 43 4
1679 2713 74 45 Uhr
1778 2713 375 54 Auferſtehungsfeier.
2744 2758 11 5 .
2794 2717 26 48 .
2889 2746 2 3 .
2972 2712 23 42 .
3080 2718 56 18 uu

1725 2768 384 49 Oſterſonntag.
2158 2772 67 38 Um
2249 2770 70 48 vι
2344 2772 73 46 Uhr
2442 2771 369 49 Geueralabſolution.

1634 2838 50 46 —
1803 2837 34 22 —
1859 2826 43 64 —
2178 2830 509 50 Kapuzinerkirche.
2812 2830 79 50 —

1726 2888 374 48 Charfreitag.
2132 2889 69 39 Um
2226 2890 20 36 7
2272 2889 75 48 Uhr
2369 2888 59 40 die
2454 2890 48 46 hl.
2519 2889 228 47 Functionen
2772 2892 71 40 und
2865 2892 295 50 Grablegung.

1632 2949 145 40 Abends
1803 2950 20 36 6
1851 2949 74 48 Uhr
1948 2949 277 47 Trauermette.
2599 2962 59 42 —
2669 2944 33 64 —
2935 2962 96 41 ————

1725 3008 101 54 Cha
1857 3009 255 47 ſamstag.
2160 3008 71 40 Um
2252 3009 24 37 1
2302 3008 72 49 Uhr
2398 3007 170 54 Feuerwe
2583 3010 42 48 he
2649 3011 72 40 und
2747 3011 200 48 Oſteramt.
2964 3013 147 41 Abends

1633 3071 66 46 ſ.6
1726 3068 72 47 Uhr
1821 3068 429 49 Auferſtehungsfeiec.
2535 3073 17 39 —
2630 3069 247 52 ——
3003 3103 100 7 —

1724 3128 388 52 Oſterſonntag.
2160 3131 67 39 Um
2253 3124 37 61 55ι
2300 3132 119 47 Uhr
2452 3133 283 48 Generalabſolu
2754 3133 118 46 ion..
3046 3137 32 15 ——
3128 3178 3 3 —

1727 3188 68 38 Am
1819 3188 47 48 2.,
1891 3189 33 39 3.
1940 3189 83 39 und
2063 3190 35 36 4.
2124 3190 105 47 April
2252 3191 68 41 das
2363 3192 207 48 40ſtündige
2595 3192 124 40 Gebet.
2771 3194 69 38 Um
2863 3193 83 47 halb
2993 3195 23 38 5
3042 3194 135 47 Uhr—

1632 3247 80 49 früh
1738 3247 212 48 Ansſetzung
1977 3248 63 41 des
2064 3248 278 50 Allerheiligſten
2368 3252 80 40 und
2466 3252 227 48 Roſenkranz.
2721 3251 147 41 Abends
2885 3254 131 48 halb.5
3042 3252 114 49 Uhr

1633 3306 160 47 Predigt.
1818 3307 219 48 Noſentranz
2063 3309 69 39 und
2159 3309 241 48 Segen.
2851 3319 84 29 —

1634 3370 183 57 Effecten
1819 3366 36 71 ˖
1847 3372 85 45 und
1962 3372 305 57 Wechſel⸗Curſe
2302 3385 56 35 au
2391 3377 66 45 der
2485 3374 240 56 fenlichen
2753 3375 200 57 Boͤrſe
2913 3366 61 71 n
2979 3375 134 58 Wien

1831 3442 145 25 —28:
2170 3430 74 43 29.
2289 3430 138 58 März
2452 3432 180 45 1899.
2884 3430 36 34 —
3033 3456 2 2 —

1621 3486 115 46 Einh.
1752 3484 199 49 Staatsjch.
1971 3486 36 40 in
2022 3485 123 42 Noten
2166 3489 165 39 101-

1633 3533 105 47 Einh.
1744 3529 203 55 Staatsſch.
1955 3534 43 38 in
2012 3534 131 40 Silber
2159 3536 81 39 100.
2247 3536 42 36 80

1631 3581 288 46 Oeſterreichiſche
1938 3580 193 41 Goldrente
2158 3584 128 37 1.0.80

1631 3628 148 47 Oeſterr.
1796 3629 241 40 Kronenrente
2058 3630 86 48 Prz.
2164 3631 78 39 100.
2245 3632 44 35 85

83 1831 81 39 von
212 1826 162 59 Zeugen
399 1827 270 60 ſchließlich,
693 1828 163 58 deſſen
885 1827 217 59 weiblicher
1152 1825 121 59 Theil
1319 1835 235 49 gezwungen

33 1884 194 56 wurde,
261 1886 163 58 galante
474 1887 84 58 und
573 1887 202 60 pikante
793 1887 283 58 Beziehungen
1124 1884 300 59 einzugeſtehen,
1458 1883 96 46 und

43 1941 167 66 deſſen,
259 1946 235 57 männliche
526 1946 146 58 Hälfte
695 1946 72 59 ſich
800 1950 80 42 aus
910 1947 70 57 der
1030 1946 199 57 Sports⸗
1252 1944 83 46 und
1365 1942 191 46 Lebewelt

27 2003 295 57 recrutierte,
347 2008 193 57 machte,
563 2006 73 45 wie
665 2005 41 58 ſo
737 2006 60 55 oft
826 2004 275 59 dortzulande,
1146 2010 81 40 aus
1256 2004 77 45 der
1356 2001 201 63 Gerichts⸗

82 2062 277 59 verhandlung
391 2066 62 54 ein
473 2064 393 60 melodramatiſches
895 2064 203 57 Zugſtück.
1139 2064 82 44 Die
1250 2063 221 57 Vorgänge
1502 2060 54 46 im

56 2113 330 74 Gerichtsſaale
398 2113 147 74 werfen
571 2123 116 46 aber
701 2121 94 62 auch
825 2124 166 57 wirklich
1027 2122 255 56 intereſſante
1310 2120 247 58 Steiflichter

80 2178 71 56 auf
179 2180 75 46 das
305 2182 125 46 Leben
460 2182 91 53 und
595 2183 173 58 Treiben
795 2182 219 59 gewiſſer
1048 2181 313 58 amerikaniſcher
1395 2178 184 58 Geſell⸗

82 2236 687 61 ſchaftskreie.
917 2242 81 46 um

142 2298 196 61 Dieſer
360 2300 180 47 Roland
571 2301 220 58 Burnham
821 2300 231 56 Molineux,
1072 2292 96 71 der
1185 2298 280 59 Angeklagte,
1498 2296 59 57 iſt,

35 2368 133 3 ganz
189 2357 237 60 abgeſehen
451 2369 105 37 von
586 2360 153 56 ſeinem
758 2361 80 56 ihm
869 2373 80 44 zur
970 2359 90 58 Laſt
1091 2358 177 59 gelegten
1299 2358 257 57 Verbrechen,

88 2411 81 45 der
183 2414 262 62 ſerupelloſe
454 2419 335 59 angelſächſiſche
803 2419 309 57 Sportsmanuäͤ
1165 2432 82 42 par
1298 2418 259 44 excellenco.

52 2469 88 66 Er
169 2473 69 57 hat,
253 2465 155 77 allen
421 2477 351 60 Vergnügungen
798 2479 48 45 in
877 2477 294 60 reichlichſtem
1192 2477 133 56 Maße
1366 2475 194 59 gefröhnt

59 2530 109 69 und
191 2532 71 61 ſich
284 2535 100 61 doch
407 2537 170 46 Nerhen
608 2546 91 50 von
720 2536 134 59 Stahl
884 2538 189 57 bewahrt.
1121 2536 80 46 Die
1221 2534 357 59 Kaltblütigkeit,

79 2594 71 40 mit
179 2591 68 47 der
269 2609 70 31 er
367 2595 61 44 die
457 2596 239 57 Geſchichte
727 2596 129 57 ſeiner
897 2597 244 55 Verbrechen
1171 2595 84 46 und
1304 2595 124 57 ſeines
1458 2593 104 58 nicht

80 2651 138 58 gerade
234 2652 328 54 einwandfreien
583 2653 349 46 Lebenswandels
949 2663 81 36 von
1061 2655 74 44 den
1152 2653 203 56 Richtern
1371 2652 185 58 ſchildern

79 2707 103 57 hört,
208 2710 53 61 iſt
290 2710 493 60 bewundernswert
687 2703 96 72 und
811 2711 115 45 dabei
954 2714 106 55 nicht
1090 2712 239 55 erkünſtelt;
1380 2712 104 43 denn
1516 2710 42 44 in

79 2763 98 57 ſeine
205 2768 112 58 Zelle
344 2769 304 59 zurückgeführt,
668 2768 164 58 legt
786 2759 68 73 er
873 2769 72 59 ſich
976 2770 121 57 ruhig
1126 2768 219 60 ſchlafen.

193 2837 130 50 Seine
350 2842 129 57 Frau,
499 2838 128 61 auch
660 2845 91 41 aus
771 2845 118 54 guter
919 2839 186 59 Familie,
1161 2839 108 55 aber,
1306 2839 65 46 im
1402 2838 159 59 Gegen⸗

82 2893 88 60 jatze
199 2911 49 43 zu
275 2900 94 58 ihm-
413 2900 216 56 mittellos,
688 2900 47 57 iſt
763 2900 142 47 wieder
935 2902 68 43 der
1062 2900 152 58 Typus
1246 2900 123 57 jenes
1407 2899 151 58 jungen

82 2952 236 62 Mädchens,
348 2962 78 44 das
457 2960 59 46 in
531 2960 123 58 ſeiner
681 2960 79 46 Art
799 2959 111 58 wohl
938 2973 82 33 nur
1048 2958 184 47 Amerika
1265 2959 43 45 in
1352 2958 208 59 ſtaltlicher

78 3010 158 68 Anzahl
265 3019 259 61 aufzuweiſen
553 3021 103 56 hat.
675 3019 136 56 Arm,
841 3020 121 57 fieht
991 3019 62 58 ſie
1074 3018 73 60 ſich
1193 3019 100 58 nach
1326 3018 85 46 dem
1444 3019 117 46 Töde

82 3072 104 56 ihrer
224 3075 160 63 Eltern
406 3079 74 57 auf
495 3079 96 59 ſich
608 3068 167 74 ſelbſt
773 3079 255 59 angewieſen,
1078 3093 70 33 um
1177 3078 77 46 den
1306 3077 150 59 Kampf
1490 3078 72 46 mit

20 3127 143 69 dem
194 3133 141 57 Leben
359 3139 318 57 aufzuͤmehinen.
723 3138 80 47 Sie
832 3142 74 56 hat
932 3140 152 56 nichts
1110 3138 67 47 als
1207 3139 96 58 ihre
1320 3137 153 58 Reize,
1500 3137 61 46 die

63 3200 119 60 einer
213 3195 148 57 großen
375 3191 249 73 ſchlanken
630 3191 208 73 Brünette
868 3198 73 46 mit
971 3197 165 60 claſſiſch
1168 3197 164 59 ſchönen
1364 3197 198 59 Geſichts—

83 3251 137 66 zügech
252 3255 100 61 Eine
385 3256 279 59 „Freundin“
664 3247 145 74 macht
825 3257 88 56 ſie
942 3257 72 46 mit
1044 3258 155 58 Herren
1232 3257 179 55 bekannt,
1443 3258 116 44 deren

83 3305 140 68 Mittel
253 3320 43 39 es
313 3315 205 57 erlauben,
547 3316 60 46 die
625 3316 218 59 eleganten
853 3301 206 79 Toiletten
1090 3319 86 44 und
1189 3315 66 58 die
1285 3301 184 79 Rechnun
1484 3329 70 45 gen

82 3378 41 32 in
151 3367 89 50 den
274 3373 126 59 beſten
429 3376 163 58 Hotels,
646 3376 50 54 in
714 3377 147 56 denen
874 3376 73 45 die
966 3375 163 61 Schöne
1159 3376 152 58 wohnt,
1355 3376 199 58 bezahlen

80 3436 48 44 zu
156 3427 775 68 könneenn...

167 3500 141 69 Nun,
310 3496 93 77 das
405 3506 218 59 paſſiert
657 3507 110 58 auch
798 3507 54 46 im
886 3507 122 46 alten
1030 3507 185 58 Europa.
1246 3507 98 46 Das
1374 3505 185 60 ſpecifiſch

77 3552 299 72 Ameritanijche
402 3565 49 62 iſt
481 3570 107 53 auer,
640 3567 93 57 dafs
763 3567 53 56 ſie
845 3566 73 59 ſich
950 3567 61 45 bei
1041 3567 164 45 alledem
1244 3567 74 46 wie
1347 3576 77 36 vor
1473 3567 88 55 dem

54 3607 196 82 Ableben
265 3623 133 59 ihler
421 3625 148 47 Eltern
597 3625 43 46 in
655 3624 136 48 einer
810 3625 254 60 Gefellſchaft
1093 3627 161 56 dewegt,
1287 3625 62 46 die
1378 3626 84 57 hier
1492 3624 68 48 als

79 3670 59 70 die
172 3686 142 51 „gute!
369 3683 213 62 betrachtet
611 3685 128 56 wird,
779 3686 83 45 und
894 3685 95 57 daſ?
1020 3685 53 56 ſie
1104 3684 209 60 ſchlicßlich
1355 3684 62 45 die
1445 3684 143 59 Frau]
1632 3677 134 45 uudar.
1777 3675 192 86 8
2008 3678 122 47 —
2162 3679 127 81 5*

81 3741 108 40 eines
217 3739 187 50 Mannes
428 3752 88 39 von
539 3743 348 61 gefellſchaftlicher
917 3744 200 59 Steliung
1132 3744 114 55 wird,
1278 3742 176 62 obwohl
1465 3757 94 31 man
1630 3722 368 100 Ocſ.uiee

78 3789 116 124 d
214 3800 112 105 —
549 3818 28 31 —
683 3805 211 58 J
1101 3817 68 102 i
1199 3797 119 69 nicht
1339 3802 219 117 e
1632 3801 233 57 Fteiitatien
2153 3821 81 36 363

120 3866 117 35 elcher
324 3865 40 41 Art
422 3868 88 40 das
548 3864 220 54 Luxusleben
796 3870 101 48 war,
933 3869 92 39 das
1073 3862 37 46 ſie
1157 3864 156 56 führte.
1380 3875 27 32 Auf
1455 3862 106 45 einer
2434 3887 97 17 —
2708 3895 92 33 —

79 3912 265 107 —
377 3920 257 59 Nachtvartie
666 3922 73 45 die
757 3916 108 71 ſie
850 3947 62 18 —
936 3924 177 104 —
1117 3919 202 59 —
1402 3929 84 24 —
1517 3920 67 46 in
1847 3974 5 7 ———
1967 3880 265 104 Anton
2268 3881 459 122 Deininger,

123 3984 199 53 egleitung
351 3979 105 58 ihrer
487 3982 102 58 jung
619 3980 286 59 verheirateten
984 3980 178 60 Schweſter
1187 3980 75 45 mit
1305 3994 82 32 nur
1416 3988 145 38 unver⸗
1733 3998 10 11 ich
2352 4003 109 6 tn

79 4026 218 74 heirateten
326 4037 137 58 Herrn
479 4040 274 55 uͤntoͤrnimnat,
786 4040 107 47 lernt
922 4039 54 57 ſie
1006 4041 75 45 den
1096 4039 271 59 Angeklagten
1399 4041 159 54 kennen,
1632 3996 274 120 F
1908 4001 242 109 2
2587 3999 519 110 duͤhueraugenepfpagtez

33 4084 119 59 der
159 4086 98 79 ſich
304 4095 125 58 ſofort
459 4099 42 45 in
551 4099 54 57 ſie
634 4099 176 47 verliebt.
872 4098 81 47 Sie
983 4100 149 54 weist,
1164 4099 74 45 wie
1267 4099 55 56 ſie
1353 4099 73 57 auf
1460 4099 101 44 dem
1811 4128 60 39 57
1931 4141 50 28 47
2052 4095 56 75 i
2123 4135 149 34 —

75 4143 299 69 Zeugenſtaude
400 4159 236 58 ausſagt,
654 4158 99 58 feine
772 4159 214 58 Antraͤge
1003 4157 157 57 Miruͤck.
1188 4157 108 47 weil
1344 4158 63 57 ihr'
1456 4157 223 59 Herzz

39 4215 161 60 einem
231 4213 249 58 „Freunde,“
529 4217 68 46 der
627 4219 95 57 auch
763 4226 86 46 von
895 4218 72 45 der
992 4217 145 59 Partie
1166 4216 56 57 iſt,
1256 4218 150 62 gehört.
1710 4181 542 131 Schloßgut

174 4279 158 62 Kurze
361 4285 93 59 Zeit
476 4288 176 57 darauf
680 4288 111 56 ſtirbt
840 4287 120 59 dieſer
990 4302 54 32 an
1096 4288 93 58 Gift
1220 4289 83 45 und
1334 4313 80 7 —
1443 4289 141 56 zehn
1631 4317 51 40 im
1706 4314 123 46 Breiſe
1860 4324 90 32 lu
1969 4330 52 28 ca.
2123 4322 71 36 Too
2206 4320 70 38 odo
2298 4308 72 50 in

86 4327 118 83 Tage
233 4340 130 66 ſpaͤter
411 4346 167 57 heiratet
607 4348 54 56 ſie
689 4347 201 57 den⸗einſt
917 4347 370 58 zurückgewieſenen
1331 4347 229 55 Molineux,
1631 4363 290 42 Zuͤnntween
2036 4348 123 65 taufen
2265 4347 61 69 chi

45 4400 104 65 pie
165 4395 53 56 ſie
233 4400 223 68 behauptet,
476 4406 104 58 ohne
594 4420 50 44 zu
662 4409 144 56 ahnen,
828 4406 136 58 daß
925 4396 39 76 æ
979 4409 69 43 der
1073 4406 174 46 Mörder
1267 4406 107 58 ihres
1402 4405 167 49 Gelieb⸗]
1631 4413 136 45 Zfferſe
1792 4416 101 52 unſe
1917 4413 147 49 Augabe
2107 4417 65 36 des
2195 4415 102 46 Sieif

79 4447 62 58 ſei.
171 4455 217 68 Molinen
400 4464 133 46 abel
564 4465 59 57 iſt
638 4443 132 85 duch
787 4467 73 46 den
909 4443 144 85 Erfolg
1080 4443 106 85 tuhn
1218 4466 263 57 geworden.
1502 4464 73 47 Er.
1708 4456 261 58 Veſchreibung
1996 4463 64 39 des
2083 4462 168 47 Qbjeties
2267 4461 70 53 und

105 4514 42 63 at
177 4527 129 58 Linen
335 4520 278 66 Widerſacher,
674 4524 69 45 der
773 4525 97 57 ihn
892 4535 135 48 wegen
1061 4524 136 52 eines
1225 4523 185 47 Streites
1463 4523 98 46 über
1631 4506 184 86 ——
2006 4509 69 94 n
2080 4510 72 86 J
2176 4519 82 83 ale

37 4566 99 47 die
164 4571 184 76 Leitung
361 4567 246 86 ſporklicher
618 4567 314 86 Berſtaltungen
965 4589 96 41 aus
1079 4584 88 45 dem
1201 4581 108 48 Club
1342 4583 242 58 verdraͤngt]
1632 4600 174 49 Fre
1903 4566 93 83 —
2073 4582 156 82 iiialen
2237 4604 97 39 e

76 4624 84 58 hat.
188 4631 120 62 Auch
328 4639 81 65 hmn
440 4640 204 64 ſchit
585 4620 67 88 er
675 4620 120 88 Gift,
805 4641 95 48 das
920 4642 81 59 der
1049 4642 144 57 Zufall
1224 4642 96 47 aber
1350 4643 50 46 in
1423 4642 138 59 falſch.

2407 3490 147 38 London
2578 3491 148 36 vista
2875 3519 138 10 127.
3016 3493 57 36 50

2392 3533 180 60 Deutſche
2587 3533 361 60 Reichsbanknoten

2454 3584 59 47 für
2539 3586 67 37 100
2624 3585 76 40 Mt.
2724 3586 62 39 der
2809 3586 122 41 R.⸗W.
2936 3580 77 59 59.
3025 3580 84 59 0212

2408 3632 424 40 20Mark⸗Stücke.
2920 3635 177 41 11.80

2385 3680 69 38 23
2456 3680 261 45 Fres-Stuccc
2932 3681 181 49 55513.

2408 3726 224 47 Jtalieniſche
2648 3728 259 41 Banknoten.
2957 3729 107 37 44.865

2410 3774 476 42 Rand⸗Ducaten...
2982 3776 83 39 5.67

3136 4092 16 20 ——

2682 4131 128 52 Ene

2418 4182 740 204 Wohnung.

2412 4403 228 61 beſtehend
2660 4406 103 45 aus
2804 4404 29 45 5
2872 4403 346 62 Zimmern,

2409 4461 209 49 Kammer
2632 4464 88 46 und
2751 4463 141 60 Küche
2923 4465 59 45 im
3006 4463 191 54 Cen.

2387 4527 141 42 trum
2552 4522 83 56 der
2632 4516 158 73 Stadt
2808 4523 224 59 gelegen,
3068 4522 144 60 iſtt

2408 4595 81 44 per
2498 4589 10 43 1.
2520 4582 222 60 Auguſt
2773 4580 61 61 zu
2844 4581 355 63 bermieihen.

2409 4641 117 61 Näh.
2571 4644 45 46 in
2655 4645 78 45 der
2770 4641 154 56 Verw.
2965 4640 41 57 d.
3021 4639 175 65 Bl.

1631 4648 370 52 mittlungs⸗Bureau,
2029 4651 144 51 Meran.
2200 4653 145 53 17181.
