3428 4859
33 2946 113 50 —da

111 191 61 7 Snnnnn

113 292 143 58 ſeien⸗,
274 292 75 58 ſo
357 288 96 71 hat
449 308 106 34 man
566 294 134 60 umſo
700 288 143 71 mehr
850 288 203 71 Urſache,
1065 295 82 54 die
1164 295 96 59 jetzt
1271 293 322 61 eingetroffene

112 354 204 61 Nachricht
339 354 88 47 mit
451 355 334 61 Genugthuung
807 358 55 57 zu
885 356 233 60 begruͤßen,
1133 356 101 53 als
1250 371 107 34 man
1382 356 50 59 ja
1456 357 137 63 weiß,

98 411 102 72 was
206 420 72 44 es
284 425 75 50 zu
364 415 223 58 bedeuten
611 416 123 60 habe,
753 426 136 45 wenn
917 417 84 60 das
992 411 248 72 offizielle
1262 411 205 72 Rußland
1479 411 112 72 ver⸗

97 478 157 57 ſichert,
278 476 127 59 daß
434 491 60 34 an
510 478 99 58 der
622 478 337 61 Durchführung
976 479 132 51 einer
1133 479 186 58 Reform
1336 479 90 50 mit
1440 480 163 62 allem

114 538 112 59 Eifer
251 537 229 60 gearbeitet
504 538 167 51 wird.
682 537 124 52 Man
829 539 117 58 hatte
957 539 59 60 ſo
1039 540 261 61 ziemlich
1244 533 72 72 in
1322 554 120 46 ganz
1453 533 132 72 Weſt⸗

114 603 149 53 europa
275 596 174 50 bexreits
468 596 230 65 aufgehört

113 660 119 48 duma
252 658 161 60 jemals
427 660 388 59 zujammentreten
834 661 204 64 werde

316 754 206 112 AMas
539 759 283 107 Leben
834 756 23 107 in
872 750 625 121 Zapan.

153 877 157 70 Ein
318 876 239 67 reizendes
573 877 383 63 Stimnumgsbild
993 880 89 52 von
1090 878 113 50 der
1213 877 384 61 marchenhaften

112 936 169 64 Jdylle,
297 945 49 43 in
357 931 95 73 der
466 949 63 41 er
546 937 121 59 ſeine
704 931 134 73 Tage
848 942 100 56 und
965 940 161 59 Nächte
1151 940 66 51 in
1227 931 159 73 Japan
1401 940 194 51 verlebt

111 997 89 57 hat,
212 998 194 58 entwirft
428 1000 150 49 Andre
600 1000 228 61 Belleſſort
853 1000 48 51 in
926 1001 139 50 einem
1082 1002 215 59 längeren
1319 1001 165 53 Artikel
1510 1001 89 49 der

115 1059 159 71 „Kepue
288 1053 104 82 des
398 1053 144 82 Deux
557 1060 258 64 Mendes⸗:
855 1053 94 82 Jch
958 1053 165 82 wohne
1137 1062 65 50 in
1225 1062 264 63 Kyoto.“
1416 1053 62 82 ſo
1517 1077 62 42 er⸗

95 1119 121 67 zählt
227 1127 97 60 er,
343 1135 83 41 „in
441 1123 132 60 einer
594 1123 197 55 kleinen
801 1123 184 61 Straße
1000 1124 115 58 nahe
1144 1139 78 33 am
1253 1124 200 60 Fluſfe.
1476 1125 104 54 Das

109 1180 131 59 Haus,
259 1183 65 60 in
342 1182 97 59 dem
465 1183 58 59 ich
530 1176 288 75 abgeſtiegen
819 1184 102 55 bin,
949 1185 53 58 iſt
1023 1176 107 75 ſehr
1142 1176 177 75 einſam,
1350 1186 139 61 wenig
1511 1187 69 47 be⸗

110 1236 122 77 ſucht,
243 1258 107 44 ganz
377 1244 234 60 japaniſch/
637 1249 51 46 es
713 1236 147 77 gehört
876 1236 135 77 einer
1022 1236 120 77 alten
1161 1247 160 54 Dame,
1347 1262 58 44 an
1430 1247 69 47 die
1521 1248 83 58 ich

466 1306 126 60 ohlen
606 1306 183 49 worden
809 1306 80 57 bin
910 1307 94 48 und
1026 1308 67 50 bei
1106 1308 89 47 der
1214 1323 118 42 man
1345 1308 257 61 vorzüglich

113 1302 219 69 beſonders
343 1306 122 62 empf
817 1363 12 5 k

99 1365 260 59 earfgehoben
385 1366 64 58 iſt.
475 1367 132 57 Die
625 1367 177 60 Tochter
830 1369 89 60 und
936 1369 79 54 die
1040 1369 215 51 Dienerin
1282 1370 181 59 bringen
1490 1372 91 47 mir

109 1422 270 73 abwechſelnd
387 1422 147 69 meine
558 1428 270 58 Mahlzeiten
838 1430 73 55 in
928 1429 134 63 mein
1066 1418 187 81 Zimmer
1271 1431 100 64 und
1377 1431 225 63 flüſtern

95 1486 260 61 crerbietig,
371 1489 155 62 indem
547 1490 60 58 ſie
626 1482 93 77 ſich
727 1491 303 63 niederwerfen
1052 1493 90 49 und
1166 1491 85 49 mit
1273 1493 73 47 der
1364 1492 127 59 Naſe
1506 1493 101 62 die

100 1545 301 67 Strohmarten
430 1551 232 61 berühren:
697 1552 200 55 „Wollen
915 1554 96 54 Sie
1036 1554 105 55 von
1158 1553 161 58 Jhrem
1345 1550 149 62 Gefäß
1523 1556 80 57 zu

103 1607 148 59 Jhrem
271 1610 154 53 Mund
441 1608 153 63 Jhren
607 1603 132 75 edlen
749 1603 123 75 Reis
880 1603 226 75 gelangen
1115 1619 220 48 laſfen..
1372 1615 81 58 Jch
1474 1615 116 59 Höre

110 1669 172 57 memals
296 1672 169 53 andere
485 1670 249 63 Geräuſche,
760 1675 78 56 als
865 1674 92 60 das
970 1676 198 59 Kniſtern
1196 1676 90 48 des
1297 1669 163 66 Holzes
1484 1677 119 49 und

111 1725 79 71 des
193 1725 322 71 Rauſchen
422 1714 120 90 der
534 1735 258 51 Seodadex
854 1737 101 63 Nur
977 1738 239 61 manchmar
1235 1738 104 48 ſönt
1362 1743 98 46 is
1477 1737 119 61 en

70 1792 156 56 erſten
248 1795 127 57 Stock
398 1788 77 76 ein
483 1796 157 62 leiſes
648 1788 303 76 Geplätſcher,
965 1788 77 76 das
1066 1799 95 47 mir
1185 1798 195 60 anzeigt/
1401 1799 88 57 daß
1514 1800 78 58 je⸗

111 1855 123 62 mand
245 1854 83 55 ein
339 1852 102 56 Bad
452 1854 202 61 nimmt.
663 1859 111 59 Jch
770 1848 161 78 werde
934 1858 106 53 von
1055 1855 214 63 Schatten
1291 1858 168 61 bedient
1476 1861 122 47 und

110 1924 61 60 im
190 1917 82 58 mir
291 1918 173 59 ſchwebt
468 1913 79 75 ein
556 1913 169 75 ewiges
741 1920 218 59 Lächeln.
981 1919 115 64 Licht
1113 1921 92 63 ſind
1215 1921 151 52 meine
1380 1920 195 61 Träume

111 1972 100 70 leicht
237 1980 116 50 mein
368 1980 298 66 Schlummer
684 1983 196 52 Wenn
903 1982 60 59 ich
979 1983 199 62 erwache
1198 1983 91 47 und
1318 1982 68 53 die
1404 1983 170 48 Sonne

111 2028 114 83 durch
231 2039 87 65 die
332 2042 358 62 Fenſlerſcheiben
698 2045 115 62 von
830 2044 184 53 buntem
1028 2043 191 60 Papier
1238 2043 145 64 farbig
1397 2044 185 59 herein⸗

108 2097 112 69 ſickert
248 2102 105 53 und
367 2104 118 63 mein
512 2093 192 79 Zimmer
720 2106 95 51 mit
838 2104 318 60 durchſichtiger
1178 2104 200 64 Klarheil
1406 2105 185 59 erfüllt

110 2154 106 75 dann
231 2162 108 71 habe
351 2164 70 58 ich
434 2163 93 55 den
549 2165 221 56 Eindruck
776 2163 93 61 als
879 2166 71 56 ob
972 2166 58 58 ich
1043 2166 79 50 die
1141 2165 315 61 Morgenröthe
1480 2168 116 56 und

106 2214 71 74 des
195 2223 311 67 Gimmelslicht
519 2227 132 63 durch
672 2226 84 58 den
777 2227 325 60 ſchimmernden
1121 2226 153 63 Glanz
1298 2227 117 49 einer
1434 2228 162 62 Berle

108 2275 86 64 ſie
214 2286 110 50 ind
354 2287 44 66 die
406 2271 154 98 ganze
577 2271 122 98 Welt
720 2288 61 54 in
804 2288 73 62 ein
896 2271 277 98 Leuchtendes
1182 2271 297 98 Farbenfpiel
1484 2304 67 51 ge

527 2389 52 69 te
589 2373 181 114 Gemiſe
789 2380 95 80 ind
893 2380 153 97 zarler
1074 2380 143 94 Lolher
1216 2373 153 114 Fiſch.
1378 2385 57 97 di

309 2335 23 10 *

160 2406 136 62 Ein
311 2411 112 58 paar
428 2410 97 60 leich

337 2350 90 17 Fa..

376 2373 23 13 —

1474 2428 56 36 m

1531 2406 64 61 i

106 2464 239 78 eiem,
353 2472 311 68 entzückenden
687 2471 925 68 Lacktiſchchen
1006 2460 216 92 gereicht
1236 2460 208 92 Herden.
1466 2460 124 92 jind

136 2533 40 62 —
197 2507 27 104 —.—
1540 2535 53 48 1

106 2580 100 71 dann
213 2574 121 89 gehe
346 2595 73 61 ch
447 2598 107 54 aus
602 2596 96 59 DSe
720 2595 369 64 Morgenſlunden
1117 2595 47 63 n
1179 2595 154 58 Khelo
1345 2592 121 62 ſind
1476 2595 92 59 An-

105 2641 76 67 ſach
197 2652 326 67 hineißend
531 2655 89 55 Die
626 2634 168 90 Stadt
858 2656 91 64 ein
997 2657 108 54 r
1120 2664 100 55 von
1232 2656 233 61 Renſchen
1485 2647 111 71 ve-

105 2709 140 71 wohnl
265 2717 210 63 ſen
487 2719 80 58 die
585 2718 307 60 märchenhafle
913 2717 177 59 Schage
1108 2717 172 59 hülen
1293 2716 81 53 die
1399 2716 198 60 Heilig⸗

105 2763 150 84 thiner
276 2778 153 62 dfun
445 2780 96 61 und
556 2759 220 92 ſchneßen
791 2778 85 66 de
899 2778 308 65 Gollecbilder
1215 2778 234 60 goſtauben
1471 2779 122 58 uid

106 2838 70 44 m
186 2834 81 65 die
278 2839 203 63 Paläſte
492 2841 102 49 und
611 2841 181 60 Tempel
802 2830 112 80 das
919 2830 270 80 gedämpfte
1204 2840 219 62 Geräuſch
1446 2840 169 61 eines

102 2885 365 78 dalbtraumenden
486 2902 169 61 deens
671 2902 269 65 vecbrellen.
955 2902 111 63 De
1084 2902 180 63 Jrauen
1282 2911 104 39 dom
1402 2901 161 56 Lande

148 2956 189 74 Baupt
354 2964 85 48 mit
456 2966 144 62 einem
616 2965 164 58 weißen
793 2964 119 63 Tuch
931 2960 518 69 umhülck
1148 2952 108 92 den
1255 2960 193 69 Kimeno
1467 2963 98 61 auf

101 3012 196 81 Eechurzt,
326 3025 160 59 ſtoßen
500 3026 97 65 hre
619 3026 348 51 Blumenkarten
991 3031 105 43 vor
1104 3024 75 61 ſich
1194 3024 148 65 her
1359 3024 204 64 Einzelue

100 3065 190 83 Familien
325 3087 169 65 wallen
513 3103 54 46 zu
575 3088 171 64 irgend
763 3088 149 53 einem
937 3087 297 61 Heiligthume
1260 3081 103 75 oder
1375 3081 189 75 geweih⸗

102 3129 414 84 e
540 3150 74 48 der
627 3150 198 64 Nanten
839 3124 122 109 mhe
968 3124 102 109 der
1078 3148 177 65 Jmen
1263 3149 76 60 ſin
1362 3148 46 65 in
1418 3148 147 67 frce

152 3274 143 74 Eine
320 3283 247 64 Sehnſucht
589 3285 69 48 nach
708 3283 105 62 der
834 3280 425 63 Abgeſchiedenheit
1271 3282 79 50 der
1380 3280 181 59 Tempel

101 3330 85 73 ind
207 3337 78 72 der
303 3345 149 65 Slille
493 3347 66 49 Ee
573 3347 172 62 Ralur
756 3326 195 88 ergreift
978 3346 99 63 oft
1082 3344 106 59 den
1199 3344 259 60 Japaner
1484 3344 94 58 Jch

99 3385 272 107 —

117 3448 127 73 enen.
266 3465 227 62 Hachen
515 3469 150 60 Wnt
678 3440 98 97 And
809 3470 80 49 den
913 3468 100 48 ale
1026 3466 296 60 Nchihnmer
1346 3466 75 50 der
1445 3466 114 49 Beil

97 3514 94 58 nicht
217 3524 206 69 abhallen
458 3532 178 54 Snnel
647 3531 96 61 in
760 3531 96 58 der
866 3528 330 65 Morgenfrühe
1213 3510 219 88 mancher
1442 3527 118 59 Tage

95 3572 106 55 Aes
213 3597 60 36 im
286 3588 152 63 Suche
446 3608 64 44 3
527 3593 135 62 laſſen
679 3591 96 49 und
793 3590 101 64 nach
912 3590 97 60 dem
1024 3591 122 58 Berg
1164 3589 206 60 Siyeiſon
1383 3603 60 46 zu
1466 3588 120 65 lau⸗

95 3628 112 67 jen.
225 3647 242 54 Eabd
499 3655 180 60 in
712 3651 384 62 beiiaes
1126 3650 291 63 langea,
1438 3649 122 59 ſeiſt

93 3696 270 73 gachzuſehen/
385 3710 185 58 welcher
587 3708 285 66 Kicſchbaum
898 3713 133 58 uer
1049 3727 91 33 am
1160 3712 224 60 fruͤheften
1414 3703 193 66 bluhi/

156 3749 70 72 —
435 3716 159 111 —
607 3776 147 54 eine
775 3768 233 65 Waldbach
1027 3773 158 49 immer
1210 3774 99 59 noch
1331 3773 100 48 mit
1445 3769 167 51 mur⸗

91 3821 197 57 melndem

94 3885 153 60 Fugen,
275 3894 56 47 ob
342 3881 92 82 der
446 3881 217 82 bronzene
685 3898 175 58 Slorch,
888 3896 75 49 der
964 3881 76 82 da
1053 3896 76 48 ein

975 3956 3 2 da
1101 3896 135 61 einſam
1255 3907 80 49 auf
1358 3895 94 49 dem
1480 3894 77 48 Al⸗

96 3953 78 52 are.
200 3949 140 66 ſteht.
350 3957 160 55 immer
525 3961 110 58 nch
666 3960 73 53 die
753 3958 192 62 Flügel
953 3957 190 51 ausbrei

88 4068 156 61 darten
268 4076 79 61 des

88 4116 233 88 aufleuſe

89 4177 229 116 —
344 4205 418 61 —
973 4203 120 59 —⏑

150 4248 75 55 der
236 4244 233 90 Todien.
470 4244 104 90 Jir
611 4268 144 56 Alfer
767 4268 58 59 ift
837 4268 104 46 ne
947 4264 113 63 ene
1076 4244 170 90 andere
1270 4262 168 61 ſpaͤlere
1458 4261 127 60 Ju⸗

85 4310 122 75 gend;
201 4306 87 90 die
288 4316 96 68 ſich
396 4326 98 62 auß
516 4306 111 90 lich
643 4306 158 90 nders
808 4306 259 90 kindgibt.
1078 4323 112 56 Die
1209 4324 140 52 Allen
1364 4321 220 64 wachfen

86 4374 56 103 8
161 4367 120 89 einer
290 4367 164 89 neuen
468 4367 122 89 vBiin
624 4390 117 60 ind
767 4388 274 60 Enifaltung
1066 4386 127 62 ihrer
1207 4384 171 61 Fraͤfte
1402 4385 182 59 heran.

84 4486 189 76 fiden,
289 4503 58 60 ſo
363 4502 181 62 wien
557 4514 69 59 ſie
649 4511 55 52 in
723 4501 109 76 den
831 4501 213 76 Runzeln
1046 4501 160 76 ihres
1216 4501 246 76 Geſichtes,
1469 4505 116 52 den

512 4575 76 38 en
666 4573 84 3 n
1049 4570 120 31 e
1209 4566 379 52 hn

234 4565 522 71 —.
2395 4617 48 62 1

81 4611 83 52 ud
180 4621 76 96 de
262 4628 133 87 dit
459 4630 77 85 e
548 4630 192 86 Gus
740 4621 260 98 inn
1015 4633 138 52 n

114 237 84 53 gen
198 212 104 96 gir
302 224 443 68 Einberufung
630 212 104 96 der
759 212 159 96 Reichs
918 212 288 96 dumaim
1257 231 154 52 vollen.
1428 224 181 69 Gange

653 591 47 93 xt
701 596 181 71 daran
897 608 59 51 zu
968 591 223 93 glauben,
1198 601 99 78 daß
1324 600 67 49 die
1414 602 169 78 Reichs⸗

1452 2392 5 5 .

271 3834 209 62 1Klange
501 3838 125 59 durch
647 3825 85 84 die
738 3825 145 84 hohen
893 3834 168 60 Gräſer
1076 3833 162 60 riejelt,
1259 3829 77 76 ſich
1358 3848 53 44 zu
1427 3832 181 66 üher⸗

530 4015 6 3 ——
1077 3956 139 65 reilet,
1243 3957 82 49 wie
1353 3964 129 41 wenn
1503 3958 110 60 er

123 4004 90 105 de
237 4014 125 62 Luft
375 4021 78 58 ſich
471 4022 193 61 erheben
688 4008 187 81 wollle,
883 4008 119 81 oder
1003 4018 75 56 ob
1090 4008 115 81 das
1208 4018 144 67 Moos
1378 4018 57 48 in
1461 4016 143 68 dem

588 4083 269 119 Jn
1022 4079 343 120 iſ
1387 4077 108 120 ——

391 4143 18 11 i
485 4157 75 70 er⸗
659 4142 165 77 ieſter,«
864 4137 205 76 ilgrime⸗
1201 4152 80 50 er,
1304 4154 52 34 ſie
1432 4153 43 33 alle
1538 4152 55 47 ha⸗

587 4145 83 60 *
1094 4201 56 50 nd
1177 4201 78 49 der
1279 4199 158 51 Götter
1463 4199 92 48 und

65 4416 55 85 di
140 4433 157 82 ihnen
309 4445 71 66 im
405 4449 71 49 Tode
541 4449 159 54 winll
741 4451 107 58 Und
882 4459 124 40 wenn
1001 4433 87 80 ſie
1094 4433 108 80 nur
1225 4447 154 60 beſſer
1433 4426 127 84 fehen
1590 4426 224 84 verſehen
1821 4433 63 49 in
1910 4437 96 47 877
2029 4430 486 66 Seelſorgsorlen
2399 4426 112 74 657
2516 4426 155 74 Welt⸗
2670 4426 106 74 und
2782 4437 105 58 489

1656 111 497 79 uueratas.
1911 99 79 104 1.
1989 111 164 79 Mare
2168 122 378 77 isos.
3068 153 134 38 en

1632 233 217 63 Grunde
1880 233 117 60 ihrer
2019 227 163 77 Augen
2192 227 136 77 noch
2335 236 98 49 das
2455 233 285 67 unberührte
2750 227 265 77 Erſtaunen
3018 236 245 62 ihrer

1633 295 204 59 jungen
1859 296 359 62 Frühlingzlage
2238 296 436 60 auffindenn

1657 357 189 59 Die
1861 357 114 61 alte
1993 357 289 61 unſcheinbare
2306 358 143 58 Stadt
2473 358 123 60 ſelbſt
2625 359 65 57 iſt
2704 372 109 44 ganz
2832 354 205 61 umhüllt
3062 364 179 50 vodn

1636 416 109 49 den
1765 417 226 50 Wundern
2007 419 80 48 des
2095 419 257 61 Frühlings
2372 419 91 48 und
2484 419 119 61 trägt
2623 419 52 47 in
2692 420 79 59 ſich
2791 419 83 48 den
2892 417 131 59 Duft
3031 417 205 61 einer

1636 479 317 65 ibenhe
1985 481 178 71 Vith
2352 480 147 59 ne
2524 481 35 47 d
2630 480 252 63 hatene
2898 479 80 56 n
3005 478 200 66 ern

1633 545 123 50 ner,
1750 536 105 73 die
1863 536 102 73 alle
1986 536 345 73 unſcheinbaren
2341 536 179 73 Hütten
2530 542 88 48 mit
2636 541 146 48 einem
2804 540 433 65 märchenhaften

1656 602 175 59 Glanze
1847 603 183 58 umgibt
2044 602 106 50 und
2182 603 97 52 das
2296 616 134 46 ganze
2457 602 437 60 morgenröthlichen
2930 601 114 56 Volk
3074 602 163 64 der

1635 663 323 60 aufgehenden
1981 665 165 56 Sonne
2173 664 85 48 mit
2274 666 108 46 den
2407 664 230 58 goldenen
2664 663 84 48 der
2766 665 158 58 Sage
2940 663 106 61 und
3062 662 180 62 Ge-

1635 725 183 59 ſchichte
1839 725 200 57 umwebt,
2055 726 91 64 die
2150 724 76 48 die
2248 724 328 60 Jahrhunderte
2590 725 85 48 wie
2691 725 132 47 einen
2843 723 432 62 verklärenden

1639 780 178 70 Schein
1827 780 304 70 entſenden.
2132 780 169 70 Dieſe
2323 780 282 70 prächtigen
2626 785 198 59 Hügel!
2855 786 122 59 Sie
2997 784 304 60 tragen

1641 847 136 59 eicht
1795 862 63 34 an
1879 847 126 59 ihren
2028 850 127 45 8000
2178 846 347 61 Heiligkhümern
2548 848 93 47 und
2658 845 98 60 ſind
2777 846 110 61 nicht
2907 854 91 40 von
3009 840 271 66 ihñnen

1636 909 314 64 überhäuft.
1967 908 245 61 Anmuthig
2240 909 91 48 und
2349 908 93 59 ſtill
2472 907 196 60 erſcheint
2696 908 71 48 die
2787 907 145 49 Stadt
2964 907 98 50 und
3081 927 213 45 der

1638 970 193 63 Gaxten
1860 970 74 48 der
1950 964 213 73 Götter.
2164 970 118 50 Die
2307 969 265 61 monſtröjen
2596 968 256 52 Kultbilder
2871 968 293 62 ſtrahlen
3197 971 69 45 imm

1600 1031 435 59 3Halbdunkel
1938 1025 102 72 der
2055 1031 172 60 Zweige
2252 1032 70 56 ein
2345 1030 166 62 mattes
2528 1030 120 63 Licht
2671 1025 117 72 aus,
2799 1030 84 49 wie
2901 1029 83 53 der
3009 1029 328 64 durch/

1641 1093 176 59 ſichtige
1839 1092 184 60 Spiegel
2046 1095 125 56 eines
2195 1094 165 57 grünen
2382 1093 198 58 Waſſers
2600 1091 191 60 umhüllt
2816 1093 60 58 ſie
2900 1091 86 49 das
3008 1091 172 50 Laub

1639 1155 90 54 Jn
1761 1155 86 48 der
1864 1155 125 58 Tiefe
2014 1158 82 48 des
2106 1154 342 61 Halbſchattens
2477 1153 232 64 verrichten
2738 1152 66 49 die
2828 1147 219 75 Prieſter
3054 1156 245 55 ihre

1637 1216 196 60 Dienſte
1852 1209 110 73 und
1967 1217 85 59 ſie
2068 1214 124 60 ſehen
2222 1221 90 43 aus
2338 1209 86 73 wie
2448 1209 196 73 Zwerge,
2661 1209 87 73 die
2770 1209 104 73 die
2872 1214 171 61 Schätze
3070 1214 226 64 der

1632 1278 149 57 Tiefe
1791 1277 210 59 zählen.
2038 1278 111 47 Der
2162 1277 98 58 leiſe
2277 1276 258 60 Lufthauch,
2563 1276 80 48 der
2671 1275 83 68 den
2779 1275 221 59 würzigen
3013 1274 211 67 Duft

1641 1339 89 53 der
1738 1339 190 59 Fichten
1940 1339 248 58 heranträgt
2199 1339 103 47 und
2321 1338 82 60 ſich
2414 1338 81 64 mit
2517 1338 74 48 der
2607 1346 90 39 von
2716 1337 99 48 dem
2833 1336 465 58 Springbrunn

1639 1400 105 50 nen
1755 1400 370 59 durchfeuchteten
2155 1399 155 62 Kühle
2331 1398 168 61 miſcht,
2513 1399 134 59 fährt
2659 1397 250 60 liebkoſend
2922 1398 126 48 über
3070 1397 217 59 die

1646 1469 202 42 warmen
1867 1461 253 58 Lackaltäre
2139 1461 110 60 und
2270 1460 71 49 die
2360 1460 151 62 kalten
2527 1459 448 60 Bronzegötter
2896 1455 114 72 und
3005 1459 308 64 wühlt

1646 1523 83 61 ſich
1750 1523 69 58 ein
1840 1523 47 48 in
1907 1522 67 50 die
1996 1522 323 60 ſchimmernden
2336 1522 393 62 Farbenmaſſen.
2743 1522 159 49 Neben
2915 1520 77 48 der
3009 1520 348 65 phann

1643 1578 219 74 taſtiſchen
1879 1583 167 58 ſtolzen
2068 1583 184 59 Pagode
2267 1584 149 61 taucht
2437 1584 99 48 eine
2553 1583 147 61 kleine
2726 1597 108 45 ganz
2860 1583 50 62 in
2934 1582 115 59 Licht
3077 1584 193 64 ge

1647 1640 174 69 badete
1829 1640 281 69 Strohhütte
2120 1640 121 69 auf.
2263 1645 192 59 Hinter
2477 1645 101 54 den
2588 1640 272 69 Vorhängen
2886 1648 100 46 von
3005 1645 262 55 Bamm

1624 1715 100 2 bus
1723 1699 202 73 blitzen
1925 1706 93 47 und
2037 1706 186 58 funkeln
2234 1699 68 73 die
2319 1706 314 48 Tabernakel.
2657 1706 101 47 Und
2779 1705 108 59 dieſe
2901 1703 143 65 Stadt
3065 1704 174 47 der

1634 1767 177 49 Götter
1839 1767 148 58 ähnelt
2011 1767 84 48 den
2111 1766 197 49 Stätten
2320 1762 104 69 der
2429 1767 334 58 Menſchen;
2688 1762 92 69 ſie
2781 1766 82 61 hat
2891 1766 93 58 ihre
3006 1766 171 58 Herr⸗

1647 1828 269 59 ſcherpaläſte
1947 1829 105 47 und
2061 1828 103 58 ihre
2196 1827 142 50 alten
2353 1822 182 69 todten
2534 1827 247 57 Gemäuer;
2792 1826 129 59 nahe
2936 1822 95 69 bei
3051 1827 129 57 den

1635 1889 224 57 Göttern,
1879 1889 88 47 die
1982 1882 158 72 leben⸗
2149 1882 184 72 wohnen
2365 1888 70 47 die
2457 1888 188 59 Götter,
2665 1887 68 48 die
2760 1882 111 72 todt
2879 1882 165 72 jind.
3053 1886 129 64 Sie

1645 1951 101 57 hat
1757 1951 188 58 Klöſter
1955 1951 88 47 und
2077 1950 354 60 Heiligthümer,
2443 1950 49 47 in
2527 1949 136 50 denen
2677 1949 137 59 mehr
2846 1948 90 49 als
2957 1950 229 59 80.000

1649 2012 262 59 Gottheiten
1932 2012 224 58 wohnen,
2164 2014 117 48 und
2295 2011 97 48 öde
2417 2010 195 59 Häuſer,
2650 2010 51 50 in
2729 2009 149 50 denen
2896 2010 345 60 vergeſſene

1651 2073 157 60 Götter
1836 2074 69 50 im
1926 2073 155 61 Schlaf
2093 2074 95 49 des
2217 2072 150 49 Todes
2383 2072 149 57 ruhen
2547 2071 105 51 und
2679 2071 97 48 mit
2791 2067 149 74 ihrem
2952 2078 237 53 Läöcheln

1650 2135 111 59 nicht
1792 2128 138 70 mehr
1936 2156 99 3 die
2051 2133 255 58 Gläubigen
2322 2133 262 58 entzücken.
2617 2132 125 48 Von
2776 2133 85 48 den
2896 2132 305 60 Kupferdä⸗

1633 2189 133 74 chern
1774 2196 182 56 blitzen
1964 2195 70 48 die
2056 2194 158 50 Giebel
2241 2195 91 48 und
2357 2194 179 64 funkeln
2560 2195 84 48 die
2651 2189 269 74 Edelſteine.
2936 2194 235 62 Geheim⸗

1633 2257 182 49 nisvoll
1834 2258 56 57 iſt
1913 2257 55 59 ſie
1996 2269 108 47 ganz
2125 2256 50 56 in
2197 2255 112 60 Licht
2337 2255 185 61 getaucht
2546 2256 92 48 und
2635 2245 209 76 göttlich
2846 2245 155 76 heiter,
3022 2255 153 62 dieſe

1645 2318 143 59 Stadt
1798 2321 97 48 der
1920 2318 227 56 Gölter.
2158 2317 247 62 Jedesmal,
2433 2324 131 42 wenn
2591 2318 66 58 ich
2680 2317 129 59 durch
2838 2318 59 59 ſie
2913 2316 263 66 wandere/

1646 2380 123 63 fühle
1786 2381 92 58 ich
1891 2374 110 73 mich
2016 2379 242 64 umfangen
2271 2388 117 53 vom
2401 2378 181 60 Glanz,
2598 2388 102 40 von
2721 2378 285 61 ſchillernden
3025 2379 148 62 Far-

1622 2435 346 75 benwundern,
1980 2435 183 75 umtönt
2188 2449 101 42 von
2303 2442 160 48 einem
2496 2440 305 61 ſchweigenden
2833 2439 199 63 Lachen
3044 2440 133 66 und

1627 2498 141 71 fühle
1782 2498 161 71 neben
1947 2498 97 71 mir
2054 2498 377 71 geheimnisvolle
2439 2513 266 42 Schatten.
2715 2503 73 51 Es
2813 2502 173 58 genügt
3006 2506 98 49 dann

1634 2562 97 57 daß
1744 2562 97 48 ein
1847 2563 189 47 Bettler
2059 2564 71 45 die
2147 2562 181 55 Straße
2341 2562 280 57 daherzieht,
2630 2561 91 46 der
2747 2562 81 56 auf
2856 2561 136 59 einer
3003 2562 176 57 Flõte

1638 2622 143 63 ſpielt,
1798 2619 542 63 damit
1967 2615 105 74 die
2071 2619 269 63 Muſikanten
2368 2620 73 47 der
2463 2620 346 109 e
2835 2620 79 58 ſich
2937 2620 244 65 erheben.

1634 2683 101 48 und
1751 2683 64 58 ich
1840 2682 118 59 höre,
1987 2682 79 48 wie
2089 2690 97 51 von
2205 2681 77 48 der
2301 2680 125 61 Höhe
2440 2681 97 47 der
2607 2681 121 48 Wälder
2743 2676 90 69 die
2843 2680 175 60 Klänge
3038 2682 140 59 aus

1631 2744 109 58 Zeit
1765 2743 78 48 der
1872 2742 161 59 großen
2057 2742 154 59 Kaiſer
2240 2737 151 72 näher
2401 2741 96 49 und
2524 2742 136 59 näher
2680 2741 200 49 kommen
2921 2741 99 49 und
3032 2743 148 62 die

1618 2803 229 60 ſchrillen
1863 2803 290 60 Querpfeifen
2177 2803 120 59 ſich
2316 2801 102 51 mit
2444 2802 102 49 dem
2576 2797 218 73 dumkeln
2798 2804 242 20 Dröhnen
3053 2803 128 63 der

1639 2867 167 57 Gongs
1819 2864 96 59 und
1937 2864 99 49 dem
2059 2863 165 50 Wirbel
2249 2866 86 62 der
2350 2858 248 76 Trommeln
2618 2877 63 47 zu
2705 2864 149 61 einem
2864 2864 317 66 berauſchen

1643 2928 80 47 den
1754 2927 162 49 Akkord
1945 2926 469 58 vereinigen“
2827 2928 136 56 —

2327 3037 545 95 atliches.

2466 3144 255 62 Gozen,
2745 3145 76 59 28.
2842 3139 277 65 Februar.

1658 3272 54 8 —
2218 3214 272 68 gsdienſte.
2502 3216 106 50 Der
2630 3217 36 52 k.
2691 3217 36 49 k.
2733 3210 288 69 Statthalter
3030 3209 93 69 hat

1637 3275 79 48 den
1736 3275 34 50 k.
1790 3275 45 53 k.
1846 3277 567 63 Siatthaltereikonzipiſten
2526 3279 72 48 Girſtav
2613 3287 48 39 v.
2679 3276 324 62 Strobele
3017 3288 105 46 zum

1615 3336 557 62 Bezirkskommiſfaͤr
2078 3328 93 85 und
2194 3341 84 48 den
2299 3341 35 48 k.
2361 3340 35 51 t.
2417 3336 707 73 Stalthalterei⸗Konzeptaprakti⸗

1636 3397 152 62 kanten
1808 3399 100 50 Dr.
1922 3400 222 50 Emanuel
2163 3403 129 51 Dre
2307 3410 26 50 y
2349 3414 66 35 er
2436 3391 97 74 zum
2543 3395 581 65 Statthalterelkonzipiſten

1636 3458 197 72 ernannt.
1855 3486 164 25 Der
2044 3463 45 51 k.
2098 3463 49 47 k.
2166 3462 276 60 Statthalter
2457 3462 80 59 hat
2555 3461 146 50 weiter
2718 3461 71 64 die
2807 3461 36 48 k.
2863 3460 40 51 .
2920 3459 260 60 Bezicks-

1611 3519 286 67 kommiſſäre
1911 3522 198 60 Rüdiger
2125 3532 48 41 v.
2188 3523 155 49 Vila
2357 3527 31 45 s
2400 3522 54 52 in
2470 3521 160 51 Trient
2645 3523 104 59 nach
2766 3515 150 76 Tione
2924 3515 94 76 und
3032 3523 147 64 Dr.

1634 3581 150 48 Anton
1796 3581 47 71 Z
1855 3596 37 48 a
1906 3584 216 62 myveNi
2153 3583 76 56 in
2236 3585 153 47 Tione
2414 3568 104 91 nach
2532 3568 186 91 Trient,
2731 3583 85 60 den
2833 3584 46 52 .
2907 3580 37 62 t.
2956 3582 166 50 Statt

1634 3642 428 62 haltereikonzipiſten
2086 3645 108 56 Dr.
2200 3645 196 49 Oswald
2418 3645 159 49 Ritter
2591 3654 46 42 v.
2647 3644 217 59 Negri
2894 3644 61 50 di
2973 3645 103 47 San

1632 3701 234 62 Pietro
1892 3704 49 48 in
1934 3697 186 72 Trient
2128 3697 120 72 nach
2268 3707 154 56 Borgo
2445 3705 162 59 verſetzt
2633 3705 92 48 und
2746 3706 74 56 die
2839 3704 37 59 k.
2905 3704 35 49 k.
2955 3703 163 49 Statt-

1618 3763 723 63 halterei⸗Konzeptspraktikanten
2366 3768 96 50 Dr.
2471 3767 152 58 Felix
2626 3767 208 59 Eroe
2860 3764 52 48 in
2935 3762 183 49 Landed

1634 3827 71 47 der
1730 3824 592 63 Bezirkshauptmannſchaft
2351 3826 210 59 Primor.
2587 3818 105 78 Dr.
2702 3818 154 78 Alois
2880 3822 236 70 Buelli

1612 3888 66 58 in
1700 3885 155 60 Trient
1867 3886 86 49 der
1972 3888 312 59 Statthalterei
2309 3887 88 48 und
2420 3886 168 56 Julius
2611 3885 173 57 Grafen
2804 3885 329 61 NMarzani

1639 3946 387 65 (Statthalterei)
2051 3950 75 49 der
2144 3945 603 65 Bezirkshauptmannſchaft
2757 3942 212 57 Trient.
2989 3943 173 63 ſowie

1632 4011 75 46 den
1721 4011 378 54 neuernannten
2110 4007 637 62 Statthallereikonzipiſten
2763 4007 122 48 DOr.
2897 4004 219 50 Emanuel

1629 4072 247 54 Dreyer
1886 4069 71 48 in
1988 4071 213 63 Primör
2209 4070 87 60 der
2311 4066 592 62 Bezirkshauptmannſchaft
2931 4067 185 69 Landeck

2103 3034 221 119 Heim

1588 3929 9 38 —

1602 4128 416 63 zugetheilt.
2056 4149 314 40 Dte
2435 4151 305 37 eente

1664 4191 162 63 Zur
1842 4190 202 64 Statiſtik
2068 4196 92 45 der
2166 4186 207 75 Diözeſe
2366 4190 192 59 Brixen.
2583 4191 117 49 Der
2718 4190 181 62 Antheil
2922 4197 93 41 von
3037 4190 77 49 Ti⸗

1590 4252 104 49 rol
1723 4251 187 59 umfaßt
1929 4255 63 45 22
2009 4255 242 60 Dekanate
2270 4258 106 46 mit
2403 4252 134 56 einer
2548 4250 454 61 Bevölkerungszahl
3017 4259 105 42 von

1598 4314 234 48 802.066
1861 4313 219 62 Köpfen.
2096 4315 249 59 Geburten
2358 4309 180 71 fanden
2546 4313 64 51 im
2636 4313 159 60 Jahre
2811 4314 298 52 19057960,

1587 4372 314 58 Sterbefälle
1920 4377 165 54 6855,
2098 4377 287 58 Trauungen
2415 4377 152 51 2021
2589 4374 159 59 ſtatt.
2770 4375 101 48 Die
2860 4368 123 73 Seel
2995 4373 126 57 ſorge

1590 4495 270 61 prieſter.
1868 4495 331 62 Mannerſtifte
2212 4498 250 60 beſtehen:
2477 4494 559 65 Auguſtiner⸗Chorherren
3046 4491 58 68 in

1593 4555 239 62 Neuſtift.
1840 4556 495 61 Pramonſtratenſer
2273 4549 54 72 in
2356 4557 106 50 Wi
2869 4555 57 68 in
2936 4551 178 48 Stams

2582 4665 2 3 tt
2624 4615 92 66 und
2734 4613 53 59 in
2804 4610 301 69 Marienberg.
