2724 4154
80 325 261 56 ſchinen
418 324 99 51 für
570 322 597 54 handwerksmätige
1219 323 96 91 —

83 387 233 46 triebe
348 385 226 49 darſtellen.

197 447 83 44 Um
301 446 96 50 nach
415 445 72 44 der
506 426 274 90 Beleuchtung
805 443 77 44 des
902 443 164 46 Bertes
1087 443 72 44 der
1173 442 135 52 Siſto

82 505 186 51 riſchen
294 504 239 51 Abteilung
551 503 95 51 noch
671 502 95 45 eine
791 502 267 51 anſchauliche
1083 501 141 53 Ziffer
1249 502 66 44 be⸗

88 590 197 3 züglich
296 564 84 44 der
395 562 536 52 Handwerkerausſtellung
955 561 277 52 anzufübren,
1258 559 55 53 ſei

102 618 257 78 mitgeteilt,
441 622 84 52 daß
603 621 69 46 die
724 620 591 52 Vorbereitung
1170 616 43 62 s
1217 616 99 62 ar⸗

117 683 207 47 beiten
366 681 72 50 für
476 680 108 52 dieſe
624 680 74 52 für
723 677 223 55 Oſterreich
973 691 105 33 neue
1105 679 87 45 und
1220 685 95 38 vor⸗

119 740 141 53 laufis
287 739 280 54 einzigartige
592 740 273 53 Ausſtellung
892 738 81 47 mit
1002 738 113 48 rund
1146 737 170 66 160.000

118 801 174 46 Kronen
320 800 278 52 veranſchlagt
626 799 103 53 ſind.

331 900 336 170 Bengſiel
670 900 413 170 Telung.

201 1095 96 45 Wie
324 1126 14 14 .
351 1094 112 51 ſchon
502 1093 203 52 mehrfach
746 1092 201 52 berichtet,
988 1092 107 46 wird
1139 1092 67 47 die
1235 1092 32 45 k.
1297 1091 22 43 k

122 1153 395 52 Geſellichaft
561 1153 99 51 für
706 1151 612 55 Landespferdezucht

123 1213 59 46 in
218 1212 385 46 Steiermark
638 1212 262 53 gelegentlich
936 1212 70 45 der
1041 1211 276 54 Jubiläums⸗

122 1268 267 76 Gerbltmeſſe
418 1272 94 44 eine
541 1264 505 59 Sengſten⸗Ausſtellung.
1081 1272 238 44 verbunden

122 1333 81 43 mit
227 1332 117 44 einer
372 1330 778 53 Hengſten⸗-Prämiierung,.
1181 1337 144 37 veran⸗

127 1392 161 51 ſtalten.
313 1391 277 51 Gelegentlich
610 1390 132 52 dieſer
763 1391 271 51 Ausſtellung
1059 1390 48 52 iſt
1131 1391 95 47 auch
1250 1390 72 43 der

125 1451 169 50 Ankauf
329 1458 83 36 von
446 1450 205 53 Hengſten
684 1457 84 36 von
804 1450 72 44 der
911 1451 132 49 hohen
1075 1449 246 52 Regierung

126 1509 47 45 in
208 1508 185 52 Ausſicht
426 1520 258 41 genommen.
715 1509 97 44 Aus
844 1509 236 51 technichen
1113 1509 207 44 Gründen

127 1571 146 50 mußte
318 1569 106 49 dieſe
453 1569 270 51 Ausſtellung
769 1568 78 50 auf
892 1569 78 42 den
1000 1568 322 51 abgeſonderten

125 1628 115 53 Platz
276 1628 231 52 gegenüber
542 1628 71 44 der
648 1627 331 53 Jnduſtriehalle
1012 1628 310 51 untergebracht

127 1689 177 43 werden.
336 1688 90 44 Der
458 1687 164 52 außerit
654 1686 243 54 gerãumige
928 1686 125 45 Stall
1083 1686 51 53 iſt
1166 1685 155 47 bereits

129 1742 296 62 fertiggeſtellt.

202 1807 94 44 Der
330 1817 127 41 ganze
489 1806 125 51 Blatz,
657 1806 79 51 auf
765 1804 93 45 dem
888 1805 94 51 noch
1012 1805 94 44 eine
1137 1806 187 50 ſeparate

126 1865 282 52 Vorführung
438 1865 226 52 hergeſtellt
691 1864 122 50 wird.
839 1864 106 45 wird
973 1864 108 44 dank
1106 1863 73 46 der
1203 1864 120 50 treff⸗

128 1921 125 54 lichen
277 1923 265 52 Anordnung
565 1925 85 43 und
676 1922 189 52 hübſchen
889 1923 344 52 Ausſchmückung
1252 1936 71 39 ge⸗

119 1985 96 50 wiß
254 1985 126 43 einen
421 1984 163 50 ſchönen
614 1984 164 44 Anblick
820 1983 231 52 gewähren.
1093 1983 135 51 Durch
1259 1983 66 44 die

86 2044 155 52 ſchon
291 2043 319 53 eingelaufenen
646 2043 321 59 Anmeldungen
1016 2041 52 53 iſt
1087 2042 111 45 eine
1233 2050 93 36 vor⸗

1359 322 209 54 zügliche
1609 322 208 47 Qualität
1874 330 84 38 von
2015 319 305 57 Valerpferden
2350 322 236 54 geſichert:

1393 383 172 51 größtes
1597 384 196 49 Gefallen
1825 383 164 45 werden
2021 382 221 54 jedenfalls
2276 382 68 45 die
2376 387 88 40 aus
2493 383 93 43 dem

1391 442 34 44 k.
1446 443 33 51 f.
1491 442 477 52 Staatshengſtendepot
1984 453 75 41 zur
2074 443 270 51 Ausſtellung
2365 442 222 51 gelangen⸗

1394 501 79 44 den
1497 502 333 51 Staatshengſte
1859 501 204 45 erwecken.
2095 502 110 45 Eine
2238 502 42 51 ſo
2315 502 128 51 große
2477 500 111 53 Bahl

1392 561 169 50 edelſter
1589 560 129 47 Tiere
1745 561 247 53 vorgeführt
2019 571 51 43 zu
2100 560 131 52 ſehen,
2262 559 107 46 wird
2399 561 189 51 ſicherlich

1396 619 108 50 nicht
1529 632 84 33 nur
1639 619 73 51 für
1737 621 80 43 den
1843 621 174 44 Kenner
2037 619 84 45 und
2151 620 72 51 für
2251 620 78 44 den
2356 619 257 51 Landwirt,

1394 678 173 53 ſondern
1595 680 72 52 für
1690 680 123 53 zeden
1837 679 131 45 Laien
1995 678 71 46 ein
2090 679 158 52 Genuß
2273 679 101 51 ſein.

1393 865 133 76 Ein
1557 861 791 92 Schmiede⸗Meiſterwerk
2385 867 71 74 in
2484 868 113 74 der

1402 971 1041 93 Bandwerker⸗Ausſtellung.

1473 1092 68 52 Zu
1572 1092 77 45 den
1694 1092 390 52 bervorragendſten
2129 1092 249 53 künſtleriſch
2409 1093 179 51 handge⸗

1396 1151 229 45 arbeiteten
1649 1152 384 52 Ritterrüſtungen.
2059 1151 67 45 die
2151 1158 48 38 es
2226 1152 233 51 überbhaupt
2485 1152 104 51 gibt.

1397 1211 144 51 gehört
1583 1211 66 45 die
1691 1211 216 50 berühmte
1949 1211 190 52 Rüſtung
2183 1212 229 51 Erzherzog
2443 1212 147 48 Karls,

1399 1270 67 44 die
1490 1269 102 50 einſt
1617 1270 60 44 im
1704 1271 318 51 Schatzgewölbe
2047 1270 70 44 der
2143 1271 161 51 Grazer
2330 1271 122 51 Burg
2478 1270 114 49 ſtand

1398 1329 87 45 und
1508 1329 84 52 jetzt
1613 1329 47 44 in
1683 1330 78 43 den
1784 1329 254 51 kaiſerlichen
2057 1331 317 50 Sammlungen
2395 1342 52 39 zu
2470 1329 122 46 Wien

1399 1388 263 51 aufbewahrt
1690 1388 124 46 wird.
1842 1389 90 51 Jhr
1964 1390 114 44 Wert
2108 1390 107 43 wird
2249 1389 76 51 auf
2330 1384 116 61 500.
2452 1384 87 61 000
2559 1392 34 42 E

1396 1448 288 52 veranichbagt.
1730 1449 76 45 Da
1852 1449 53 52 ſie
1935 1448 69 45 ein
2039 1448 278 51 Meiſterwerk
2353 1449 70 44 der
2460 1448 139 51 Hand⸗

1399 1509 246 51 werkskunſt
1672 1508 51 52 iſt
1750 1508 88 44 und
1867 1507 220 53 ſteiriſchen
2114 1509 245 50 Urſprungs
2390 1508 86 52 ſein
2506 1508 88 51 ſoll.

1394 1569 176 43 wurden
1595 1567 189 51 Schritte
1814 1566 250 53 eingeleitet,
2090 1568 59 49 ſie
2177 1568 72 50 für
2284 1566 65 45 die
2378 1568 223 50 hiſtoriiche

1398 1627 232 52 Abteilung
1649 1627 78 49 der
1754 1627 839 52 Jubiläums
2008 1621 32 62 ;
2039 1621 193 62 Bandwer
2231 1627 362 52 ker⸗Ausſtellung

1399 1698 53 40 zu
1479 1686 232 52 gewinnen.
1761 1686 75 45 Da
1861 1687 133 43 weder
2021 1686 78 44 das
2127 1686 467 50 Oberftkämmereramt

1401 1746 94 50 noch
1522 1746 80 43 das
1627 1745 472 52 Oberſthofmeiſteramt
2123 1745 80 44 das
2231 1747 212 43 wertvolle
2468 1746 127 46 Stück

1400 1806 108 47 ohne
1528 1805 301 44 unmittelbare
1850 1804 308 53 Einwilligung
2182 1804 74 44 des
2280 1805 170 49 Kaiiers
2476 1805 119 45 über⸗

1403 1864 127 49 laſſen
1554 1865 191 49 konnten,
1768 1865 45 51 ſo
1836 1864 143 45 wurde
2001 1864 67 44 die
2089 1864 292 52 Vermittlung
2405 1865 75 44 des
2504 1864 91 45 Mi⸗

1401 1923 389 51 niſterprãſidenten
1834 1923 226 52 Freiherrn
2105 1930 39 37 v.
2174 1924 125 45 Beck
2344 1922 254 53 notwendig.

1404 1983 215 51 Anläßlich
1661 1983 134 51 ſeiner
1851 1983 138 52 letzten
2029 1983 287 52 Anwefenheit
2356 1982 46 44 in
2445 1983 152 51 Jſchl

1404 2042 104 51 hielt
1539 2054 45 32 er
1617 2054 88 32 nun
1740 2042 91 45 dem
1864 2042 147 51 Kaiſer
2043 2041 145 53 wegen
2220 2040 272 54 Überlaſſung
2526 2043 71 44 der

178 2764 231 115 Fllbxill
422 2764 428 115 l.liliinreal
901 2789 34 65 in
956 2770 143 98 Ven

492 2880 177 48 Telephon
692 2879 70 40 Nr.
788 2883 34 39 1.

754 2521 339 225 —
1142 2528 421 213 2
1734 2524 185 196 4

1761 2768 646 101 NJJJJ

396 2961 377 84 Zuelglllxelut:
790 2961 217 86 Mien,
944 2955 75 99 l.
1031 2961 508 86 Vollegixtenſt.
1448 2955 50 99 ð.
1510 2959 247 88 Mdilind,
1779 2964 125 83 Lor
1920 2964 267 86 gnoarte
2205 2964 86 75 A.

209 3096 148 91 Erſte
401 3098 108 79 und
552 3098 200 96 timigt
795 3097 467 94 tlekttolechniſazt
1304 3096 401 98 Sytzialfabrik
1748 3097 93 79 der
1887 3096 181 90 iſterr.
2094 3093 377 136 Alpenlinder

1277 3203 138 49 liefert:

302 3277 538 68 DVnnamomaſchinen,
879 3275 467 70 Elektromotoren,
1384 3275 523 71 Transformatoren,
1941 3274 445 72 Schaltapparate,

211 3358 376 71 Zubehörteile,
604 3358 256 58 Motoren
876 3361 60 56 in
953 3360 231 55 ditekter
1203 3358 311 69 Kuppelung
1533 3360 99 55 mit
1652 3357 525 67 Arbeitsmaſchinen,
2197 3359 278 67 komplette

337 3441 366 76 Anlagen
736 3442 96 71 für
865 3442 287 68 elektriſche
1189 3443 340 68 Beleuchtung
1564 3442 107 57 und
1707 3440 535 71 Kraftübertragung.

209 3548 274 60 Ausführung
510 3561 80 36 von
618 3548 241 59 eleltriſchen
886 3549 296 59 Bahnanlagen
1211 3550 70 56 fuͤr
1307 3547 338 61 Jnduſtriezwecke
1674 3549 115 55 ſowie
1816 3547 513 59 Perſonen⸗Beforderung.
2359 3547 119 58 Fach⸗

212 3621 244 57 maͤnniſcher
482 3622 89 48 Rat
597 3622 46 47 in
671 3621 105 47 allen
805 3621 161 58 Fragen
993 3621 68 47 der
1088 3620 311 57 Elektrotechnik.
1428 3619 290 59 Voranſchlaͤge
1747 3619 130 57 ſtehen
1902 3619 279 60 bereitwilligſt
2209 3632 49 46 zu
2276 3619 201 56 Dienſten.

1121 3701 482 51 Vrima
1267 3697 30 60 ·
1297 3701 295 51 Referenztn.

1737 2879 180 49 Telephon
1939 2879 72 41 Nr.
2031 2882 85 38 Bab.
