2724 4154
190 334 51 58 g)
271 326 520 60 Konfumvereinsweſen.
826 328 354 57 Berichterſtatter:
1198 326 163 56 Schuh⸗

271 390 297 54 machermeiſter
616 389 164 54 Hicke,
828 389 198 46 Obmann
1073 390 71 44 des
1190 388 163 46 Tiroler

146 447 1036 59 Schuhmacher⸗Genoſſenſchafts⸗Berbandes.

192 505 766 62 Zentral⸗Genoſſenſchaftskaſſe.
999 505 354 57 Berichterſtatter:

273 568 514 58 Rauchfangkehrermeiſter
846 566 247 55 Giugno,

273 630 248 49 kammerral.
559 626 213 56 Praͤſident
799 625 71 46 des
904 625 243 56 maͤhriſchen
1174 624 180 56 Zeutral⸗

272 680 189 66 Genoſen
473 680 402 66 ſchafts⸗Verbandes.

369 746 506 56 Reviſionsantrag:
906 742 451 57 Sauptberichterſtatter

274 807 180 46 Krebs.

153 872 46 40 8.
230 854 258 70 Handwerks
496 862 157 56 politik
668 863 84 46 und
757 858 600 62 Organiſatiansvorſchläge.

229 923 333 58 Berichterſtatter
605 925 68 44 der
715 922 216 55 Präſident
977 923 73 45 des
1094 921 262 56 Reichshand⸗

232 985 250 45 werkerrates
510 983 292 56 Abgeordneter
830 981 347 55 Einſpinner.

132 1047 69 48 4.
230 1041 134 53 Wahl
393 1046 76 42 des
498 1041 422 57 Haudwerkerrates.
967 1041 101 52 Die
1105 1040 251 56 Delegierten

228 1108 153 40 werden
398 1101 158 54 erſucht,
576 1102 83 51 ihre
678 1099 344 57 Wahlvorſchläge
1041 1099 213 47 kronlan
1276 1095 77 65 des⸗

229 1162 152 53 weiſe
410 1163 44 44 in
482 1165 67 41 der
576 1160 343 56 Vorbeiprechung
947 1158 251 59 abzugeben.)

155 1224 45 42 S.
231 1218 166 55 Jnnere
426 1217 518 56 Organiſationsfragen.

157 1284 43 40 6.
231 1277 357 56 Kouſtituierung
618 1280 78 44 des
726 1276 424 57 Handwerlerrates.

276 1348 239 50 Rederecht
542 1350 138 50 haben
725 1350 204 52 getadene
969 1344 254 56 Ehrengäſte
1267 1350 90 41 und

156 1406 263 58 Delegierte.
463 1407 203 57 Redezeit
687 1406 74 57 fuͤr
791 1412 80 41 den
892 1405 177 51 Redner
1095 1405 30 47 5
1144 1406 210 46 Minnten

155 1469 260 55 Geferenten
445 1467 344 57 ausgenommen.
840 1466 88 46 Bei
971 1465 140 46 einem
1155 1464 202 54 Neferate

157 1527 113 46 kaun
307 1529 74 43 ein
413 1526 171 47 Redner
624 1526 114 55 öfter
778 1528 74 43 als
891 1524 198 57 zweimal
1120 1526 79 43 das
1230 1524 127 47 Wort

157 1585 141 51 nicht
336 1585 229 55 erartifen.
603 1585 213 58 Geſchluß
855 1586 72 45 des
955 1584 403 54 Reichshandwerker⸗

157 1653 112 40 rates
300 1648 46 44 in
376 1647 67 45 der
471 1647 168 55 Sisung
671 1659 67 31 am
769 1651 41 39 3.
839 1645 97 54 Juli
974 1642 146 58 1v08).

244 1753 43 53 JJ
287 1752 796 54 NN
776 1748 21 63 C
1189 1753 171 43 ii

235 1848 83 44 Die
334 1846 142 54 „Erſte
495 1847 282 52 niederöſterr.
796 1844 365 54 Großweinhalle“
1182 1846 174 50 (Kapfer

131 1917 73 36 u.
229 1908 241 49 Reinwein)
495 1909 75 48 hat
596 1908 119 50 durch
742 1908 77 45 den
845 1909 100 42 Bau
970 1906 118 43 eines
1104 1917 144 32 neuen
1272 1906 83 51 Pa⸗

134 1967 185 53 villons
351 1969 76 42 den
457 1967 474 51 Herbſtmeſie⸗Feſtplatz
962 1977 73 31 um
1067 1964 121 44 einen
1217 1967 149 41 netten

132 2027 220 54 Schmuck
388 2028 227 49 bereichert.
651 2028 117 42 Gute
801 2025 222 47 Getränke,
1059 2024 300 51 jelbſterzeugte

159 2086 278 50 Bratwürſte,
470 2086 121 50 ſowie
624 2087 128 43 Brat
744 2079 32 62 -
786 2085 85 43 und
905 2084 261 49 Backhühner
1197 2096 53 38 zu
1282 2083 75 43 den

134 2145 204 52 billigen
362 2145 171 50 Preiſen
557 2152 83 35 von
661 2146 30 40 2
714 2148 35 39 E
772 2144 69 43 bis
864 2144 28 40 2
915 2148 34 38 E
971 2143 56 41 40
1049 2146 41 45 n,
1114 2144 107 49 nebſt
1244 2142 123 44 einer

162 2205 74 50 für
271 2205 66 54 die
366 2205 148 43 Dauer
550 2205 70 41 der
655 2203 286 50 diesjährigen
976 2202 263 51 Herbſtmeſſe
1273 2208 87 36 ver⸗

163 2264 237 50 pflichteten
438 2262 221 49 Berliner
695 2260 367 50 Schneebäckerei“,
1099 2260 64 46 bei
1200 2262 161 48 welcher

164 2323 171 43 Damen
356 2321 45 43 in
422 2321 124 50 echter
565 2321 199 43 Berliner
783 2321 148 48 Tracht
951 2319 109 52 tätig
1083 2319 85 50 ſein
1187 2320 177 46 werden,

168 2381 149 48 ſorgen
349 2380 69 48 für
449 2380 101 48 beſte
580 2379 287 50 Verpflegung
898 2380 70 42 der
1001 2379 136 48 Gäſte,
1168 2377 194 50 während

169 2438 81 43 das
275 2438 47 43 in
347 2438 120 43 Wien
491 2437 280 50 beſtbekannte
795 2438 205 41 Quartett
1027 2435 135 50 Die
1184 2437 120 42 Dor
1320 2449 44 30 n⸗

169 2496 218 51 bacher“
428 2496 80 43 mit
549 2496 137 50 ſeinen
727 2496 203 50 Sängern
973 2494 86 44 und
1099 2494 264 51 Humoriſten

168 2556 73 52 für
263 2557 101 50 beſte
386 2558 142 43 Laune
549 2556 206 50 derſelben
775 2556 145 49 Sorge
941 2558 148 48 tragen
1112 2554 118 44 wird.

248 2874 87 44 Die
379 2874 350 51 liebenswürdige
759 2874 317 53 Anerkennung,
1122 2873 67 46 die
1220 2875 145 48 unſere

168 2933 331 51 Veranſtaltung
541 2933 61 43 im
643 2933 208 50 Vorjahre
880 2934 83 43 und
994 2935 110 50 ſchon
1145 2941 76 37 vor
1266 2932 99 52 zwei

171 2991 172 52 Jahren
384 2994 40 49 ſo
465 2991 208 54 vielſeitig
713 2993 112 49 fand,
880 2992 78 44 wie
1011 2993 228 50 mündliche
1280 2992 86 42 und

172 3050 233 51 ichriftliche
464 3049 282 53 Außerungen
832 3052 238 52 zahlreicher
1158 3051 208 50 Beſucher,

173 3109 206 43 darunter
421 3110 155 50 jolcher
611 3115 81 37 aus
726 3110 141 43 weiter
899 3111 145 51 Ferne,
1105 3110 263 50 bekundeten.

175 3168 92 50 läßt
285 3173 85 38 uns
392 3169 152 50 hoffen,
563 3169 82 49 daß
665 3169 120 50 unſer
805 3170 227 50 Beſtreben,
1053 3170 68 46 die
1139 3171 227 49 Grazer

173 3226 389 51 Herbſtmeſſe
588 3226 151 45 immer
765 3228 113 50 mehr
905 3230 83 43 und
1014 3232 117 48 mehr
1156 3242 50 40 zu
1231 3229 137 44 einem

176 3287 158 48 großen
362 3285 352 52 alpenländiſchen
742 3286 113 51 Zeſte
880 3291 346 50 auszugeſtalten,
1256 3288 113 43 keine

176 3344 304 50 Geanerichaft.
537 3346 175 49 ſondern
743 3345 197 51 vielmehr
971 3350 282 49 allenthalben
1287 3349 81 41 tat⸗

180 3401 181 51 kräftige
401 3403 84 43 und
525 3404 371 50 verſtändnisvolle
933 3407 247 53 Förderung
1224 3406 143 51 finden

178 3461 149 43 werde.
385 3462 68 51 Jn
499 3462 129 51 dieſer
676 3463 146 50 frohen
854 3464 226 55 Zuverſicht
1116 3467 138 52 ſtellen
1288 3465 81 44 wir

180 3519 122 50 heute
337 3518 91 46 eine
460 3518 119 47 Bitte
612 3533 58 32 an
717 3521 79 45 alle
818 3522 113 49 Leier
978 3526 196 53 dieſer
1210 3524 161 50 „Mit.

179 3577 350 53 teilungen?,
590 3580 93 44 eine
719 3581 188 52 herzliche
942 3585 130 51 Bitte,
1138 3585 66 45 die
1241 3584 129 51 dahin

182 3636 109 50 geht.
318 3643 86 38 uns
430 3650 50 39 zu
489 3639 297 52 unterſtützen,
813 3640 66 45 die
904 3643 264 53 Herbſtmeſſe
1194 3643 177 45 bekannt

178 3706 56 57 zu
250 3696 161 49 machen
431 3697 84 43 und
535 3709 94 39 zum
647 3700 170 50 Beſuche
834 3703 253 52 anzueifern.
1109 3704 107 50 Auch
1237 3701 133 46 bitten

177 3759 100 44 wir,
299 3759 86 39 uns
412 3755 46 44 in
485 3756 69 44 der
580 3757 411 57 Verbreitung
1017 3764 98 44 der
1142 3762 229 44 Mauer⸗

180 3813 266 52 anſchläge
460 3815 260 52 behilflich
756 3829 50 39 zu
840 3818 97 53 ſein,
972 3829 85 39 uns
1094 3820 275 54 mitzuteilen.

1157 565 204 53 Handels⸗

1425 334 66 36 wo
1521 324 68 46 die
1619 325 309 52 Blakatterung
1957 323 279 52 ungenügend
2267 323 99 44 oder
2396 324 220 54 ungünſtig

1427 386 64 52 iſt,
1518 385 88 45 und
1633 390 88 39 uns
1748 397 55 40 zu
1828 386 127 43 deren
1979 384 303 51 Verbeſſerung
2311 383 82 44 mit
2420 384 88 45 Kat
2536 386 82 44 und

1426 445 88 45 Tat
1538 444 269 52 beizuſtehen.

1452 504 189 50 Unſer
1661 502 127 47 Dank
1809 503 72 51 für
1902 502 89 51 jede
2010 500 331 53 Mübewaltung
2362 513 53 41 zu
2437 501 181 51 Gunſten

1429 563 72 43 der
1540 565 128 49 guten
1704 562 135 51 Sache
1858 562 67 51 iſt
1961 562 135 52 jedem
2130 562 196 43 wackeren
2352 560 267 48 Mitarbeiter

1431 618 129 61 ſicher.

1833 680 84 44 Die
1946 679 182 53 Leitung
2157 678 76 45 des
2262 679 206 45 Vereines

1864 738 188 54 „Grazer
2084 736 306 54 Herbſtmeſſen.

1658 799 196 53 Ranzlei:
1882 800 141 51 Graz.
2046 798 248 52 Hauptplatz
2323 798 41 51 8,
2397 799 38 43 1.
2465 797 131 46 Stoc.

1428 916 1200 208 —JJJ

1512 1155 146 92 mit
1720 1152 298 108 halbem
2080 1151 472 131 Fahrpreis!

1429 1307 195 48 (einfache
1640 1307 233 47 Zahrlarte
1886 1307 76 46 fuͤr
1975 1306 69 39 die
2057 1305 137 47 Fahrt
2210 1305 97 46 nach
2318 1305 117 47 Graz
2452 1306 93 44 auch
2560 1304 71 47 fůr

1428 1367 69 39 die
1517 1367 219 47 Rückahrt
1767 1368 82 38 mit
1875 1366 248 45 beliebigen
2145 1366 323 55 Berionenzuge
2491 1364 138 45 giitic)

1829 1437 84 55 ſind
1942 1437 195 56 anlaͤßlich
2165 1437 71 46 der

1430 1492 271 105 Grazer
1720 1516 528 76 —
1981 1510 72 86 —
2060 1510 29 86 ⏑
2196 1510 72 86 —⏑
2267 1534 22 44 ⏑
2353 1520 158 70 —
2512 1514 122 76 —

1764 1605 45 45 in
1838 1603 178 56 Ausſicht
2044 1616 260 60 genommen:

1432 1698 210 57 Auſjee:
1669 1705 91 43 20.
1789 1704 73 41 27.
1882 1699 244 56 September
2155 1699 85 46 und
2269 1704 42 41 4.
2332 1698 183 48 Oktober.

1432 1757 412 60 Siſichofshofen:
1864 1764 89 44 20.
1974 1765 72 38 27.
2067 1758 240 56 September
2337 1772 41 32 u.
2398 1767 42 35 4.
2456 1755 179 49 Ottober.

1433 1819 188 49 Bruck:
1661 1825 89 44 20.
1790 1823 89 47 22.,
1919 1823 89 49 24.,
2048 1822 90 49 27.,
2177 1823 74 39 28.
2281 1817 240 57 September
2557 1815 78 45 und

1531 1885 51 44 1.,
1613 1883 42 40 4.
1679 1878 183 47 Ottober.

1436 1936 131 52 Cilli:
1577 1937 136 55 1o.
1740 1942 101 53 20..
1859 1934 92 55 22.
1979 1934 105 55 24.,
2098 1941 91 47 27.
2209 1942 71 39 29.
2300 1936 241 57 September
2559 1933 77 46 und

1530 2003 53 46 I.,
1613 2001 41 39 4.
1674 1997 182 47 Oktober.

1437 2054 305 59 Friedberg,
1788 2054 283 58 Sartberg.
2115 2053 262 59 Fehring:
2407 2059 104 45 20.,
2551 2056 85 48 24.

1457 2121 140 38 27.
1617 2116 240 54 September
1886 2120 81 40 und
2006 2122 50 45 1.,
2089 2121 42 39 4.
2150 2115 182 46 Ottober.

1438 2172 417 59 Klein⸗Reifliug
1871 2199 49 6 —
1924 2173 272 59 Selzthal:
2217 2180 88 46 20.
2321 2178 69 40 27.

1528 2234 81 45 und
1641 2240 41 38 4.
1702 2234 182 46 Okiober.

1441 2291 231 58 Koͤflach:
1720 2299 88 47 20.
1867 2298 90 48 23.,
2017 2298 88 48 27.,
2166 2298 72 39 30.
2272 2292 241 57 September
2561 2290 77 45 und

1532 2356 41 39 4.
1595 2352 181 45 Oktober.

1442 2408 227 50 Leogen:
1707 2416 77 46 19.,
1814 2416 88 43 24.
1932 2416 72 39 27.
2025 2409 240 55 September
2293 2412 83 46 und
2402 2417 43 38 4.
2465 2409 173 49 Oktober.

1444 2467 316 58 Klagenfurt
1800 2466 130 49 über
1967 2469 301 58 Marburg:
2309 2475 71 41 24.
2406 2462 153 71 Septem
2558 2462 78 71 ber

1533 2529 78 44 und
1647 2534 36 37 1.
1705 2528 181 47 Oktober.

1443 2581 379 69 Mauterndori
1847 2581 285 69 —Muran:
2174 2593 88 49 20.,
2301 2595 73 40 27.
2404 2587 235 59 September

1531 2649 79 43 und
1643 2652 40 39 4.
1705 2649 183 45 Oktober.

1443 2705 413 60 Mürzzujchlag:
1887 2712 88 49 20.
1994 2713 88 47 22.,
2103 2712 89 48 24.,
2212 2713 88 47 27.,
2321 2713 70 40 29.
2408 2705 235 60 September

1533 2772 81 40 und
1652 2773 50 45 l.
1732 2772 43 39 4.
1795 2767 184 47 Oktober.

1444 2824 268 60 Salzburg
1738 2824 131 50 über
1888 2824 414 61 Biſchofshoren:
2332 2832 90 49 20.
2448 2831 72 41 27.
2539 2826 103 54 Sep⸗

1535 2886 145 45 tember
1710 2888 82 43 und
1825 2891 39 39 4.
1885 2886 204 47 Oktober.

1445 2943 582 63 nnzmarkt
1732 2936 51 76 —
1789 2943 238 63 Leoben:
2068 2952 92 46 20.,
2198 2952 71 40 27.
2288 2945 240 59 September
2567 2940 77 48 und

1533 3010 40 38 4.
1595 3004 185 47 Oktober.

1444 3061 196 60 Villach
1673 3060 129 52 über
1822 3064 228 51 Leoben:
2084 3071 87 48 19.,
2194 3070 98 50 24.,
2319 3071 72 40 27.
2411 3059 234 63 September

1535 3126 79 43 und
1647 3128 41 38 4.
1709 3124 183 47 Oktober.

1445 3179 167 71 Beis:
1643 3188 88 47 20.
1750 3189 90 47 24.,
1859 3189 75 40 227.
1953 3184 242 56 September
2224 3185 83 47 und
2330 3190 57 47 L-
2407 3189 40 41 4.
2469 3180 177 51 Ottober.

1445 3241 178 48 Wien:
1658 3247 83 47 19.,
1771 3248 72 41 26.
1861 3245 243 55 September
2133 3245 85 46 und
2249 3251 41 39 3.
2311 3244 184 47 Oktaber.

1446 3299 171 48 Wies:
1639 3306 87 45 20.,
1746 3308 90 46 23.,
1854 3308 90 47 27.
1963 3310 72 38 30.
2048 3305 242 53 September
2308 3306 83 45 und
2413 3309 41 39 4.
2466 3297 178 52 Oktober.

1446 3359 301 58 Solisberg
1778 3359 131 52 über
1927 3361 260 62 Zeltweg:
2217 3370 89 48 24.
2325 3369 75 43 27.
2415 3361 233 60 Septemdet

1537 3420 80 45 und
1648 3425 43 39 4.
1711 3421 182 47 Oktober.

1646 3501 117 59 Zie
1800 3518 270 56 genauen
2104 3506 350 71 Fahrpläue

1449 3583 62 46 de
1559 3583 93 70 c
1699 3586 63 47 die
1806 3589 255 71 Ermittlang
2101 3592 75 45 des
2218 3590 316 58 Auſchlußzuges
2574 3592 75 38 van

1450 3641 140 73 ——
1598 3644 159 71 —
1793 3645 145 62 —
1965 3648 437 59 ——
2523 3644 126 57 —

1449 3704 271 69 ermöglichen,
1769 3708 216 55 ericheinen
2032 3711 47 44 in
2128 3711 68 45 der
2242 3710 176 52 naͤchſten
2460 3709 190 46 Rummer

1449 3762 125 54 dieſer
1594 3764 349 61 Mittellungen
1919 3755 39 76 /
1962 3768 84 47 und
2071 3768 114 57 durch
2213 3769 250 58 affentlichen
2480 3763 171 57 Anſchag

1829 3839 55 34 an
1913 3827 76 48 ben
2015 3829 254 58 Bahnhöfen.

2502 2170 138 48 tember
