5177 6938
5 114 129 66 —
144 127 140 59 —

0 215 48 31 —

0 775 96 78 llel

5 878 88 39 gefie⸗

0 926 15 23 f
43 922 50 36 zu⸗

252 260 168 44 Miltwoch.
444 236 134 69 den
541 229 41 80 E.
592 233 135 58 Jner
754 250 89 41 i.

372 787 560 57 Perſonalnachrichten

253 858 63 32 Der
342 853 181 39 Primarius
549 853 52 32 der
626 850 217 44 chirurgiſchen
861 848 165 43 Abteilung
1051 849 53 47 des

218 895 139 42 Spitales
384 901 60 25 von
470 892 189 41 Breſſanone
686 891 47 40 Ee
801 889 148 48 Ruggero.
975 890 129 40 Broglio

0 958 92 32 inen.

4 1001 22 28 t
40 998 53 32 des

0 1038 93 39 ttigfte

0 1086 89 32 aung,

1 1118 92 39 ezeigt

3 1155 90 35 kannt

0 1236 94 39 ſog.

0 1284 11 23 r
38 1279 56 29 mit

39 1318 55 30 mit

0 1363 30 28 r,
62 1356 32 38 iſt
150 1364 1 27 1

0 1390 93 49 iſen⸗

0 1429 93 46 ſchna⸗

6 1482 87 25 man⸗

3 1514 90 32 die⸗
148 1518 10 44 f

0 1561 92 32 agen.
113 1550 40 47 1

0 1592 92 33 Laͤnd⸗

0 1632 17 44 ß
43 1634 48 32 ein

0 1673 91 33 Kran⸗

11 1711 81 40 ſelbſt

15 1752 76 32 wird

25 1792 65 32 dem

4 1831 23 44 “
26 1826 63 49 ge⸗

0 1872 89 31 nder

3 1910 85 33 einen

0 1950 88 41 nütig

0 1989 87 38 ſchna⸗

0 2029 86 33 inden

0 2068 85 40 dings

0 2110 84 31 ab⸗

0 2149 80 37 igeht

14 2196 74 24 wer⸗

0 2227 88 40 chlich

0 2263 85 56 ſicher

2 2309 82 31 eimi⸗

3 2347 83 40 erlich

0 2424 84 36 erten

0 2467 84 32 nders

0 2506 83 38 gkall

1 2546 80 71 —

0 2588 83 31 legt

0 2595 82 63 a

1 2663 40 37 fte
67 2667 18 29 2

3 2713 81 23 aus⸗

21 2753 59 24 von

0 2783 80 43 ferſt

0 2823 26 38 ſt
52 2823 31 32 in

0 2865 20 30 t
44 2872 33 23 es

0 2901 82 33 Tan⸗

0 2950 82 24 mm⸗

0 2982 80 37 rbei⸗

0 3020 80 38 han⸗

0 3062 78 37 lten.

0 3101 78 31 iabel

0 3140 77 36 ichen

25 3188 52 23 an⸗

0 3219 76 37 hfelt.

3 3258 72 38 tlich⸗

15 3299 59 31 und

16 3338 59 37 hat,

0 3385 75 32 grau

16 3457 57 39 —

9 3504 64 41 der

9 3575 62 33 tönt

14 3615 57 32 wie

0 3654 71 40 ckruf

8 3734 61 32 und

11 3783 58 23 aus

0 3814 68 31 oder

0 3853 67 32 oder

0 3888 68 79 ſgen

0 3971 29 36 l.

2 4056 99 50 iſch,

3 4115 59 32 —

0 4405 59 32 tea⸗

0 4564 56 33 —

0 4605 55 31 lat⸗

0 4644 55 39 zei⸗

0 4684 54 38 ich⸗

0 4838 52 48 Die

0 5251 38 18 li

0 5333 39 26 er⸗

4 5378 35 24 en

2 5422 36 25 en

0 5456 39 33 30

0 5510 40 24 n⸗

0 5546 35 33 ur

0 5598 35 24 en

0 5643 32 23 D

5 5686 29 24 er

0 5725 31 28 ed

0 5764 32 34 ie

4 5808 27 39 ch

0 5862 30 24 en

3 5896 27 41 ch

167 5573 101 39 Rag.
295 5572 127 34 Danillo

217 937 50 40 Jat
275 923 45 58 in
334 932 114 39 dieſen
475 933 107 40 Tagen
609 939 41 24 an
676 931 53 32 der
755 930 55 40 egl.
829 927 206 50 Unverſität
1043 937 60 39 von

216 977 103 33 Komg
345 972 57 32 mit
428 971 217 47 vorzüaͤlichem,
661 968 121 42 Erfolg
807 968 47 33 die
869 970 158 47 Brütung
1054 968 51 41 für

218 1018 54 32 den
297 1012 155 40 Lehrſtuhl
478 1012 52 35 der
555 1010 153 41 tuͤniſchen
731 1009 163 41 Chirurgie
919 1010 147 41 abgelegt.

255 1053 110 40 Unſere
389 1048 238 46 Glückwuͤnſche!
998 1091 17 10 ——

441 1166 124 56 vom
601 1155 231 76 Aathaus

291 1244 197 41 Anmeldung
512 1244 54 33 des
583 1243 177 40 Verkauies
785 1251 60 26 von
872 1236 151 56 Samenöl

253 1295 80 33 Vom
353 1293 146 41 Rathaus
520 1290 78 36 wird
619 1291 214 42 mitgeteilt:

253 1334 57 56 Die
319 1334 152 56 vnhaber
491 1350 62 24 von
573 1340 173 40 Geſchäften
766 1340 62 34 und
849 1338 199 48 Magqinen,
1069 1343 32 25 in

217 1386 93 31 denen
330 1381 154 33 Sairienoͤl
502 1389 70 32 zum
591 1380 133 35 Verkauf
744 1380 134 42 gelangt,
913 1374 65 44 fund
998 1375 102 40 gufge

217 1421 120 43 fordert,
357 1421 42 33 im
417 1421 155 40 Nathaus.
590 1416 165 81 Kenzfdiß
775 1420 138 43 Zinimer
929 1418 49 38 Vr
995 1416 29 46 6.
1041 1422 64 32 don

350 1461 63 32 und
430 1460 39 32 18
499 1460 45 32 8
566 1459 63 40 Uhr
667 1460 47 32 die
732 1459 154 33 Bolletten
916 1454 186 41 abzuholen.

215 1502 54 34 mit
310 1501 96 32 denen
448 1500 46 33 die
517 1500 195 40 Anmeldung
755 1500 53 32 des
831 1494 168 41 Verkaufes
1028 1502 80 34 von

215 1540 153 35 Samenöl
391 1540 50 38 für
463 1538 78 33 1934
564 1539 137 43 beſtätigt
723 1538 77 33 wird

609 1599 18 19 e
650 1599 19 19 Ee
687 1598 26 18 4
742 1607 3 1 —
871 1605 2 2 .

216 1638 135 43 Zinsfuß
370 1638 51 41 für
440 1638 152 41 Darlehen
612 1639 51 32 der
683 1637 90 40 Caffa
792 1634 131 41 Depoſiti
944 1642 16 24 e
979 1631 123 43 Preſtiti

607 1674 103 49 Roma
1036 1683 5 9 ·

255 1727 68 34 Wir
345 1727 98 40 haben
466 1726 150 41 ſeinerzeit
639 1724 168 41 mitgeleilt,
829 1722 72 47 daß.
912 1722 37 32 ab
972 1720 28 34 1.
1022 1720 79 35 Jän⸗

217 1776 53 26 ner
287 1767 77 32 1og4
382 1766 52 41 der
449 1775 37 32 zu
505 1765 194 35 entrichtende
717 1762 137 46 Zinsfuß
872 1762 50 71 e
939 1760 130 79 —1

215 1809 45 31 die
280 1806 47 33 bei
346 1806 185 41 Sparkaͤſſen
551 1811 237 37 aufgenommen
808 1809 132 30 werden,
958 1802 56 31 mit
1047 1799 56 45 ünf

216 1848 134 40 Prozent
367 1846 151 41 feſtgeſetzt
535 1845 114 33 wurde.
772 1882 6 8 .

253 1885 209 40 Berichügend
489 1886 64 31 keilt
579 1892 62 23 uns
668 1883 46 31 die
740 1881 155 33 Direktion
915 1879 60 48 der
999 1879 101 41 Spar⸗

216 1926 72 40 kaſſe
308 1925 61 33 von
388 1914 140 58 Bolzano
540 1923 73 38 mit,
633 1921 59 41 daß
713 1914 60 58 ſich
777 1921 62 32 das
860 1919 163 48 bezügliche
1043 1918 58 32 De⸗

216 1967 59 31 rrel
296 1966 52 32 des
364 1961 347 43 Finangminiſteriums
733 1959 214 40 ausſchließlich
968 1967 61 36 nur
1049 1955 54 41 auf

213 2005 164 39 Darlehen
402 2003 237 43 aujgenommen
663 2001 47 32 bei
734 2001 51 31 der
809 1998 130 40 Caſſo
963 1998 138 47 Dep.o—

215 2039 516 46 fitiereffitidiRoma
749 2039 112 42 bezieht
878 2038 62 49 und
958 2037 50 41 ſich
1026 2035 76 40 nicht

215 2076 54 52 auf
275 2083 70 33 die
354 2082 187 42 Sparkaſſen
561 2080 334 44 erſtreckt.

216 2158 205 53 Weizenmehi
448 2160 62 42 und
534 2159 215 47 Weizengries
777 2174 61 25 aus
866 2165 67 33 dem
962 2148 144 56 Ausland

215 2211 75 43 mußz
311 2210 55 33 mit
382 2209 200 48 inländiſcher
603 2207 189 41 Produktion
813 2204 152 41 vermiſcht
985 2203 122 45 werden

247 2269 64 33 Die
339 2268 164 40 „Gazzetta
530 2265 158 40 Ufficiale“
717 2273 70 24 vom
814 2264 28 32 3.
870 2263 46 32 d8.
943 2260 162 49 veröffent⸗

215 2309 64 39 licht
309 2307 49 33 ein
388 2308 54 39 kal.
472 2305 304 42 Geſehdekret,
701 2298 95 54 nach
804 2303 150 37 welchem
971 2302 134 38 Weizen⸗

213 2349 82 38 mehl
315 2347 72 34 und
401 2346 216 41 Weizengries.
639 2345 45 32 die
707 2353 60 23 aus
788 2344 68 31 dem
877 2342 144 33 Ausland
1043 2340 66 31 ein⸗

215 2388 120 40 gefuͤhrt
361 2377 132 58 werden,
507 2386 66 32 mit
588 2377 224 58 Weizenmehl,
820 2382 91 39 relv.
937 2381 97 40 -griez
1059 2379 45 33 in⸗

215 2426 172 40 lündiſcher
408 2427 183 39 Erzeugung
624 2423 134 40 gemijcht

214 2507 105 39 diſchel
341 2506 188 39 Produktſon
532 2494 108 56 nicht
646 2494 92 56 höher
758 2503 33 38 iſt
812 2501 49 31 als
882 2502 62 31 der
961 2508 63 25 dom
1045 2498 59 33 Ge⸗

215 2534 52 56 fetß
276 2534 66 56 Rr.
360 2546 63 31 723
440 2553 76 25 vom
539 2544 48 31 Io.
609 2543 81 34 Zuni
702 2542 85 33 i931
806 2540 59 40 für
874 2540 60 32 die
956 2538 151 47 Vermah⸗

780 2582 57 32 das
863 2580 56 33 mit
944 2579 28 32 4.
998 2579 61 32 ds.
1072 2586 32 23 in

214 2588 75 38 lung
318 2586 160 39 geſtattete.
524 2584 67 32 Das
612 2583 123 36 Dekret,
901 2620 6 7 i

213 2626 91 40 Kraft
335 2615 133 55 getreten
484 2615 78 55 iſt,
571 2615 149 55 beſtimmt
734 2615 135 55 ferner,
880 2619 45 33 die
944 2619 159 47 Normen.

214 2666 46 31 e
289 2673 61 24 don
378 2665 57 32 den
462 2663 223 39 Jmporteuren
714 2659 189 47 einzuhalten
931 2659 78 40 ſind.
1041 2657 62 32 und

213 2705 46 32 die
287 2703 302 40 Strafmaßnahinen
619 2708 95 34 gegen
741 2697 324 43 Zuwiderhandelnde.

382 2759 244 48 Lotieria
647 2766 30 32 di
700 2755 129 50 Tripoli.
1034 2799 60 13 u

241 2818 84 38 Loſe
362 2816 50 33 ſind
438 2816 79 38 beim
529 2806 148 54 Komitee
702 2813 53 32 des
778 2812 79 36 Jtal.
871 2811 111 33 Roten
1005 2810 97 34 Kreu—

213 2866 60 30 zes,
297 2858 150 37 Bolzano,
465 2856 119 38 Piazza
609 2854 47 32 del
681 2853 108 33 Grano
814 2851 64 39 24.
895 2851 61 38 St.
973 2847 59 62 von
1064 2849 39 31 10

212 2898 50 34 bis
286 2897 40 32 12
349 2896 64 40 Uhr
437 2894 162 42 erhältlich.

517 2936 122 28 —
640 2945 94 10 —

210 2993 286 77 Spenden
508 3000 98 69 fũr
631 2998 97 56 die
745 2990 358 75 Winterhilfe

230 3073 77 38 Die
326 3077 203 42 Angeſtellten
548 3075 51 35 der
618 3076 151 43 Eſattoria
789 3072 197 43 Provineiale
1004 3071 98 41 haben

211 3119 58 32 den
292 3118 202 43 Hilfswerken
518 3118 51 31 der
593 3116 108 42 Partei
724 3113 207 41 nachftehende
954 3111 148 49 Spenden

210 3157 208 41 überwieſen:

241 3205 227 40 Applano:
496 3203 203 34 Valentinotti
716 3202 143 41 Stefano
878 3200 43 34 L.
946 3200 81 46 5585:
1047 3198 54 54 Oß

210 3245 82 35 Jnes
311 3245 81 37 260;
413 3244 139 40 Moſchen
570 3242 178 43 Aleſſandro
768 3242 27 32 4.

220 3284 241 39 Bolzano:
478 3283 100 40 Prati
602 3282 107 32 Mario
733 3281 34 32 L.
790 3280 101 38 18.40:
903 3278 198 40 Viſintainer

943 3315 38 50 Oß5
1005 3318 96 70 —

1086 3364 15 23 e

211 3315 169 54 Giovanni
387 3323 92 37 150:
520 3321 124 41 Piſetta
673 3319 110 44 Enrico
813 3320 91 45 3.86.
1048 3357 7 7 e

210 3365 112 37 Pietro
339 3363 82 37 480;
444 3362 121 39 Tomdſi
589 3360 150 40 Giuſeppe
761 3360 81 37 3.40;
865 3359 94 32 Silvg
982 3359 90 38 Peric

209 3404 81 37 380;
318 3402 92 34 Madl'
437 3402 168 33 Giovanna
630 3401 80 36 250;
738 3397 165 41 Saſſudelli
919 3397 181 37 Enrica5:
1126 3395 49 32 Ult

209 3444 85 38 —
317 3442 109 32 —
489 3440 104 42 —
602 3440 146 40 —
746 3433 10 56 G
771 3439 132 46 —
923 3437 177 47 —

209 3481 79 40 ſchen
312 3471 136 54 Rachele
451 3481 99 39 256;
568 3480 85 39 Roſſi
676 3478 178 40 Sperandio
879 3477 79 38 6.90:
984 3475 118 41 Vichler

1167 1058 46 35 Jn
1252 1057 205 42 Anwendung
1496 1057 53 33 des
1588 1057 316 39 Miniſterialdekretes
1942 1066 71 25 vom

1129 1098 46 31 25.
1198 1097 128 33 Oktober
1348 1097 87 38 1933,
1475 1097 56 33 mit
1573 1096 66 32 dem
1661 1097 44 32 die
1727 1099 212 38 Neuordnung
1962 1099 52 31 der

1128 1137 389 40 Schulinſpekttonsbezirke
1542 1137 61 31 und
1629 1136 50 32 der
1703 1138 187 39 didaktiſchen
1914 1138 99 40 Zirkel

1129 1177 52 31 des
1201 1176 124 40 Reiches
1345 1177 172 40 genehmigt
1537 1176 114 36 wurde,
1671 1178 123 31 wurden
1814 1178 70 38 auch
1905 1178 31 31 in
1957 1185 55 24 un⸗

1129 1216 78 39 ſerer
1225 1216 138 40 Proͤvinz
1381 1217 98 39 einige
1497 1215 224 41 Aenderungen
1740 1217 158 40 getroffen.

1168 1257 56 31 Die
1249 1256 62 32 drei
1336 1255 308 39 Jnſpeklionsbezirke
1669 1263 58 25 öon
1752 1256 148 40 Bolzäno.
1944 1258 69 31 Me⸗

1129 1304 78 24 rano
1227 1296 61 32 und
1305 1295 188 40 Breſſanone
1513 1295 125 31 wurden
1676 1296 53 40 auf
1765 1298 72 37 zwei
1856 1297 158 39 reduziert,

1126 1336 66 36 und
1209 1343 83 31 zwar
1331 1336 172 31 verbleiben
1522 1335 197 37 Bolzano
1738 1336 60 31 und
1818 1337 195 31 Merano.

1129 1375 62 32 Der
1209 1375 105 40 Bezirk
1333 1375 187 39 Breffanone
1540 1374 55 32 mit
1613 1374 55 31 den
1687 1375 186 39 didaktiſchen
1893 1374 119 40 Zirkeln

1129 1415 197 39 Breſfanone,
1365 1414 148 37 Brunico,
1553 1414 118 37 Campo
1699 1414 110 37 Tures,
1848 1414 165 35 Dobbiaco,

1129 1454 156 39 Vipiteno,
1303 1454 61 32 Rio
1386 1454 30 32 di
1436 1453 142 40 Puſteria
1619 1453 124 33 wurden
1782 1454 68 32 dem
1888 1454 124 38 Jnſpef⸗

1130 1493 195 40 tionsbezirke
1363 1502 61 24 von
1442 1494 66 37 Bolzano
1521 1492 261 33 einverieibt.
1819 1494 69 39 Kgl.
1906 1493 106 40 Schul⸗

1131 1533 145 39 inſpektoͤr
1297 1534 75 31 Cav.
1393 1533 149 33 Riccardo
1565 1531 136 40 Dalpiaz.

1160 1573 66 38 Für
1242 1574 56 31 den
1314 1573 189 40 Schulbezirk
1520 1579 60 24 von
1598 1571 152 33 Megano
1763 1573 66 39 iſt
1846 1573 52 31 der
1915 1571 97 33 didak⸗

1130 1613 83 38 tiſche
1227 1612 138 33 Direktor
1382 1620 60 24 von
1459 1612 99 36 Lana,
1576 1611 74 32 Cav.
1668 1612 175 39 Coſtantino
1862 1613 150 38 Cologna,

1129 1652 56 32 mit
1190 1652 196 39 inſpektiven
1410 1650 191 41 Funktionen,
1644 1650 126 34 betraut.
1789 1661 21 32 .
1813 1651 117 37 Dieſem
1952 1651 60 40 Ve⸗

1129 1692 73 38 zirke
1245 1691 120 32 werden
1407 1691 96 39 aͤußer
1525 1691 58 31 den
1584 1684 207 51 didaktilchen
1805 1691 140 40 Zirkeln,
1966 1689 46 33 die

1131 1731 60 39 ihm
1212 1731 111 31 bereits
1345 1730 103 40 früher
1469 1728 196 40 angehörten,
1685 1732 68 38 noch
1774 1730 64 38 jene
1859 1738 61 24 von
1942 1729 70 40 Cal⸗

1130 1770 84 42 daro,
1235 1770 112 33 Laives
1369 1771 61 31 und
1452 1770 134 35 Terlano
1608 1770 212 40 angegliedert,
1835 1770 52 31 die
1909 1769 104 40 früher

1128 1818 68 30 zum
1235 1809 308 40 Jnſpektionsbezirke
1583 1807 137 40 Bolzano
1758 1810 153 39 gehörten.
1950 1809 63 32 Der

1129 1849 165 40 didaktiſche
1315 1849 138 32 Direktor
1475 1850 75 32 Cav.
1573 1847 107 33 Attilis
1700 1849 171 38 Menapace
1912 1848 106 40 behält

1129 1889 45 32 die
1194 1888 153 33 Direktion.
1386 1888 53 33 des
1478 1888 94 48 erſten
1591 1887 185 41 didaktiſchen
1795 1888 117 40 Zirkels,
1950 1896 61 24 von

1128 1929 138 38 Bolzano
1309 1928 62 32 und
1413 1927 188 34 übernimmt
1623 1927 47 32 als
1693 1928 163 39 Sipplent
1871 1928 70 37 auch
1965 1927 46 32 die

1130 1968 153 32 Diréktion
1304 1967 52 32 des
1376 1968 125 39 zweiten
1520 1966 128 40 Zirkels,
1668 1967 46 32 bis
1735 1967 89 40 dafür
1845 1967 49 33 ein
1914 1967 97 32 didak⸗

1131 2007 96 40 tiſcher
1245 2007 138 33 Direktor
1401 2008 133 32 ernannt
1553 2007 42 38 iſt.

1168 2047 62 32 Her
1249 2046 165 39 didaktiſche
1433 2046 100 40 Zirkel
1551 2053 61 24 von
1632 2045 273 41 Breſſanone.
1945 2045 66 39 Oi⸗

1559 739 29 61 —
1685 784 198 72 Schule
1920 785 119 57 und
2072 786 308 74 Unterricht

1130 873 558 117 Neuordnung
1721 873 136 84 der
1876 874 1051 105 Schulinſpektionsbezirke

1702 988 91 42 und
1819 988 77 43 der
1924 987 287 55 didaktijchen
2238 989 141 52 Zirkel

2080 1058 125 40 Diylom
2228 1059 29 31 3.
2280 1059 97 40 Rtllaſſe
2401 1060 53 32 mit
2478 1059 271 39 Bronzemedaille:
2791 1060 134 39 Aldoſſer

2041 1098 163 40 Vincenzo,
2244 1098 112 38 Lehter
2377 1100 30 31 in
2427 1099 94 33 Bulla
2542 1099 27 31 di
2592 1100 190 37 Caſtelrotto;
2823 1099 102 38 Aſcher

2041 1138 123 36 Enrico/
2182 1139 114 38 Lehrer
2314 1142 29 28 in
2364 1139 134 38 Ferrara
2517 1138 27 31 di
2562 1138 127 38 Braies:
2707 1139 217 37 Brandſtädier

2041 1177 105 35 Carlo.
2162 1178 113 38 Lehrer
2293 1179 29 30 in
2339 1179 141 34 Cermes:
2497 1177 155 32 Benedetti
2669 1179 129 35 Ameno,
2814 1178 111 39 Lehrer

2041 1217 31 30 in
2095 1217 151 36 Merano;
2271 1217 154 70 Ben
2447 1217 144 38 Virgilio,
2612 1218 110 38 Lehrer
2745 1218 31 31 in
2800 1218 124 37 Laives;

2040 1255 109 32 Bertol
2170 1256 105 36 Anna,
2296 1256 144 39 Lehrerin
2463 1257 30 30 in
2517 1257 134 37 Foreſta;
2694 1258 126 31 Cermak
2841 1258 83 31 Mal—

2041 1295 84 38 vina,
2142 1295 148 39 Lehrerin
2307 1298 31 30 in
2355 1297 98 37 Prato
2445 1291 62 48 all
2513 1295 124 37 Jſarco:
2655 1296 173 38 Chiocchetti
2846 1296 79 32 Bor⸗

2041 1335 72 36 tolo,
2154 1334 239 40 Zönendirektor
2433 1337 52 30 der
2506 1335 35 32 O.
2563 1336 40 30 N.
2625 1336 36 31 A.
2683 1336 24 34 8
2728 1335 39 32 R.
2790 1344 58 23 von
2871 1336 53 31 Si⸗—

2041 1374 122 37 landro
2186 1375 131 32 Concari
2340 1376 90 36 Elia,
2439 1375 111 37 Lehrer
2573 1375 30 31 in
2624 1376 145 34 Caldaro:
2793 1375 130 32 Condini

2040 1413 131 38 Bianca,
2190 1414 145 37 Lehrerin
2355 1416 31 30 in
2403 1413 71 34 San
2494 1414 99 36 Paolo
2612 1414 182 39 (Appiano):
2814 1415 110 38 Coraz⸗

2038 1453 68 39 zula
2147 1453 125 37 Emilio,
2311 1454 112 38 Lehrer
2444 1454 32 31 in
2498 1453 180 41 Oltrilarco;
2714 1455 116 37 Crepaʒ
2850 1453 74 32 Gia⸗

2041 1500 96 29 como,
2174 1492 184 38 didaktiſcher
2376 1493 137 32 Direktor
2531 1491 28 33 in
2578 1492 195 41 Monguelfo;
2812 1494 113 31 Cumer

2039 1531 114 37 Tullio,
2175 1531 114 39 Lehrer
2321 1541 20 23 in
2363 1532 128 36 Reneio:
2533 1532 127 40 Dalpiaz
2682 1532 110 39 Eligio,
2814 1531 111 38 Lehrer

2040 1571 32 31 in
2095 1571 154 40 Bolzano;
2275 1571 43 32 De
2342 1572 93 32 Clara
2461 1571 179 39 Francesco,
2664 1572 111 37 Lehrer
2799 1572 30 31 in
2853 1573 70 31 San

2040 1610 154 38 Candido;
2238 1610 114 39 Fabbri
2373 1611 119 39 Scipis,
2511 1611 203 41 didaktiſcher
2734 1611 137 32 Direktor
2894 1612 30 31 in

2040 1650 150 37 Merano?
2212 1649 92 38 Gluſe
2322 1646 115 42 Laura,
2455 1650 145 38 Lehrerin
2620 1651 30 31 in
2669 1651 146 36 Faldaro:
2835 1651 85 32 Mar—

2039 1689 121 40 tignont
2183 1689 150 37 Candido,
2355 1689 111 40 Lehrer
2490 1689 32 32 in
2543 1689 151 40 Bolzano;
2718 1691 117 31 Mottes
2859 1690 65 32 Vit—

2042 1729 89 37 tgrio,
2148 1729 115 39 Lehrer
2282 1729 30 32 in
2331 1729 106 37 Gries;
2476 1729 189 39 Perathoner
2683 1729 83 33 Gian
2784 1730 140 40 Battiſta,

2040 1767 113 40 Lehrer
2176 1769 32 32 in
2229 1768 110 33 Santa
2356 1769 132 40 Criſtina
2510 1768 182 41 Gardena).

2039 1859 108 59 Die
2167 1862 327 72 Bibliothek
2531 1863 95 63 der
2662 1863 264 65 „Dante

2083 1942 58 32 Die
2173 1941 250 41 Präſidentſchaft
2454 1943 54 31 des
2539 1943 153 33 Komitees
2725 1943 50 32 der
2809 1943 117 37 „Dante

2040 1981 171 41 Alighierit
2232 1983 65 31 teilt
2315 1983 65 37 mit,
2399 1984 58 39 daß
2476 1991 70 24 vom
2565 1984 28 31 1.
2612 1983 121 34 Jänner
2752 1983 37 32 ab
2809 1983 45 32 die
2873 1984 54 32 Bi⸗

2041 2022 127 47 bliothek
2197 2022 54 32 der
2279 2022 123 33 —
2528 2023 73 32 den
2629 2023 198 39 Mitgliedern
2874 2032 53 30 zur

2040 2061 186 47 Verfügung.
2250 2062 79 39 ſteht.
2352 2062 56 33 Die
2430 2062 168 39 Bibliothek
2621 2063 113 37 enthaͤlt
2756 2063 74 32 über
2852 2063 74 31 100

2957 892 30 30 in
3008 891 51 31 der
3079 890 144 39 Gazzetta
3246 889 135 39 Ufficial?
3401 892 55 31 Rr.
3477 893 64 34 296,
3561 894 127 30 mürden
3708 892 44 31 die
3773 901 72 30 qua⸗

2957 931 137 31 litativen
3122 929 220 40 Erforderniſſe
3370 932 50 29 der
3447 932 113 36 Weine,

2955 970 345 38 Reichsausfuhrmarke
3332 970 49 31 ins
3411 971 140 32 Ausland
3602 972 93 39 gehen

2955 1089 141 39 Ausfuhr
3122 1090 150 38 gelangen
3300 1088 87 35 kann,
3412 1090 72 44 muß
3510 1099 30 23 er
3566 1092 45 30 bei
3637 1091 51 31 der
3713 1090 131 39 Analhſe

2956 1128 135 39 folgende
3116 1129 170 32 Merkmiale
3311 1128 174 39 aufweiſen:

2955 1226 229 38 volumprozent
3212 1225 50 36 für
3290 1224 161 32 Rotweine
3478 1226 99 36 W10,
3604 1227 30 31 B
3661 1226 80 35 11.5:

2955 1304 171 31 Minimum
3153 1304 50 38 für
3228 1303 162 32 Rotweine
3416 1303 27 31 A
3470 1305 44 33 16.
3539 1305 29 32 B
3596 1307 44 33 19,
3666 1305 50 38 für
3742 1306 101 37 Weiß⸗—

2954 1383 171 32 Minimum
3153 1384 56 33 5440.

2954 1462 187 38 Maximum:
3165 1462 49 39 für
3235 1461 163 33 Rotweine
3418 1461 27 32 A
3466 1463 57 34 64,
3543 1463 29 32 B
3595 1464 55 34 1u0,
3670 1463 49 32 für
3740 1464 103 36 Weiß—

2953 1659 159 33 Rotweine
3137 1659 78 36 6.25,
3240 1660 49 39 für
3315 1659 186 38 Weißweine
3526 1660 75 32 0.25.

2991 787 343 54 Beſchaffeuheit
3362 789 76 43 der
3465 791 345 53 Ausjuhrweine

2962 851 99 31 Mit
3094 850 106 32 Dekret
3233 850 53 32 des,
3319 851 281 41 Regierungschefs,
3634 852 212 39 veröffentlicht

3607 933 45 31 die
3680 934 88 29 unter
3795 932 51 31 der

3747 971 99 38 ſollen,

2957 1010 87 34 ſowie
3066 1010 46 32 die
3133 1011 140 31 Normen
3296 1009 50 38 für
3368 1010 44 31 die
3433 1011 155 33 Kantrolle
3611 1011 157 35 beſtimmt.

2994 1049 106 32 Damit
3131 1049 47 32 ein
3212 1048 90 33 Wein
3334 1050 88 30 unter
3453 1049 49 32 der
3523 1051 220 37 Reichsmarke
3792 1058 54 31 zur

2973 1187 31 35 a)
3030 1184 164 39 Chemiſche
3219 1183 311 41 Zuſammenſetzung:
3556 1186 132 37 Nideſt
3699 1186 112 75 gronß

3808 1235 36 22 ür

2956 1264 184 38 Weißweine
3165 1264 80 37 U9,
3269 1264 29 31 B
3324 1263 50 35 11:
3399 1264 203 39 Extraltſtoffe
3627 1266 76 36 ohne
3727 1267 117 36 Zucker,

2956 1343 94 31 weine
3072 1343 28 31 A
3122 1344 46 36 16.
3190 1343 28 32 B
3242 1344 106 45 17550:
3366 1343 220 37 Gefamtfäurez
3612 1345 48 35 für
3682 1345 161 31 Ratweine

3259 1383 177 46 Maximum,
3466 1383 55 36 90,
3578 1384 47 36 „lür.
3655 1385 187 37 Weißweine

2955 1423 170 31 Minimum
3152 1423 57 35 546,
3236 1423 177 37 Maximum
3440 1423 59 33 8.0:
3547 1423 134 39 flüchtige
3727 1425 116 32 Säure,

2955 1502 94 31 weine
3074 1503 27 31 A
3126 1503 57 34 6.8,
3207 1502 30 31 B
3262 1502 62 35 0.49;
3370 1501 186 38 Rückſtände,
3581 1503 184 32 Minimum:
3794 1504 48 35 für

2955 1541 158 33 Rotweine
3136 1542 27 32 A
3186 1541 75 37 1.50,
3283 1541 39 31 B.
3346 1541 74 33 180,
3442 1541 47 37 für
3511 1542 185 37 Weißweine
3717 1544 27 30 A
3768 1543 75 36 1.20,

2954 1580 28 32 B
3014 1581 77 33 1.60:
3124 1580 136 39 Sulfate,
3292 1580 188 39 Maximum:
3515 1581 48 35 für
3594 1582 158 32 Ratweine
3786 1584 55 35 1.0,

2956 1620 48 36 jür.
3035 1621 186 38 Weißweine
3253 1620 60 37 1.40;
3374 1620 140 36 Chloride
3545 1622 186 39 Marximum:
3793 1623 49 38 für

2993 1716 61 32 Der
3077 1717 89 32 Wein
3188 1716 69 39 darf
3281 1716 101 39 ferner
3407 1716 77 31 keine
3509 1716 132 38 fremden
3666 1718 176 39 Farbſtoffe,

2955 1755 100 32 keinen
3078 1756 100 39 Zuſatz
3203 1764 61 24 von
3288 1755 221 39 mineraliſchen
3534 1757 138 35 Säuren,
3696 1766 58 24 von
3778 1759 63 32 An⸗

2954 1794 188 40 tifermenien
3173 1796 62 31 und
3266 1795 219 38 antiſeptiſchen
3515 1796 233 37 Beſtandteilen,
3797 1799 43 31 die

2955 1835 69 37 nach
3047 1835 54 32 den
3126 1835 134 38 Geſetzen
3286 1835 52 34 der
3361 1834 239 39 Einfuührländer
3624 1836 74 33 nicht
3721 1838 121 38 zuläſſig

2955 1874 70 38 ſind.
3049 1875 69 31 oder
3142 1875 123 40 ſonſtige
3290 1874 118 40 Zufätze
3433 1883 58 23 von
3516 1876 326 38 Fremdbeſtandteilen

2954 1914 226 36 enthalten.

2994 1962 55 32 Die
3074 1962 114 37 jeweils
3213 1962 91 43 unter
3330 1962 28 33 A
3383 1961 199 41 angeführten
3608 1963 119 39 Ziffern
3753 1964 90 39 bezie—

2955 2001 54 36 hen
3032 2002 47 38 ſich
3100 2003 52 38 auf
3173 2002 118 37 Weine,
3311 2002 46 32 die
3377 2003 213 39 zur-Ausfuhr
3611 2004 70 34 nach
3703 2006 139 35 euroväi⸗

2957 2041 85 37 ſchen.
3066 2042 85 38 ſowie
3175 2042 70 39 nach
3269 2042 57 32 den
3350 2051 39 23 an
3413 2042 56 32 das
3492 2044 186 32 Mittelmeer
3702 2045 61 30 und
3787 2045 56 31 das

2956 2081 155 39 Schwarze
3160 2082 91 35 Meer
3301 2083 186 36 grenzenden
3537 2083 306 39 außereuropäiſchen

1130 2087 95 32 rektor
1248 2086 115 33 Lucillo
1388 2086 112 39 Merci)
1525 2084 132 40 umfaßt:
1681 2085 196 40 Breſſanone,
1901 2086 110 39 Luſon,

1129 2125 197 41 Mezzaſelva,
1345 2126 94 32 Sant
1460 2125 124 33 Andrea
1606 2124 31 32 in
1658 2126 117 36 Monte,
1795 2126 119 32 Varna.

1167 2166 99 40 Firkel
1281 2174 60 23 von
1357 2165 213 39 Vipiteno
1588 2163 147 42 Oirektor
1750 2165 115 39 Lueillo
1882 2165 127 38 Merci):

1130 2206 152 39 Vißiteno,
1321 2205 172 40 Brennero,
1532 2204 118 39 Campo
1670 2204 27 32 di
1717 2205 110 37 Trens,
1866 2204 146 36 Racines,

2039 2101 121 37 Bände,
2186 2100 63 33 und
2274 2110 83 30 zwar
2382 2102 115 39 Bücher
2523 2102 236 39 belletriſtiſchen,
2785 2103 141 40 geſchicht⸗

2040 2141 91 35 lichen
2154 2142 62 32 und
2239 2141 279 39 wiſſenſchaftlichen
2540 2141 154 39 Jnhaltes.

2079 2179 57 34 Die
2156 2180 171 39 Bibliothet
2348 2182 33 31 in
2400 2181 50 32 der
2470 2181 205 39 Spitalſtraßze
2694 2182 57 32 Nr.
2770 2183 19 30 2
2809 2182 117 39 Galaft

2040 2219 53 32 des
2117 2220 496 40 Reichsverſicherungsinſtitutes)
2637 2222 33 37 iſt
2692 2230 40 24 an
2755 2222 78 32 allen
2857 2222 69 32 Wo⸗

2939 2120 152 47 Ländern
3121 2122 149 37 beſtimmt
3297 2122 74 35 ſind:
3400 2122 44 31 die
3471 2123 88 31 unter
3585 2124 28 31 B
3640 2124 202 37 angeführten

2939 2159 131 46 ‚Ziffern
3102 2161 136 37 beziehen
3272 2161 50 39 ſich
3355 2162 53 44 auf.
3439 2162 115 32 Weine.,
3605 2163 45 31 die
3683 2164 69 38 üach
3785 2164 55 32 den

2957 2200 124 38 übrigen
3107 2201 142 32 Ländern
3278 2201 181 40 ausgeführt
3487 2204 129 30 werden.

807 2422 142 33 werden
978 2419 129 47 müſſen,

214 2467 63 33 und
300 2475 84 32 zwar
408 2466 112 37 derart
544 2465 58 39 da
627 2464 52 32 der
703 2461 186 41 Prozentjat
909 2469 44 26 an
978 2459 129 33 auslän⸗

1130 2246 60 33 Val
1211 2245 28 32 di
1255 2245 101 40 Vizze.

1167 2285 100 40 Zirkel
1284 2284 109 33 von
1406 2283 125 33 Brunico
1581 2282 192 40 (idaktiſcher
1792 2283 138 32 Direktor
1948 2283 62 32 Da⸗

1130 2324 64 34 vide
1207 2318 139 49 Auguſto
1364 2323 179 39 Dalbosco):
1562 2322 145 39 Brunico,
1722 2323 112 37 Badia,
1850 2323 161 40 Marebbe,

1129 2365 115 40 Perea,
1253 2363 107 39 Rafun
1378 2362 168 37 Valdaora.
1564 2362 72 32 San
1653 2362 139 33 Martino
1811 2362 31 32 in
1859 2362 115 32 Badia.

1167 2403 98 40 Zirkel
1285 2411 60 23 von
1365 2402 80 32 Rio
1466 2402 38 32 di
1524 2401 197 40 Buſteria
1742 2402 196 37 Eidaktiſcher
1958 2400 52 33 Di⸗

1129 2445 96 30 reklor
1243 2442 117 40 Davide
1380 2442 134 39 Auguſto
1534 2441 177 41 Dalbosco):
1731 2441 60 33 Rio
1803 2442 37 31 di
1860 2441 152 39 Puſteria,

1129 2483 140 39 Chienes,
1294 2482 121 39 Falzes,
1439 2482 76 38 Naz,
1539 2481 141 36 Sciaves,
1722 2481 71 33 San
1818 2480 136 44 Lorenzo
1979 2479 38 32 in

1129 2523 150 41 Püſteria,
1299 2522 142 36 Terento,
1461 2520 168 40 Vandoies.

1166 2562 98 40 Zirkel
1286 2569 60 24 von
1368 2561 157 37 Campo
1537 2559 148 41 Tures,
1726 2559 221 41 Geauftragter
1968 2560 42 31 di⸗

1128 2641 90 37 Gais,
1237 2641 98 32 Selva
1342 2640 59 31 dei
1420 2639 125 36 Molini,
1556 2634 96 53 Valle
1671 2639 132 43 Aurina.

1166 2680 99 41 Zirkel
1308 2688 61 23 von
1413 2678 159 41 Chiuſa
1636 2678 194 40 Udidaktiſchex.
1873 2678 138 33 Direktor

1128 2721 112 32 Ennlio
1262 2719 193 39 Widmann):
1477 2717 121 41 Chiufa,
1608 2713 184 61 Barbiano/
1792 2713 81 62 die,
1874 2712 126 63 Funes,

1127 2760 101 37 Tires,
1248 2758 170 35 Villandro.

1156 2799 100 40 Zirtel
1272 2806 60 25 von
1349 2798 222 33 Dobbigeo
1590 2796 219 44 Geauſtragter
1826 2796 184 48 didattiſcher

1126 2839 139 32 Direktor,
1306 2837 147 34 Gigeomo
1496 2838 143 38 CSxepas
1655 2837 200 38 Dobbiaco,
1868 2837 142 47 Braies,

1127 2877 194 41 Monguelfo,
1339 2877 71 34 San
1429 2877 149 39 Candido,
1606 2877 117 40 Seſto,
1740 2875 88 35 Valle
1847 2876 29 32 di
1896 2876 114 40 Cafies,

1116 2914 187 48 Villabaſſa.
1706 2928 50 8 u
1858 2920 130 43 —

1141 2958 124 40 Zirkel
1302 2965 74 24 von
1382 2955 166 40 Ortiſei
1589 2956 224 43 (eauftragter
1826 2955 184 40 didaktiſcher

1126 2998 138 32 Direktor
1303 2996 148 33 Lodovico
1492 2996 142 40 Donati):
1675 2996 104 38 Ortſei,
1819 2995 191 38 Caſtelrotto,

1127 3037 108 36 Laion.
1248 3037 106 40 Vonte
1374 3036 168 38 all'Jſarco,
1561 3036 105 33 Santa
1685 3035 140 40 Criſtina,
1844 3035 108 33 Selva.

1165 3077 98 37 Zirkel
1280 3085 60 23 von
1358 3075 415 40 CaldaroOidaktiſcher
1790 3074 138 33 Direktor
1945 3074 63 33 Ro⸗

1126 3117 80 36 dolfo
1226 3116 161 37 Bonenti):
1408 3116 153 42 Caldaro,
1572 3114 165 39 Appiano.

1164 3156 109 40 Zirkel
1282 3164 59 23 von
1353 3155 156 40 Lagun
1521 3155 47 31 do
1589 3154 225 39 (beauftragter
1825 3154 185 39 didaktiſcher

1126 3196 137 32 Direktor
1279 3195 101 32 Sante
1397 3194 147 39 Tomaſi):
1563 3193 159 40 Lagundo,
1738 3192 99 40 Moſo.
1853 3194 156 44 Naturnzo,

1126 3236 161 37 Pareines,
1307 3234 111 40 Plaus,
1437 3234 139 40 Rifiano,
1594 3234 71 32 San
1685 3233 159 35 Leonardo
1865 3233 32 32 in
1916 3233 93 40 Paſſ.,

1113 3271 127 48 Tixolo.
1487 3288 5 8 ·
1814 3304 3 2 ———

1162 3315 100 39 Zirkel
1283 3322 59 25 von
1363 3314 118 34 Lana
1522 3313 195 39 Oidaktiſcher
1738 3312 138 33 Direktor
1916 3312 91 40 Luigi

1116 3350 234 56 Erſſtoforetti):
1391 3348 97 49 Lana,
1500 3348 155 49 Eermes,
1660 3352 181 41 Marlengo,
1879 3352 129 40 Teſimö,

1179 3403 69 24 imo.

1124 3474 146 32 Direktor
1284 3473 106 40 Pietro
1413 3472 202 40 Corazzola):
1621 3472 134 38 Laives,
1761 3472 89 32 Nova
1863 3471 145 37 Lenante,

209 3521 159 33 Giovanm
383 3520 110 37 6
490 3507 145 57 Datfaß?
639 3518 184 39 Forunaio
848 3517 48 43 g:
902 3514 199 45 DJameletto
1124 3513 96 33 Nova,
1238 3513 152 44 Bonente.
1404 3512 124 40 Rengn,
1545 3511 145 45 Vadena.

209 3562 127 38 Fannn
348 3559 90 40 s.40:
456 3560 92 32 Krcal
569 3555 96 38 Giuos.
711 3553 19 37 a
731 3553 245 51 Baziauelia
1000 3550 100 41 Linda

207 3601 82 37 50;
313 3600 157 33 Moscötti
485 3599 109 33 Maria
598 3591 113 51 3.60:.
720 3597 94 39 Lenzi
827 3591 149 51 Edoarda
998 3595 101 36 10.90:

207 3640 113 34 Jancka
348 3639 111 39 Adolfo
487 3639 79 36 640;
596 3636 164 40 Muraglia
788 3635 103 32 Guido
918 3635 80 35 745:
1027 3633 60 39 Hof

207 3680 104 38 ſtaͤtter
338 3678 95 33 Carlo
461 3678 80 36 645:
570 3677 40 32 Di
637 3676 146 33 Valentin
811 3674 144 40 Ezechiele
983 3674 30 47 9;
1031 3673 69 47 Cis

208 3718 141 34 Erminio
370 3717 80 38 3.80:;
472 3717 182 32 Cordenons
662 3716 116 32 Ettore
799 3714 32 37 4:
853 3713 207 79 —

962 3762 13 23 el
1007 3761 91 30 Rag.

208 3758 112 40 ſabettg
351 3757 80 38 185:
456 3757 88 41 Pola
563 3755 156 42 Romang
748 3755 80 35 250:
879 3754 50 32 Mi

206 3798 142 32 Edoardo
370 3797 32 36 4:
425 3796 132 39 Chizzali
579 3794 284 40 Paolo
687 3787 57 52 5;
747 3794 116 40 Saller
884 3793 159 32 Mercedes
1058 3791 38 38 2.

205 3836 202 41 Braunhoker
428 3836 149 40 Giufeppe
597 3829 25 52 3.
619 3835 55 31 65.

214 3876 159 39 »Breſſ

194 3948 116 48 Alcide
323 3955 97 36 ·3.55:
450 3953 182 38 Reinſtaller
662 3952 125 39 Alfredo
816 3952 81 35 4.05:

204 3996 141 32 Santina
370 3994 81 37 3.65:
456 3987 215 55 Pitſcheider.
681 3987 150 55 Giuſeppe
855 3991 85 47 455:

224 4034 211 33 Bruntie
389 4026 56 55 o:
459 4033 73 32 Tait
554 4032 137 32 Silverio
714 4032 35 33 &.
772 4030 100 39 1040:
895 4032 78 37 Hört
996 4031 99 46 Fran⸗

204 4082 90 24 cesco
311 4074 80 35 b0:
415 4073 280 38 Virkl⸗Francesco
717 4072 81 36 480:.
821 4070 110 40 Tauſch
953 4070 141 48 Sigfrido

203 4114 81 37 480:
315 4113 159 32 Valenlini
503 4112 87 33 Livig
619 4112 54 37 4:
701 4110 146 40 Schloſſer
877 4111 108 32 Maxria
1014 4109 80 48 946;

202 4153 131 37 Zanella
354 4152 87 32 Livio
464 4152 79 36 6.60;
567 4151 125 32 Cattani
714 4150 150 34 Marcello
885 4150 31 38 4;
931 4150 163 39 Tomaſini

201 4192 80 33 Lino
304 4193 32 36 4
360 4191 152 33 Kaneider
535 4189 132 39 Rodolfo
690 4190 28 31 8.
1039 4211 45 19 —

220 4230 236 39 Caldaro:
454 4223 96 51 Tait
559 4230 158 33 Eriberto
743 4229 35 35 S.
803 4229 82 37 7.60;
912 4228 181 35 Deromedis

202 4272 104 32 Silvio
334 4271 81 36 qh5:
442 4269 469 37 Dona-SartoriBina
844 4264 91 57 803.
959 4268 133 47 Gabban

202 4311 108 39 Ceſare
336 4310 81 37 4.65;
439 4310 73 38 Hell
538 4309 126 33 Enrico
675 4309 81 37 150;
808 4308 129 39 Micheli
955 4308 136 33 Antonio

200 4351 78 32 1.50.

240 4391 159 38 Campo
427 4390 152 32 Tures:
627 4388 136 32 Varesco
790 4387 133 32 Vittorio
949 4388 35 33 &.
1010 4387 80 37 5430:

199 4428 90 41 Lang
316 4429 94 32 Cärlo
436 4428 31 38 4
495 4428 81 40 Roſa
603 4427 125 33 Valerio
754 4427 81 46 3.50;
850 4427 241 46 Mutſchlechner

200 4468 212 40 Ermanno2.

561 4502 100 48 Zorzi
700 4507 188 48 Francesco.
916 4502 47 47 L.
985 4506 104 51 585:

239 4507 282 41 Foſtelrotto:

197 4547 149 36 Wörndle
369 4546 64 35 Jda
456 4547 76 31 2.55.
863 4567 22 4 1
1038 4569 44 23 u

238 4586 132 38 Lang:
402 4586 141 39 Trentini
574 4584 102 43 Guido
688 4585 53 42 L.
771 4586 79 36 755;
883 4585 99 39 Pretti
1013 4585 77 32 Giu—

200 4626 84 41 ſeppe
302 4626 47 32 16.
352 4626 51 37 60:
423 4625 136 41 Lazzari
566 4625 137 43 Antonio
719 4626 34 38 4.
772 4625 135 38 Stofella
925 4624 79 34 Lina
1022 4625 68 32 2.35

237 4666 386 34 Malles,Venoſtg:
636 4665 161 40 Pergher
801 4660 124 55 Emilig
949 4664 35 34 L.
1007 4664 81 46 850;

197 4705 146 39 Apolloni
367 4705 91 38 Orfeo
481 4705 80 38 480:
584 4704 146 40 Brugger
751 4704 92 40 Luigi
865 4704 79 38 4.60:
968 4703 120 41 Potrich

196 4746 109 36 Mario
326 4744 31 38 4:
380 4744 161 41 Walnöfer
561 4744 158 34 Giovanni
741 4744 77 33 250.

236 4786 198 32 Merano:
463 4785 113 38 Puͤcher
603 4783 60 33 Gio
690 4784 96 32 Batta
812 4783 34 33 L.
872 4783 110 37 1140:
1000 4782 87 40 Groß

196 4824 101 42 Luigi
313 4823 80 38 9.25:
419 4823 108 40 Lezus
543 4823 143 42 Camilo
700 4824 81 37 5.65)
806 4823 116 33 Maier
938 4823 150 38 Giuſepye

196 4864 80 37 145;
306 4863 161 38 Marchett!
495 4863 112 34 Emilio
635 4863 80 37 735:
770 4863 91 42 Baur
888 4861 92 42 Luigi
1006 4861 80 38 6.60:

193 4903 156 40 Dorigatti
376 4903 107 32 Mario
510 4902 80 37 440:
638 4902 157 38 Spetaller
821 4901 133 40 Rodolfo
1001 4902 84 36 4.40:

196 4942 149 40 Vanzetta
375 4942 111 33 Enrico
514 4941 80 37 4.40;
626 4941 112 39 Oſſana
767 4941 99 40 Fabio
894 4941 94 37 440;
1005 4942 81 38 Fon⸗

195 4983 102 31 tanari.
330 4981 88 32 Otteo
448 4981 80 38 440:.
560 4981 202 40 Mühlberger
791 4980 95 44 Anna
915 4981 80 38 4.60;
1027 4981 58 33 Ca⸗

194 5021 116 40 vazzini
327 5020 105 34 Anna
460 5021 109 32 Maria
597 5020 79 40 2466;
724 5019 98 42 Buffa
850 5019 108 34 Giulia
1004 5019 80 37 2565;

194 5060 107 40 Vanzo
313 5054 215 50 Francesco
551 5060 80 37 3.90;
685 5060 163 33 Marmelli
894 5060 63 34 Jda
1001 5059 84 38 190;

193 5100 145 38 Schwarz
359 5100 144 38 Federieo
524 5099 95 37 4.05:
626 5094 97 50 Negri
745 5099 117 33 Arturo
883 5099 79 38 3.75;
986 5099 99 33 Gras⸗

193 5139 108 40 berger
325 5139 83 34 Jnes
453 5139 80 37 2.20:
584 5139 189 34 Ellemunter
800 5138 159 35 Giovanni
1003 5138 80 38 2.20;

192 5179 135 40 Staffler
345 5178 99 40 Luigl
470 5179 27 32 d.
506 5174 91 49 85.

230 5218 182 41 Ortiſei;
430 5218 126 41 Decarli
577 5217 111 37 Bruno
710 5218 34 35 L.
765 5217 81 39 540:
869 5217 117 35 Gentili
1007 5218 76 42 Car⸗

191 5258 30 32 lo
245 5258 82 36 3.50:
353 5257 151 40 Maraſchi
529 5257 135 35 Roberto
689 5258 28 33 3.

230 5297 39 33 S.
298 5297 211 33 Eandidd:
565 5297 153 38 Marocchi
746 5296 165 34 Domenico
940 5296 34 35 L.
1002 5297 80 37 8.55:

190 5336 141 34 Trentini
357 5336 97 38 Eliſeo
478 5337 80 38 4.66:
584 5335 90 35 Baur
698 5337 160 34 Giovanni
881 5336 81 39 408:
987 5335 110 42 Lifter!

189 5375 171 41 Jldegarda
388 5376 75 33 240.

228 5416 39 32 S.
292 5415 230 34 Leonardo
547 5416 31 33 in
604 5415 147 38 Paſfiria:
770 5414 110 42 Zadra
905 5415 72 41 Ezio
1001 5415 80 38 6.75:

189 5454 201 40 Mühlſteiger
416 5454 157 39 Giovanni
598 5455 77 32 4.66.

227 5494 236 33 Silandro:
515 5496 75 37 Hort
621 5493 158 37 Giovanni
810 5494 35 34 S.
860 5494 94 37 8.55:
986 5494 96 34 Leoni

171 5529 168 49 Giufeppe
361 5528 258 81 hvorſer
640 5534 173 39 Francesco
835 5534 81 39 5.90;
938 5533 143 42 Trentini

226 5612 249 40 Vipitens:
504 5612 99 35 „Kaute
633 5612 111 42 Adolfo,
774 5613 35 35 &.
838 5613 81 38 0:
950 5613 130 47 Caſazza

186 5652 158 72 —
369 5652 82 44 .60;
474 5651 123 34 Leitner
621 5652 94 34 Anna
738 5651 81 39 425:
844 5653 140 41 Noggler
1006 5652 72 34 Lii⸗

169 5701 67 31 gig
276 5716 56 8 4.2656.

222 5732 79 32 Total
336 5730 34 35 L.
392 5726 66 49 542.
461 5730 47 35 2.

223 5771 60 33 Ein
313 5770 107 39 halbes.
450 5770 142 47 Prgzent,
614 5771 53 36 der
697 5771 216 41 obgenannten
941 5771 137 43 Beträge

185 5809 33 42 iſt
238 5819 37 31 zu
295 5810 110 40 Laſten
426 5810 52 34 des
499 5810 230 40 Arbeitgebers.

231 5922 143 56 Autzſe
401 5924 73 51 für
502 5921 522 60 Arankenyflegerinnen

217 5983 68 33 Das
314 5983 176 40 italieniſche
517 5983 80 34 Rote
623 5982 99 39 Kreuz
750 5984 130 40 eröffnet
925 5985 47 34 die
1000 5984 72 33 Ein⸗

181 6022 288 40 ſchreibungen
401 6018 84 55 für
499 6023 63 44 den
576 6023 103 41 erſten
705 6022 88 47 Kurs
800 6018 73 55 jür
874 6023 199 46 freiwillige

177 6061 253 41 Krankenpflege.
479 6063 57 33 Die
567 6062 272 40 Einſchreibungen
870 6064 121 35 werden
1022 6071 51 25 am

177 6101 78 41 Sitze
275 6102 53 33 des
347 6101 156 36 Komitees
523 6110 51 27 am
592 6101 162 41 Kornplatz
773 6102 57 46 Nr.
849 6102 29 46 7.
887 6110 61 26 von
967 6104 38 31 10
1025 6102 48 33 bis

176 6140 38 41 12
243 6142 62 37 Uhr
334 6142 342 39 entgegengenommen.
724 6141 98 36 Zahei
870 6142 34 69 it
931 6142 53 34 der
1012 6142 60 33 Ge⸗

174 6180 194 39 burisſchein,
391 6189 71 25 aus
475 6182 67 33 dem
565 6180 272 41 hervorgeht,
774 6175 67 50 daß
860 6179 48 33 die
930 6180 141 40 Beſuche⸗

173 6220 50 46 rin
248 6220 57 34 das.
329 6220 47 43 A1.
400 6220 190 39 Lebensjahr
614 6221 121 39 erreicht
761 6220 58 36 und
831 6219 69 48 das
923 6219 48 35 40.
994 6220 77 44 nicht

174 6259 210 39 überſchritten
416 6260 61 40 hat,
528 6261 46 32 die
604 6259 396 47 Studienausweiſe,
917 6255 74 55 und
1013 6260 57 34 das

174 6298 135 40 ärztliche
333 6298 140 40 Zeugnis
499 6300 192 41 vorzulegen.
716 6301 45 35 Es
786 6300 34 41 iſt
844 6298 71 41 auch
938 6298 47 34 die
1009 6298 61 33 Be⸗

173 6338 149 41 ſuchstaxe
346 6346 36 29 zu,
409 6340 170 41 entrichten.
1030 6377 6 8 .

210 6378 57 33 Die
295 6377 241 38 Beſucherinnen
565 6379 52 33 des
645 6379 114 41 Kurſes
786 6379 116 42 müſſen
930 6378 138 41 Mitglie⸗

169 6416 53 34 der
246 6417 53 33 des
324 6415 103 34 Roten
452 6416 134 39 Kreuzes
612 6418 69 36 ſein.

208 6457 68 33 Das
302 6456 135 39 Diplom,
463 6456 56 33 das
545 6458 46 32 die
616 6457 241 41 Beſucherinnen
882 6458 72 38 nach
979 6458 87 33 been⸗

169 6497 97 33 detem
295 6497 95 35 Kurie
418 6496 146 38 erhalten,
612 6498 34 37 iſt
673 6507 62 25 von
762 6499 67 33 dem
856 6498 52 34 der
935 6498 131 41 Berufs⸗

169 6536 343 38 krankenpflegerinnen
539 6536 192 40 verſchieden.

168 6576 100 34 Wenn
290 6576 50 38 ſich
360 6576 76 39 nicht
456 6576 66 33 eine
542 6576 222 46 entſprechende
785 6577 120 42 Anzahl
924 6586 60 29 von
1004 6578 61 35 Be⸗

164 6610 193 91 Jnen
384 6616 119 39 meldet,
550 6616 77 33 wird
674 6617 54 35 der
752 6617 87 36 Kurs
866 6618 77 41 nicht
968 6619 90 41 abge⸗

187 6664 91 26 alten.

1089 3646 11 11 D

385 3884 166 25 anπι
562 3873 127 34 Gcaέ
713 3859 108 58 Mario
831 3863 48 42 ę.
902 3873 84 47 —
1000 3861 86 49 Gelxi

207 3915 266 42 Erneſtina.
423 3907 60 55 52
501 3913 147 40 Stoffella
674 3913 139 40 Eugenio
840 3912 91 39 495:
947 3911 151 47 Bigarelli

947 3950 150 50 Niccolini

1162 3549 183 43 Zirkerodn
1369 3550 165 34 rartes
1559 3550 200 39 Vnofra
1786 3547 116 41 Gt
1907 3538 97 58 agter

1124 3592 201 40 didaktiſchex
1337 3591 150 34 Direktor.
1515 3590 138 39 Pietro,
1657 3590 184 40 Vitalinh:
1861 3591 145 40 Malles,

1124 3632 116 71 —
1262 3630 162 41 Glorenza,
1454 3626 115 49 Prato
1575 3626 69 49 allv
1659 3630 139 38 Steluio,
1838 3630 168 37 Sluderno,

1153 3680 82 23 ubre.

1160 3710 101 42 Zirkel
1300 3719 62 24 von
1403 3711 182 32 Merano.
1610 3709 216 41 (idaktiſcher
1867 3709 138 34 Direktor

1122 3751 107 37 Scpio
1251 3745 160 50 Fabbri):
1417 3745 142 50 Merano,
1580 3749 140 33 Scenga.
1960 3780 2 3 .

1150 3783 112 55 Zirkel
1267 3798 60 24 von
1345 3789 218 45 Siltandro
1582 3788 228 42 Geguftragter
1821 3788 183 39 didaktiſcher

1120 3830 139 42 Direktor
1301 3829 125 39 Michele
1450 3828 118 39 Cioffij:
1613 3828 162 37 Silandro,
1802 3829 202 40 Caſtelbello,

1122 3869 139 37 Ciardes,
1284 3868 106 39 Laces,
1413 3868 96 40 Laſa?
1521 3864 174 54 Martello,
1703 3897 191 2 Senales.

1159 3908 100 41 Zirkel
1282 3917 94 34 von
1399 3908 190 33 Terlano
1630 3907 205 40 Hidaktiſcher
1866 3908 138 45 Airektor

1122 3949 170 35 Francesco
1314 3947 118 41 Zorzi):
1464 3947 142 37 Terlang,
1629 3947 207 41 Gargazzone,
1859 3948 144 41 Meltina,

1120 3988 118 38 Nalles,
1260 3988 116 41 Poſlal,
1396 3988 72 33 San
1488 3987 136 40 Geneſio,
1645 3987 182 38 Sarentino,
1849 3987 134 34 Verano.

1502 4045 60 22 n
1584 4045 9 21 ſ

1146 4097 247 54 Aonferenz
1422 4097 75 43 der
1525 4095 177 54 didakt.
1714 4096 269 43 Direlitoren

1160 4159 125 39 Geſtern
1313 4158 73 39 fand
1415 4159 31 32 in
1473 4158 51 32 der
1550 4157 224 41 Helenenſchule
1803 4158 64 32 eine
1885 4152 121 50 Konfe⸗

1120 4207 80 32 renz
1212 4199 51 32 der
1271 4198 203 40 didaktiſchen
1496 4196 186 35 Direktoren.
1694 4198 66 38 der.
1769 4197 137 41 Provinz
1921 4197 84 41 ſtatt.

1111 4239 84 39 dazu
1221 4238 99 40 haben
1340 4238 56 40 ſich
1423 4238 70 38 auch
1519 4237 50 33 der
1596 4237 54 39 kgl.
1676 4238 242 41 Schulinſpektor
1944 4247 60 24 von

1119 4279 138 39 Bolzano
1284 4278 75 32 Cav.
1386 4278 147 32 Riccardo
1559 4272 144 50 Dalpiaz
1715 4278 80 33 und
1821 4278 51 32 der
1898 4277 106 38 Schul⸗

1118 4318 146 39 inſpektor
1291 4326 61 23 von
1381 4318 133 32 Merano
1543 4317 74 31 Cav.
1634 4318 190 39 Coſtantino
1845 4318 159 38 Cologna.

1120 4358 51 32 der
1202 4358 307 32 Vertrauensmann
1524 4356 50 32 der
1588 4356 203 41 faſeiſtiſchen
1823 4357 181 38 Volksſchul⸗

1119 4396 268 41 lehrer⸗Giuſeppe
1402 4396 162 40 Demarchi
1586 4396 61 46 und,
1671 4396 46 33 die
1740 4397 189 39 didaktiſchen
1951 4397 52 33 Di⸗

1118 4438 152 32 rektoren
1282 4431 70 50 der
1361 4437 131 38 Schulen
1521 4435 50 33 der
1584 4431 193 50 Hilfswerke
1789 4436 67 41 für
1884 4437 45 33 die
1948 4440 54 30 er⸗

1117 4477 91 40 löſten
1232 4476 123 34 Gebiete
1379 4475 236 47 eingefunden.
1757 4490 99 13 ——

1131 4516 265 39 Schulinſpektor,
1424 4517 90 37 Eav.
1527 4509 137 56 Dalpigz,
1681 4516 154 40 eröffnete
1853 4515 46 34 die
1926 4517 75 41 Ver⸗

1121 4556 181 43 ſammlung.
1354 4556 101 37 entbot
1476 4556 66 31 den
1575 4554 212 39 Exſchienenen
1819 4556 56 33 den
1909 4555 91 38 Gruß

1117 4596 61 32 uͤnd
1202 4595 190 38 überbrachte
1416 4596 69 38 auch
1509 4594 55 34 den
1587 4593 90 42 Gruß
1700 4596 61 33 des
1778 4596 54 40 gl.
1855 4596 147 43 Studien⸗

1116 4636 209 37 provveditore
1339 4644 69 24 von
1430 4635 113 32 Trento
1559 4634 124 38 Conim.
1706 4636 135 38 Molina,
1863 4636 52 32 der
1936 4644 66 24 ver⸗

1115 4675 119 38 hindert
1256 4683 66 24 war
1337 4683 48 24 an
1408 4675 51 32 der
1480 4673 245 42 Verſammlung,
1747 4676 97 32 wobel
1866 4675 136 40 verſchie⸗

1115 4715 73 32 dene
1218 4714 131 40 wichtige
1380 4715 123 40 Fragen
1533 4712 170 41 beſprochen
1734 4716 136 37 wurden,
1899 4716 102 39 teilzu⸗

1114 4754 138 36 nehmen.
1523 4759 3 3 —
1628 4774 3 2 —
1699 4785 3 1 —

1153 4793 122 39 Darauf
1300 4794 133 39 gedachte
1458 4793 157 39 Jnſpektor.
1640 4793 131 41 Dalpiaz
1794 4794 52 33 der
1871 4795 129 41 wichtig⸗

1105 4834 70 37 ſten
1203 4833 165 40 Ereigüiſſe
1396 4834 51 32 der
1474 4834 96 39 letzten
1598 4833 140 37 Mongte,
1786 4834 46 33 die
1859 4834 50 40 für
1956 4836 45 32 —die

1113 4873 110 38 Schule
1246 4873 61 33 und
1332 4874 46 32 die
1402 4874 168 39 Erziehung
1594 4880 60 26 von
1678 4874 182 40 Bedeutung
1885 4883 116 28 waren,

1114 4912 27 36 ſo
1156 4913 60 32 des
1238 4913 276 40 Reichskoggreſſes
1537 4912 70 47 der.

1113 4952 51 35 der
1186 4952 115 33 Balilla
1326 4953 40 34 in
1379 4953 113 35 Romd,
1514 4951 320 47 wobel
1622 4947 56 55 S.
1677 4947 60 55 C.
1736 4951 98 47 Rieci
1856 4954 46 33 die
1923 4953 77 42 Auf⸗

1116 4992 184 39 klärungen
1313 4992 75 33 über
1421 4993 45 32 die
1498 4990 187 42 Einreihung
1718 4993 52 33 der
1801 4993 198 34 Balillakom⸗

1112 5031 186 33 mandanten,
1324 5032 124 37 erteilte,
1472 5031 119 46 weilers,
1616 5030 52 35 der
1692 5032 124 41 Erfolge
1841 5033 52 32 der
1916 5033 83 42 falel⸗

1112 5070 113 40 ſtiſchen
1253 5070 133 39 Befana,
1414 5071 52 33 der
1492 5069 316 42 Schönſchreibekuͤrſe,
1835 5072 46 33 die
1909 5074 91 35 heuͤer

1113 5110 30 32 in
1175 5110 51 32 der
1258 5119 116 31 ganzen
1406 5111 134 38 Provinz
1570 5109 179 47 abgehalten
1781 5112 124 33 worden
1937 5112 62 34 ſind

1111 5149 62 33 und
1200 5150 97 32 wobei
1324 5151 70 38 gute
1420 5151 122 39 Erfolge
1569 5150 99 37 erzielt
1694 5151 124 34 worden
1845 5152 71 39 ſind.
1943 5153 56 32 Die

1112 5189 187 40 Erfahrung,
1345 5190 46 32 die
1418 5191 85 35 dabei
1531 5189 129 40 gemacht
1687 5191 115 36 wurde,
1852 5192 52 39 hat
1930 5200 69 29 zum

1111 5229 175 39 Entſchluſſe
1314 5229 130 40 geführt,
1472 5230 42 35 im
1543 5229 193 35 kommenden
1764 5231 71 33 Mai
1864 5232 32 33 in
1924 5232 74 33 Bol⸗

1109 5277 76 30 zand
1214 5269 64 32 eine,
1307 5269 166 40 graphiſche
1500 5267 195 42 Ausltellung
1722 5280 35 30 zu
1785 5272 214 36 veranſtallen,

1110 5316 41 24 an
1174 5308 51 40 der
1249 5307 49 41 ſich
1321 5308 46 33 die
1391 5309 149 40 geſamten
1563 5307 131 38 Schulen
1717 5310 52 33 der
1791 5310 137 41 Provinz
1951 5312 48 32 be⸗

1111 5347 121 40 telligen
1253 5347 130 33 werden.
1404 5348 180 46 Schließzlich
1596 5347 175 39 behandelte
1792 5358 32 24 er
1842 5351 71 39 noch
1921 5343 78 55 eine

1110 5386 95 40 Reihe
1235 5395 60 25 von
1301 5382 145 51 Fragen
1462 5382 204 51 didaktiſchen
1698 5390 193 35 Charakters.

1147 5426 160 40 Jnſpektor
1331 5428 75 31 Cau.
1430 5428 139 40 Cologna
1593 5425 97 39 ſprach
1714 5429 74 32 über
1811 5430 46 33 die
1879 5430 118 33 Bedeu⸗

1109 5466 74 41 tung
1231 5467 52 32 der
1329 5467 183 39 ſtathtiſchen
1557 5465 263 48 Aufzeichnungen
1867 5470 32 33 in
1946 5471 52 32 der

1107 5506 109 46 Schuͤle
1240 5505 62 34 und
1325 5506 46 32 die
1390 5506 72 37 Art,
1486 5507 56 33 wie
1564 5506 73 46 dieſe
1660 5508 265 41 Aufzeichnungen
1949 5519 48 28 ge⸗

1109 5545 94 40 führt,
1217 5546 121 33 werden
1362 5546 100 39 ſollen,
1487 5546 93 34 damit
1604 5546 37 36 ſie
1666 5548 56 33 den
1747 5548 98 39 Zweck
1869 5550 129 37 erfüllen

1108 5585 60 32 und
1198 5585 56 34 den
1283 5585 219 41 Vorgeſetzten
1534 5586 47 33 ein
1608 5584 73 36 Bild
1709 5589 75 32 über
1832 5590 164 33 eventuelle

1107 5625 132 41 Mängel
1261 5624 104 41 geben.
1536 5647 2 3 —

1125 5663 69 49 Am,
1211 5664 191 47 Nachmittag
1430 5665 96 40 ſprach
1551 5665 62 31 der,
1627 5665 291 44 Vertrauensmann
1944 5669 52 33 der

1106 5703 210 48 Verejnigung.
1344 5704 52 33 der
1424 5705 102 40 faſeiſt.
1553 5704 267 40 Volksſchullehrer
1847 5707 79 34 über
1949 5709 46 32 die

1105 5743 189 40 Nöglichteit
1317 5744 52 31 der
1394 5745 177 38 Errichtung
1597 5743 82 35 einer
1703 5746 217 41 Krankenkaſſe
1945 5748 50 36 für

1104 5823 46 31 tut
1171 5823 54 38 fürk
1249 5822 226 48 Lehrperſonen
1501 5823 80 38 Roſa
1607 5824 324 43 Maltoni⸗Muſſolini.

1141 5861 48 40 Zu
1214 5862 55 34 den
1293 5861 247 43 Auͤsfuͤhrungen
1562 5863 51 32 des
1637 5863 275 40 Berichterſtatters
1936 5866 57 34 De⸗

1102 5902 110 38 marchi
1234 5901 97 38 haben
1353 5902 50 38 ſich
1425 5902 46 33 die
1492 5902 152 41 einzelnen
1664 5905 194 36 Teilnehmer
1879 5915 41 24 an
1941 5907 52 33 der

1102 5941 235 47 Verſammlung.
1370 5942 146 39 geäußert
1565 5941 60 33 und
1675 5944 47 32 die
1771 5945 221 38 verſchiedenen

1101 5980 144 47 Borteile,
1269 5981 45 32 die
1338 5981 57 34 den
1417 5981 225 41 Lehrperſonen
1685 5984 86 38 durch
1815 5985 65 33 eine
1895 5986 96 41 ſolche

1101 6021 196 38 Einrichtung,
1323 6021 164 46 erwachſen
1512 6021 135 39 würden,
1672 6032 152 31 erwogen.

1139 6060 66 34 Die
1224 6060 212 39 arheitsxeiche
1459 6061 235 43 Verſammlung
1742 6065 104 34 wurde

1101 6099 62 40 Uhr
1185 6099 220 41 abgeſchloſſen.

1247 6163 2 3 .
1491 6143 103 23 D———

1149 6187 420 58 Verdienſtdiplome
1597 6192 78 45 der
1704 6195 59 44 O.
1780 6195 70 44 N.
1879 6196 57 44 B.

1135 6252 57 34 Die
1211 6252 374 48 Miniſterialtommiſſion
1625 6255 50 35 kür
1694 6257 46 33 die
1759 6256 224 43 Zuerkennung

1097 6291 51 44 der
1168 6291 289 48 Verdienſtdiplome
1479 6295 70 33 der
1567 6295 34 31 O.
1621 6295 40 33 R.
1681 6296 39 33 B.
1760 6305 40 24 an
1821 6298 46 33 die
1886 6298 98 34 didal⸗

1096 6330 101 40 tiſchen
1216 6332 178 34 Direktoren
1414 6334 60 33 und
1494 6333 225 41 Lehrperſonen
1757 6337 52 39 hat
1847 6346 60 26 don
1927 6347 55 25 un⸗

1096 6368 76 38 ſerer
1191 6370 136 40 Provinz
1345 6374 289 38 vorgeſchlagen:

1131 6416 124 48 Diplom
1275 6417 28 32 2
1324 6418 99 41 Klaſſe
1442 6421 55 33 mit
1520 6419 257 37 Silbermedaille:
1798 6424 182 39 Cornaechia

1091 6455 161 47 Sergfino,
1293 6456 114 39 Lehrer
1440 6462 31 32 in
1495 6461 117 38 Campo
1636 6461 115 39 Tures;
1795 6463 44 34 Se
1862 6465 119 38 Marchi

1092 6494 173 50 Giuſeppe,
1290 6496 114 38 Lehrer
1442 6501 31 32 in
1505 6500 159 40 Volzano;
1705 6502 141 39 Florigni
1885 6503 96 39 Rina

1091 6534 145 49 Lehrerin
1251 6544 38 39 in
1310 6536 112 41 Laces:
1462 6541 172 39 Meuapace
1655 6541 119 38 Attſuo,
1794 6542 186 39 didaluſcher

1090 6575 137 48 Ziteſtor
1248 6584 34 39 in
1306 6576 156 42 Bolzauo:
1503 6579 98 33 Merei
1625 6579 126 37 Lueillo.
1794 6582 185 39 didallifcher

1089 6615 138 48 Direktor
1246 6624 32 24 in
1287 6615 211 48 Breffangne;
1529 6620 184 33 Morandint
1731 6622 119 37 Maria.
1869 6622 107 40 Lehre⸗

1088 6664 49 26 rin
1160 6664 32 25 in
1213 6655 180 42 Oltriſareö:
1417 6659 98 39 Seala
1538 6659 74 41 Ugo,
1635 6659 121 42 Lehrer
1772 6661 32 33 in
1827 6661 149 42 Bolzand.

1893 6074 53 25 um
1973 6066 17 32 5

1127 2601 152 40 dakliſcher
1301 2600 138 32 Direktor
1461 2599 96 33 Dario
1579 2599 155 39 Santini):
1758 2600 119 39 Campo
1890 2595 130 59 Tures,

1163 3433 99 41 Zirkel
1281 3442 60 24 oon
1362 3426 160 40 Laives
1554 3419 243 54 Geauftragier
1824 3431 184 40 didaktiſcher

1608 4910 392 42 Legionskommaͤndanten
2028 4919 37 39 ſch

1105 5782 226 41 Lehryerſanen
1356 5784 57 33 mit
1438 5783 145 41 Anſchluß
1609 5791 41 25 an
1676 5785 57 34 das
1759 5786 242 41 Fürſorgeinſti⸗

2041 2259 162 41 chentagen
2227 2268 62 24 von
2313 2261 17 30 5
2354 2261 48 31 bis
2425 2262 37 30 12
2488 2261 60 38 Uhr
2591 2262 60 31 und
2675 2270 59 23 von
2758 2261 37 31 15
2819 2262 47 31 bis
2890 2262 36 31 18

2041 2299 63 39 Uhr
2130 2299 143 40 geöffnet.
2298 2300 56 31 Die
2379 2300 176 42 Mitglieder
2580 2300 114 34 können
2711 2301 77 39 auch
2812 2301 115 39 Bücher

2040 2339 207 44 ausleihen.

2407 2380 16 19 d

2079 2418 57 33 Die
2159 2418 239 40 Vorſtandſchaft
2420 2420 52 32 des
2494 2419 153 33 Komitees
2668 2419 52 33 der
2741 2420 99 33 Dante
2861 2420 65 33 Ali⸗

2041 2457 96 41 ghieri
2162 2459 90 39 dankt
2277 2458 55 32 den
2358 2459 197 40 Mitgliedern
2581 2460 172 33 Corbelletti
2777 2460 61 33 und
2863 2461 62 32 Ba⸗

2039 2506 57 23 ron
2109 2498 216 40 Weigelsberg
2344 2498 28 32 di
2391 2500 123 38 Caͤneva
2533 2499 48 36 für
2600 2499 44 32 die
2662 2499 180 41 Zuweiſung
2861 2509 59 23 von

2040 2537 222 39 verſchiedenen
2290 2538 128 32 Bänden
2446 2547 40 23 an
2514 2538 44 32 die
2585 2538 176 38 Bibliothek.

2079 2577 58 32 Sie
2159 2577 89 33 dankt
2270 2578 69 37 auch
2361 2578 51 32 der
2433 2578 279 33 Generaldirektion
2733 2578 51 32 des
2806 2579 118 39 Reichs⸗

2039 2617 377 39 verſicherungsinſtitutes
2446 2617 50 40 für
2526 2617 55 33 den
2612 2618 212 40 großmütigen
2854 2619 70 32 Bei⸗

2039 2657 70 39 trag
2136 2665 61 24 von
2224 2657 58 31 500
2308 2656 70 33 Lire
2423 2657 147 39 auläßlich
2596 2657 50 32 der
2672 2657 173 40 Eröffung
2872 2658 52 32 des

2039 2705 100 23 neuen
2161 2697 98 39 Sitzes
2281 2696 52 33 des
2355 2697 154 33 Komitees
2532 2697 50 32 der
2603 2697 99 33 Dante
2724 2697 147 40 Alighieri
2894 2698 30 32 in

2038 2736 151 39 Bolzano.

2995 2256 136 33 Wermut
3152 2257 74 38 muß
3248 2257 46 32 die
3316 2265 70 25 vom
3408 2258 154 38 geltenden
3585 2259 95 39 Geſetz
3701 2260 140 39 verlang⸗

2956 2296 46 31 ten
3029 2297 219 39 Eigenſchaften
3276 2297 127 40 beſitzen.
3448 2298 55 32 Die
3550 2299 126 37 übrigen
3702 2300 139 38 Spezial⸗

2955 2336 95 31 weine
3075 2337 60 31 und
3163 2337 58 32 alle
3248 2337 75 36 jene,
3350 2338 45 31 die
3422 2337 343 40 handelsüblicherweiſe
3792 2342 49 30 als

2953 2375 202 38 Typeuweine
3188 2376 157 37 betrachtet
3375 2376 130 34 werden.
3555 2377 50 39 für
3635 2379 102 36 welche
3768 2380 72 31 aber

2954 2414 44 32 die
3027 2414 236 41 Genaſſenſchaft
3289 2417 71 37 nach
3388 2417 66 31 dem
3480 2417 95 38 Geſetz
3603 2427 69 23 vam
3699 2419 47 32 10.
3772 2419 68 34 Zuli

2957 2454 85 35 1840,
3073 2455 55 31 Nr.
3161 2454 86 37 1164,
3295 2457 75 37 noch
3403 2456 73 36 nicht
3508 2457 132 39 jüridiſch
3674 2460 167 30 anerkannt

2954 2494 121 32 worden
3098 2495 40 37 iſt.
3161 2495 114 38 müſſen
3291 2495 53 35 die
3367 2497 167 31 Merkmale
3558 2497 126 39 beſitzen,
3706 2498 45 31 die
3774 2499 64 32 dem

2953 2534 67 38 Typ
3052 2535 60 31 und
3144 2534 61 33 der
3225 2535 148 38 Herkunft
3405 2536 50 31 des
3489 2537 124 32 Weines
3646 2537 193 38 entſprechen,

2954 2573 55 31 wie
3036 2574 36 37 ſie
3096 2582 58 24 von
3180 2574 55 32 den
3263 2575 576 42 Provinzial-Weinbaugenoſſenſchaf—

2951 2614 48 30 ten
3027 2614 145 36 beſtimmt
3200 2615 137 31 wurden.

2993 2661 43 46 b).
3050 2661 180 38 Gejundheit
3254 2662 64 32 und
3344 2663 193 38 Halibarken.
3562 2665 57 32 wie
3645 2666 36 36 ſie
3707 2675 57 23 aus
3788 2666 53 32 der

2950 2700 166 46 Nemiſchen
3144 2702 60 31 und
3231 2702 253 39 mikraſkopiſchen
3511 2705 142 38 Analyſe,
3700 2715 58 23 aus
3786 2707 50 31 der

2950 2739 194 40 Geſchmacks,
3174 2742 61 31 und
3265 2742 167 40 Luftprobe
3455 2744 190 38 reſultieren.

2311 2872 73 63 P.
2394 2869 63 63 ——
2522 2874 61 62 F.

2076 2970 359 62 Miigliedskarten
2469 2972 63 60 für
2551 2973 90 56 das
2668 2971 120 62 Jahr
2801 2984 83 45 Xll

2075 3040 68 33 Alle
2165 3040 149 41 Faſclſten
2335 3050 61 23 von
2417 3041 137 40 Bolzano
2595 3051 68 24 vom
2685 3042 183 39 Buchſiaben
2890 3044 27 31 A

2037 3088 49 33 bis
2105 3089 206 40 einſchließlich
2330 3090 26 39 F
2376 3090 60 40 ſind
2455 3090 117 40 erjucht,
2591 3091 45 33 die
2655 3090 262 45 Miigliedskarlen

2037 3137 50 39 für
2104 3137 57 33 das
2179 3137 80 39 Zahr
2273 3140 46 30 Xll
2353 3138 78 33 beim
2449 3135 186 36 Sekrelariai
2649 3139 52 33 der
2716 3134 201 45 Berwaliung

2037 3185 42 33 im
2101 3186 100 40 Hauſe
2222 3186 53 36 des
2299 3186 113 40 Faſcio,
2434 3188 26 31 1.
2485 3187 90 36 Stod,
2598 3186 157 41 innerhalb
2777 3187 52 33 des
2852 3182 63 38 lau.

2036 3234 108 39 fenden
2163 3234 134 34 Monais
2316 3235 175 40 abzuholen.
2527 3236 66 32 Das
2611 3237 72 32 Amk
2702 3236 34 40 iſt
2754 3245 58 23 von
2831 3238 18 30 9
2867 3237 48 32 bis

2037 3282 36 32 12
2092 3283 62 32 und
2172 3292 60 24 von
2254 3283 35 32 15
2308 3283 46 33 bis
2374 3285 38 30 20
2429 3283 62 40 Uhr
2509 3284 90 40 offen.

2475 3350 61 33 Der
2555 3351 144 43 poliliſche
2720 3350 153 35 Sekrelär:

2497 3399 162 42 Konjul
2676 3399 183 36 Bellini.

2385 3479 66 9 —
2491 3479 30 9 —

2048 3554 15 34 Zu.
2070 3531 521 68 Gehuttzeſt.
2460 3526 63 83 8.
2529 3526 64 83 M.
2600 3589 107 4 der.
2710 3533 215 64 Kuniain.

2028 3600 432 41 Glückwunichlelegramm
2494 3602 47 32 S.
2560 3603 36 32 E.
2614 3603 72 35 des
2710 3602 185 41 Präfelten

2074 3649 48 33 Am
2148 3648 274 43 Geburtsfeſte
2386 3644 53 52 J.
2446 3652 48 32 M.
2518 3652 50 32 der
2591 3652 134 40 Königin
2749 3652 50 39 hat
2821 3653 38 32 S.
2884 3654 34 32 E.

2034 3689 52 32 der
2111 3690 127 40 Präfelt
2263 3689 55 33 Gr.
2344 3691 59 40 Uff.
2428 3692 224 37 Maſtromattei
2677 3694 51 31 der
2753 3693 165 39 erlauchten

2035 3728 86 47 Frau
2147 3729 51 34 im
2213 3729 121 34 Namen
2359 3730 51 33 der
2433 3731 179 39 Hochetſcher,
2635 3732 209 41 Bevölkerung
2870 3733 48 33 ein

2035 3769 387 42 Glückwunſchtelegramm
2447 3770 194 45 übermittelt.

2074 3825 126 41 Geſtern
2227 3826 53 39 hat
2306 3827 37 33 S.
2371 3829 35 32 E.
2433 3829 50 32 der
2510 3829 123 40 Präfekt
2660 3829 154 42 folgendes
2841 3830 75 33 Ant—

2035 3867 262 40 worttelegramm
2321 3868 145 40 erhalten:
2544 3869 51 50 u

2074 3922 51 48 8.
2152 3924 48 47 M.
2228 3923 46 33 die
2300 3923 133 41 Königin
2458 3924 89 34 dankt
2572 3926 51 39 für
2648 3927 45 33 die
2719 3927 197 39 freundlichen

2034 3961 223 49 Gluckwünſche
2277 3964 70 47 mit
2387 3966 73 31 dem
2480 3965 140 40 Bunſche
2660 3968 62 32 des
2748 3966 168 40 Gedeihens

2032 4001 93 39 zieſer
2166 4003 206 40 patridtiſchen.
2403 4004 219 42 Bevölkerung.
2691 4007 225 40 Hofkämmerer

2032 4042 118 42 Solaro
2174 4042 48 33 del
2245 4042 136 48 Brogo.“

2100 4109 8 10 D

2232 4128 250 77 Stahelbrund
2508 4144 44 53 in
2578 4145 141 55 Tuhte

2071 4210 184 48 Vorgeſtern
2275 4220 101 33 gegen
2398 4214 40 31 20.
2464 4213 63 39 Uhr
2552 4215 84 39 brach
2663 4215 41 34 im
2730 4215 108 33 Stadel
2863 4216 52 31 des

2031 4249 142 42 Beſitzers
2199 4251 153 47 Giuſephe
2379 4253 76 38 Fliri.
2501 4261 60 25 von
2587 4255 101 33 Tuͤbre
2735 4256 47 32 ein
2807 4256 108 32 Brand

2032 4298 69 29 aus,
2123 4290 52 32 der
2199 4299 31 24 in
2254 4292 142 39 kürzeſter
2417 4292 65 40 Zeit
2504 4293 179 41 bedrohliche
2707 4295 132 39 Formen
2862 4305 52 23 an⸗

2030 4330 109 47 nahm.
2159 4330 64 48 Auf
2241 4330 74 48 dem
2339 4331 199 40 Brandplatze
2539 4326 186 56 erſchienen
2737 4335 57 32 die
2819 4336 96 32 Nara⸗

2030 4369 120 48 binieri,
2173 4370 46 33 die
2237 4370 230 47 Finanzwache,
2489 4372 45 33 die
2556 4374 152 35 Soldaten
2730 4375 50 32 der
2802 4375 113 39 Grenz⸗

2030 4409 82 47 Mlliz
2133 4410 62 32 und
2208 4409 54 49 die
2284 4410 191 48 Feuerwehr,
2496 4413 104 46 welche
2621 4415 54 31 mit
2696 4414 218 40 gemeinſamen

2028 4444 130 57 Krüften
2186 4450 47 47 die
2261 4449 302 43 Loͤſchungsärbeiten“
2593 4454 212 39 aufnahmen.
2835 4455 79 39 Nach

2028 4489 231 46 zweiſtündiger
2282 4490 318 42 gufopferungsvoller
2622 4493 106 33 Arbeit
2750 4495 108 40 gelang
2882 4504 32 23 es

2030 4536 66 24 eine
2123 4530 122 32 weitere
2272 4529 210 41 Ausbreitung
2509 4531 53 33 des
2589 4533 118 39 Feuers
2733 4542 35 31 zu
2795 4535 118 38 verhin—

2029 4566 84 36 dern.
2141 4569 61 33 Der.
2229 4569 111 34 Stadel
2366 4572 102 32 wurde
2495 4572 176 42 vollſtändig
2698 4574 129 39 zerftört.
2854 4575 61 32 Der

2029 4606 232 49 Brandſchaden
2292 4609 115 39 belguft
2436 4610 47 38 ſich
2501 4611 65 39 auf
2594 4613 78 39 zirkä
2702 4613 104 33 23.085.
2836 4614 78 33 Ere.

2029 4647 43 33 Er
2097 4648 35 36 iſt
2156 4647 87 40 durch
2268 4648 46 47 die
2338 4649 210 41 Verſicherung
2574 4652 116 38 gedeckt.
2714 4652 56 34 Die
2796 4653 117 41 Urſache

2028 4686 53 32 des
2106 4687 146 33 Brandes
2279 4688 32 40 iſt
2334 4690 70 38 noch
2427 4689 74 39 nicht
2524 4690 172 41 aͤufgedeckt.

2067 4800 61 33 Ein
2156 4809 102 32 arges
2276 4800 93 35 Uebel
2390 4803 65 39 ſind
2484 4802 73 32 kalte
2584 4803 98 41 Füße,
2729 4805 68 34 weil
2824 4806 88 38 dieſer

2027 4839 135 48 Zuſtand
2193 4842 110 46 inmer
2332 4842 54 47 auf
2413 4842 179 46 Störungen
2623 4845 41 33 im
2693 4844 220 40 Blutkreislauf

2027 4880 146 40 hinweiſt.
2201 4881 123 40 Abhilfe
2352 4882 114 34 können
2495 4882 91 54 —
2615 4883 83 41 heiße
2718 4885 195 39 Fuß-Bäder

2069 4919 93 49 affen,
2191 4921 109 46 denen
2319 4922 269 39 „Clavoſtil⸗Sals.
2618 4923 135 41 zugeſeſt
2782 4925 41 39 it.
2852 4925 60 32 Der

2027 4960 216 46 entweichende
2271 4962 174 39 Sauerſtoff
2468 4962 69 38 regt
2584 4962 46 33 die
2658 4964 253 38 Biulzirkulation

2027 4999 113 47 wieder
2160 5009 52 28 an,
2236 5000 136 46 wodurch
2397 5002 107 31 wieder
2526 5004 185 39 angenehme
2735 5004 123 33 Wärme
2881 5005 31 32 in

2026 5038 45 32 die
2093 5039 88 47 Füße
2202 5039 193 47 zurückkehrt.
2415 5041 83 33 Viele
2518 5040 121 38 Leiden,
2659 5043 46 32 die
2727 5043 30 33 in
2777 5044 56 33 den
2855 5044 55 32 kal⸗

2026 5078 49 33 en,
2102 5078 111 40 Füßen
2239 5079 85 47 ihren
2348 5080 152 33 Ausdruck
2523 5080 112 39 finden,
2679 5083 130 38 werden
2843 5083 68 38 nach

2025 5113 163 50 Behebung
2245 5118 94 73 dez
2387 5120 107 38 Uebels
2541 5120 199 40 aufgehoben.
2808 5123 103 39 Gopf⸗

2026 5157 131 45 ſchmerz.
2182 5157 246 48 Schlafloſigkeit.
2453 5159 194 40 Froſtheuͤlen,
2672 5161 85 37 uſm.)
2784 5164 126 39 „Elavo⸗

2025 5196 157 42 ſtil⸗Salz“
2207 5197 34 40 iſt
2265 5206 32 25 in
2321 5199 79 34 allen
2423 5199 169 42 Aßotheken
2616 5201 157 39 erhältlich.

2054 5405 190 131 llft
2312 5413 52 117 .
2436 5409 397 124 lliilill

2928 5204 30 31 in
2981 5203 96 33 keiner
3099 5202 94 39 Weiſe
3213 5204 84 38 mehr
3317 5203 31 32 in
3369 5204 141 40 Betracht
3529 5205 101 39 ziehen
3652 5205 85 32 wird.

3029 2875 250 53 —
3207 2875 72 53 —
3310 2879 116 50 —
3460 2874 284 72 Abgcloæn

3090 2946 153 41 Ricchezza
3264 2948 120 33 Mobile
3407 2948 52 39 auf
3481 2949 241 39 Arbeiterlöhne.

2973 2998 191 48 Hinſichtlich,
3193 3000 51 32 der
3272 3000 204 42 Anwendung
3505 3002 51 32 der
3583 3002 155 39 Ricchezza
3767 3004 70 31 Mo⸗

3039 3040 54 39 auf
3123 3040 231 44 Arbeiterlöhne
3385 3041 63 33 teilt
3478 3041 45 33 die
3555 3042 283 41 Finanzintendanz

2949 3086 67 24 mit:

2950 3118 94 46 Die
3072 3119 208 42 Beſteuerung,
3310 3121 51 32 der
3391 3121 213 40 Arbeitslöhne
3635 3121 125 40 erfolgte
3790 3123 47 32 bis

2948 3159 60 45 jebt
3032 3167 59 38 nur
3115 3160 53 32 bei
3186 3159 226 40 ſpeziäliſierten
3436 3161 161 33 Arbeitern
3622 3162 72 32 oder
3720 3162 118 39 ſolchen,

2950 3198 45 46 die
3022 3207 64 23 eine
3113 3199 321 42 Verkrauensſtellung
3462 3201 177 39 einnehmen
3667 3210 29 23 u.
3725 3202 113 39 ſchließ—

2949 3237 49 37 lich
3018 3238 45 32 hei
3084 3238 118 40 ſolchen,
3221 3240 45 31 die
3287 3241 65 31 eine
3371 3241 230 40 Dauerſtellung
3621 3242 113 36 hatten.
3754 3242 86 31 Aus⸗

2949 3277 166 41 geſchloſſen
3145 3288 105 23 waren
3281 3280 47 33 die
3357 3280 102 38 Löhne
3515 3281 51 32 der
3573 3273 27 52 “
3616 3281 221 40 gewöhnlichen

2948 3318 230 38 Handarbeiter,
3200 3319 45 31 die
3269 3319 31 32 in
3323 3320 97 33 einem
3442 3320 140 32 Betriebe
3603 3321 145 33 Arbeiten
3772 3330 65 29 ver—

2949 3357 145 38 richteten.
3147 3358 104 39 welche
3280 3360 70 37 noch
3379 3360 49 37 für
3456 3360 86 33 einen
3569 3361 208 39 Dauerpoſten
3806 3362 31 32 in

2946 3396 139 40 Bekracht
3111 3406 130 32 gezogen
3266 3399 122 33 werden
3414 3400 137 32 konnten.

2986 3437 66 32 Das
3083 3438 322 39 Fmanzminiſterium
3434 3440 51 37 hat
3512 3448 64 24 nun
3606 3441 56 32 den
3691 3441 145 39 Mindeſt⸗

2947 3475 81 39 lohn,
3051 3477 51 31 der
3126 3478 49 39 für
3198 3478 46 32 die
3267 3478 207 40 Beſteuerung
3499 3480 30 32 in
3553 3480 140 38 Betracht
3717 3480 119 37 kommit,

2948 3516 159 40 feſtgeſetzt,
3153 3517 63 33 und
3242 3526 84 31 zwar
3347 3519 59 32 im
3423 3518 143 39 Aüsmaß
3594 3528 60 24 von
3682 3520 56 31 600
3766 3520 70 32 Lire

2947 3557 178 38 manatlich,
3135 3557 40 37 ſei
3192 3565 47 26 es
3249 3566 83 29 nun,
3338 3557 67 40 daß
3416 3558 100 40 ernin
3523 3560 110 34 einem
3655 3553 107 49 Male,
3769 3587 97 7 wog.

2949 3595 154 39 chenweiſe
3136 3597 71 32 oder
3230 3596 40 33 in
3303 3597 140 41 kürzeren
3474 3597 199 40 Zeiträumen

2946 3635 79 39 zahlt
3048 3636 87 32 wird.

2948 3675 106 46 Das
3086 3676 168 32 Kriterium
3286 3676 52 33 des
3370 3677 241 40 Mindeſtlohnes
3642 3679 75 38 muß
3749 3679 86 38 durch

2946 3723 83 29 jenes
3050 3715 52 31 der
3121 3716 232 41 Dauerſtellung
3374 3717 125 38 ergänzt
3519 3719 130 35 werden,
3670 3719 61 31 und
3752 3727 83 30 zwar

2947 3755 31 32 in
3004 3754 50 33 der
3079 3755 68 35 Art,
3172 3756 36 31 ob
3234 3756 51 32 der
3310 3757 135 36 Betrieb,
3470 3757 32 33 in
3527 3758 66 33 dem
3618 3760 51 33 der
3694 3757 141 34 Arbeiter

2946 3794 155 40 angeſtellt
3127 3795 43 40 iſt,
3201 3794 204 41 Dauerpoſten
3414 3790 206 52 vorausſetzt.

2985 3834 43 33 Es
3052 3835 121 39 handelt
3197 3836 49 39 ſich
3270 3836 63 38 hier
3356 3845 53 25 um
3434 3836 140 34 Arbeiter
3598 3837 60 33 und
3683 3838 74 40 nicht
3781 3847 53 24 um

2945 3873 139 38 Beamte,
3112 3875 45 33 die
3186 3874 66 33 dem
3278 3875 165 33 Kontrakte
3471 3876 51 39 für
3550 3878 284 40 Privatangeſtellte

2946 3914 207 36 unterworfen
3184 3914 61 39 ſind
3295 3916 60 31 und
3386 3916 96 32 denen
3512 3916 45 32 die
3588 3917 245 40 Gehaltsabzüge

2945 3953 49 39 für
3014 3953 45 33 die
3079 3954 116 32 Steuer
3214 3954 51 32 der
3284 3954 155 40 Ricchezza
3458 3956 118 32 Mobile
3596 3955 162 41 Kategorie
3779 3958 54 31 E2

2945 3993 130 38 gemacht
3096 3994 131 37 werden,
3248 4003 88 24 wenn
3358 3996 47 38 ihr
3427 3995 111 40 Gehalt
3558 3996 45 32 die
3624 3996 209 40 Mindeſthöhe

2944 4041 58 24 von
3024 4033 77 31 2000
3122 4033 71 33 Lire
3214 4034 117 39 jährlich
3353 4035 140 39 erreicht.

2983 4074 42 31 Es
3053 4074 76 31 wird
3157 4073 196 39 aufmerkſam
3382 4075 140 39 gemacht,
3568 4076 58 39 daß
3652 4076 45 32 die
3723 4078 108 38 ſteuer⸗

2944 4112 94 34 baren
3066 4113 146 38 Gehälter
3239 4114 51 31 des
3317 4113 117 37 Jahres
3461 4115 75 31 1983
3565 4116 75 36 ſanit
3667 4116 165 40 Gratifika⸗

2943 4152 113 38 tionen,
3088 4153 231 39 Ruhebezügen,
3350 4153 205 41 Abfertigung
3587 4156 71 36 uſw.
3690 4156 51 32 der
3772 4157 59 32 Be—

2943 4193 102 31 amten
3069 4193 61 32 und
3154 4193 51 32 der
3205 4188 162 50 Arbeiter
3384 4194 71 39 (für
3480 4195 108 39 letztere
3612 4196 40 33 im
3677 4196 75 32 oben
3777 4205 54 22 an⸗

2944 4232 156 39 geführten
3129 4233 172 38 Ausmaße)
3330 4234 198 39 anzumelden
3556 4236 71 36 ſind,
3675 4244 89 24 wenn
3794 4237 36 35 ſie

2944 4272 35 39 ſie
3004 4272 74 35 nicht
3104 4272 79 40 ſchon
3209 4273 41 32 im
3275 4273 96 38 Jahre
3395 4274 77 30 1938
3498 4274 142 39 beſteuert
3666 4276 70 31 oder
3761 4284 68 29 pro—

2974 4311 96 80 rich
3102 4313 29 31 in
3160 4312 46 32 die
3234 4313 199 45 Steuerliſten
3462 4313 194 42 eingetragen
3706 4316 123 32 worden

2954 4360 30 23 ind.

3726 3607 109 32 ausge⸗

2942 4435 235 39 Verlängerung
3197 4435 51 34 der
3267 4436 97 39 lehien
3385 4437 80 41 Frift
3484 4437 49 39 jür
3552 4437 45 33 die
3617 4438 142 40 Zanlung
3777 4439 53 32 der

2943 4475 200 40 dizenzſleuer
3163 4476 50 38 für
3232 4476 55 33 den
3308 4476 133 40 Verkauf
3460 4486 60 24 non
3540 4478 207 40 glkoholiſchen
3767 4480 62 31 und

3130 4515 297 41 ſuperalkoholiſchen;
3457 4517 172 34 Getränken

2979 4567 62 32 Der
3069 4567 145 33 Verband
3243 4568 50 31 der
3321 4567 162 38 Kaufleute
3513 4569 62 39 gibt
3604 4570 137 36 bekannt,
3768 4568 61 41 daß

2942 4606 53 38 auf
3016 4607 209 39 wiederholtes
3248 4607 151 40 Anſuchen
3422 4608 53 32 des
3496 4609 179 33 Verbandes
3698 4610 50 32 der
3769 4610 62 34 Jn—

2941 4646 91 39 haber
3060 4655 60 24 von
3148 4647 184 38 öffentlichen
3349 4647 143 34 Lokalen
3519 4649 61 38 hin,
3607 4650 55 31 das
3690 4650 138 37 Miniſte—

2940 4686 81 32 rium
3041 4695 41 23 an
3102 4687 57 31 alle
3180 4687 321 39 Finanzintendanzen
3521 4688 47 33 ein
3588 4687 242 40 Rundſchreiben

2941 4726 136 38 gerichtet
3101 4727 60 36 hat,
3186 4727 56 31 ſnit
3267 4726 123 38 welchen
3416 4728 147 38 beſtimmt
3589 4729 85 35 wird,
3699 4729 58 38 daß
3783 4729 45 32 die

2940 4765 75 39 letzte
3039 4766 79 38 Friſt
3141 4766 50 38 für
3213 4766 45 31 die
3280 4766 143 40 Zahlung
3446 4767 52 32 der
3519 4768 166 38 ſtaatlichen
3709 4768 118 39 Lizenz—

2941 4805 93 39 ſteuer
3065 4806 49 37 für
3144 4807 57 31 den
3231 4806 130 39 Verkauf
3392 4815 61 24 von
3482 4807 126 40 Alkshol
3637 4808 62 32 und
3729 4808 99 38 ſüper—

2941 4845 208 39 alkoholiſchen
3180 4845 171 33 Getränken
3382 4846 49 32 bis
3461 4847 46 31 24.
3538 4847 140 39 Februar
3708 4849 120 31 verlän⸗

2963 4886 43 31 ert
3029 4885 86 32 wirb.

2980 4925 43 32 Es
3049 4925 77 32 wird
3152 4925 93 38 jedoch
3271 4925 197 38 aufmerkſam
3496 4927 138 39 gemacht,
3660 4927 59 38 daß
3744 4928 84 37 nach⸗

2941 4963 64 34 dem
3034 4964 49 38 für
3109 4966 45 30 die
3180 4964 141 40 Zahlung
3348 4965 92 38 dieſer
3466 4966 114 34 Skeuer
3626 4967 65 32 eine
3717 4967 110 37 Hinrei—

2940 5004 102 37 chende
3063 5004 236 40 Verlängerung
3321 5006 100 38 erzielt
3442 5007 114 35 wurde,
3578 5016 51 23 um
3651 5007 175 36 iedermann

2940 5043 32 32 in
2994 5044 44 32 die
3061 5044 190 39 Möglichkeit
3273 5053 34 30 zu
3329 5045 151 37 verſetzen,
3502 5046 45 39 die
3570 5047 124 38 nötigen
3716 5047 111 32 Beträ⸗

2940 5092 34 30 ge
2999 5084 158 36 innerhalb
3182 5084 53 33 des
3260 5085 95 38 letzten
3381 5085 266 39 Fälligkeltstages
3672 5086 154 39 einzuzah—

2940 5122 58 38 len,
3048 5124 52 32 der
3131 5124 143 32 Verband
3305 5126 165 30 eventuelle
3502 5124 125 39 Geſuche
3678 5135 53 24 um
3762 5127 64 32 eine

2939 5164 162 38 neuerliche
3130 5164 233 39 Verlängerung,
3393 5165 52 35 der
3474 5165 96 39 letzten
3601 5165 225 41 Zahlungsfriſt

3945 808 746 102 Bevölkerungs⸗Statiſtik

4058 931 172 45 Volzano,
4256 933 28 36 9.
4310 929 115 39 Sünner
4452 929 81 38 1934

3876 995 219 44 Geburten
4132 1004 18 35 1

4076 1058 246 54 Todesfalle
4351 1062 27 38 2

4315 1117 391 54 Eheſchließungen
4738 1123 24 35 o

3869 1189 248 34 Geburten:
4159 1192 104 31 Kaner
4287 1190 165 40 Eliſabetta
4496 1189 52 32 des
4573 1187 187 37 Raimondo,

3908 1230 189 38 Kaufmann.

3871 1269 284 39 Tadesfälle:
4179 1270 214 39 Paoli-Maier
4413 1269 63 35 Jda
4499 1269 71 39 nach
4592 1267 171 37 Giovanni,

3910 1309 36 30 74
3965 1309 33 34 J.
4018 1309 52 37 alt,
4109 1310 139 37 Private:
4287 1311 126 32 Stieber
4431 1309 111 33 Maria
4561 1310 54 31 des
4634 1308 128 36 Mattia,

3907 1349 17 29 6
3946 1348 97 39 Jahre
4065 1351 52 30 alt.

3874 1449 903 73 lldi.

3872 1545 243 36 RKathauskeller:
4143 1547 95 33 Zeden
4266 1548 105 32 Abend
4398 1547 131 38 Konzert
4556 1546 62 33 und
4646 1545 93 37 Tanz.

3872 1588 226 51 Dominikaner
4107 1588 140 51 teller:
4266 1596 237 37 Sehenswertes
4535 1595 63 32 und
4648 1592 118 42 gemüt⸗

3910 1635 85 36 liches
4025 1635 175 32 Weinlokal.
4228 1636 108 34 Zeden
4354 1636 105 31 Abend
4486 1636 142 39 Konzert.
4656 1634 109 32 Sonn⸗

3909 1675 61 31 und
4002 1674 141 40 Feiertag
4175 1675 240 40 Frühſchoppen-
4445 1677 62 31 und
4537 1674 227 40 Nachmittags⸗

3911 1715 125 39 konzert.

3872 1763 248 38 Huberiusſiube.
4166 1764 177 39 Bayriſcher
4371 1764 67 38 Hof,

3910 1805 104 38 täglich
4062 1805 86 38 fidele
4194 1805 297 38 Stimmungsmuſik

3910 1844 103 38 freiem
4039 1845 136 33 Eintritt.
4200 1845 76 33 Karl
4303 1845 187 41 Forſtinger.

3871 1896 163 34 Edenkino:
4056 1899 53 32 Or.
4132 1899 127 38 Fancks:
4283 1900 57 36 „S.
4364 1900 34 32 O.
4420 1900 39 32 S.
4481 1898 161 41 Eisberg⸗.

3871 1945 206 33 Centralkino:
4104 1941 73 51 „Die
4191 1948 96 39 gelbe
4312 1947 118 39 Hölle“.

4187 2014 157 47 Kinonachr
4343 2014 99 47 ichten

3909 2073 161 34 Edenkino.
4111 2076 106 36 Heute:
4243 2076 81 36 „Der
4347 2074 163 42 Präſident
4532 2075 53 32 der
4607 2074 152 33 Ba-?-

3870 2112 41 33 Ce
3920 2113 50 32 -?
3999 2114 133 32 Cre-5
4161 2115 116 36 Mica,
4360 2117 52 30 der
4486 2114 273 40 beifallskräftigſte

3869 2154 200 39 „Cinesfilm“
4090 2155 50 32 der
4161 2155 197 39 Gegenwart,
4378 2155 56 32 mit
4453 2154 84 33 Nino
4558 2154 130 40 Beſozzi,
4708 2154 49 31 ein

3867 2194 121 38 zweiter
4006 2194 168 37 Chevalier,
4193 2196 60 30 und
4272 2196 90 37 Hilda
4381 2195 172 38 Springar,
4572 2195 65 31 eine
4656 2195 102 38 junge,

3869 2233 117 39 hübſche
4014 2233 250 40 Schauſpielerin,
4310 2236 45 30 die
4383 2243 33 23 es
4443 2234 225 40 ausgezeichnet
4694 2242 67 25 ver⸗

3869 2273 81 41 ſteht,
3994 2273 48 39 ſich
4068 2275 65 31 dem
4158 2274 88 37 Spiel
4274 2275 79 38 ihrer
4379 2275 138 37 Partner
4542 2275 116 31 Arturo
4685 2273 73 39 Fal⸗

3867 2312 65 32 coni
3958 2314 60 30 und
4041 2313 89 39 Luigi
4154 2313 173 32 Almirante
4351 2313 193 39 anzupaſſen.
4587 2313 59 32 Ein
4670 2312 88 33 amü—

3869 2352 98 38 ſantes,
4014 2353 409 41 Unterhaltungs-Luſtſpiel.“
4488 2354 110 32 immer,
4661 2352 99 39 luſtig,

3868 2392 75 36 ohne
3965 2392 87 32 einen
4075 2394 79 30 toten
4176 2393 110 38 Punkt.
4328 2393 85 32 Alles
4437 2393 120 32 wirbelt
4598 2393 75 31 bunt
4680 2393 77 30 und

3867 2432 122 31 munter
4012 2431 242 38 durcheinander,
4297 2433 59 38 daß
4399 2441 74 23 man

4484 1765 60 33 Via
4572 1763 118 41 Portici
4719 1763 47 46 10.

4537 1804 134 41 Tomaſi,
4719 1805 48 31 bei

3866 2510 142 40 Righelli,
4055 2512 92 38 wohl,
4158 2512 50 31 der
4233 2513 74 37 beſie
4332 2511 160 39 Regiſſeur
4536 2512 52 32 der
4614 2510 146 38 „Cines“,

3868 2550 72 39 ſchüf
3968 2551 91 38 dieſes
4088 2550 213 40 unbeſchwerte
4329 2551 153 39 Luſtſpiel,
4529 2552 57 32 das
4614 2551 80 37 wohl
4721 2559 37 30 zu

3866 2591 57 31 den
3964 2590 299 39 liebenswürdigſten
4304 2591 94 36 ſeiner
4427 2591 58 32 Art
4526 2590 114 40 gehört.
4682 2590 76 32 Eine

3866 2630 67 31 tolle
3957 2629 167 45 Geſchichte,
4166 2631 44 30 die
4233 2631 86 38 durch
4343 2630 83 38 ihren
4448 2630 113 38 Jnhaͤlt
4583 2639 40 23 an
4646 2630 113 43 Ueber—

3867 2669 190 40 raſchungen,
4101 2670 43 31 an
4187 2670 117 39 ulkigen
4329 2671 133 38 Szenen,
4488 2669 182 38 Wirrniſſen
4695 2669 62 32 und

3867 2708 218 40 Geſchehniſſen
4109 2711 55 30 den
4188 2709 165 38 Beſchauer
4377 2710 105 37 reſtlos
4507 2709 164 40 begeiſtern
4696 2709 61 31 und

3866 2748 253 39 zufriedenſtellen
4143 2749 85 31 wird.
4272 2751 43 31 Es
4339 2750 33 39 iſt
4395 2750 47 31 ein
4467 2750 93 38 Film,
4583 2750 52 31 der
4658 2749 100 36 ſeinen

3866 2788 216 40 Vorgängern,
4108 2789 69 31 wie;
4217 2789 73 36 „Die
4318 2788 306 40 Privatſekxetärin“,
4671 2788 86 37 „Das

3866 2828 149 39 Fräulein
4056 2837 70 24 vom
4148 2828 173 38 Autobus“,
4363 2829 74 36 „Die
4460 2829 149 36 Männer,
4652 2828 105 35 welche

3866 2868 154 38 mmpen“,
4063 2877 52 24 um
4141 2868 97 32 keiner
4261 2869 79 31 Note
4367 2868 153 39 nachſteht.
4565 2867 192 41 Verſäumen

3866 2907 83 39 nicht,
3970 2907 96 37 dieſen
4089 2908 343 38 humoriftiſchen
4352 2903 94 49 Film
4475 2908 180 40 anzuſehen!
4698 2907 59 33 Sie

3867 2947 118 32 werden
4010 2948 49 38 ſich
4083 2947 108 38 köſtlich
4213 2947 183 34 amüſieren!

3905 2987 136 39 Beginn:
4062 2988 28 35 5,
4109 2987 77 35 6.30,
4205 2987 18 31 8
4244 2988 60 31 und
4325 2987 67 32 9.30
4413 2987 71 37 Uhr.

3904 3026 185 40 Demnächſt:
4118 3026 218 39 „Cavalcade“,
4362 3027 48 32 ein
4437 3027 160 40 Weltfilm,
4623 3026 45 33 die
4695 3026 60 34 Ge⸗

3867 3066 108 40 ſchichte
3996 3066 82 40 einer
4098 3066 198 35 Generation.

3906 3153 203 33 Ceutralkino.
4139 3154 94 36 Heute
4254 3154 51 32 der
4325 3155 104 33 Metro
4450 3129 156 69 Goldwyn
4614 3151 141 47 Maner⸗

3866 3194 136 38 Tonfilm
4022 3194 74 34 „Die
4114 3193 84 38 gelbe
4217 3193 103 40 Hölle“
4340 3195 54 31 mit
4413 3195 91 31 Clark
4523 3194 109 37 Gable,
4669 3194 85 34 Jean

3864 3234 127 35 Harlow
4034 3234 60 31 und
4117 3234 96 35 Marn
4237 3233 89 39 Aſtor
4368 3233 31 32 in
4441 3234 56 32 den
4540 3234 214 38 Hauptrollen.

3864 3273 108 39 Regie:
4015 3273 103 33 Viktor
4139 3273 150 40 Fleming.
4331 3273 102 39 Dieſer
4453 3273 194 38 Bildſtreifen
4690 3273 65 39 gibt

3864 3313 64 31 eine
3949 3313 171 39 getreuliche
4139 3313 199 40 Schilderung
4379 3321 59 23 von
4476 3313 53 32 der
4548 3314 140 40 Exiſtenz
4700 3314 52 30 der

3863 3353 158 37 Menſchen
4055 3353 62 38 auf
4159 3353 54 31 den
4258 3353 115 38 großen
4391 3352 304 40 Gummiplantagen
4720 3353 32 31 in

3863 3392 169 37 Jndochina
4056 3393 60 31 und
4139 3392 154 38 beſchreibt
4326 3393 41 32 im
4390 3392 142 36 Rahmen
4556 3394 83 31 einer
4661 3394 123 30 aben⸗

3865 3432 175 38 teuerlichen
4063 3432 164 38 Handlung
4271 3433 57 31 das
4351 3432 140 38 Schickſal
4534 3434 84 31 eines
4644 3432 109 39 ſolchen

3865 3472 148 39 Farmers
4054 3473 67 30 und.
4137 3472 50 31 der
4209 3471 166 38 Perſonen,

3865 3511 128 35 näherer
4009 3511 177 39 Beziehung
4208 3512 79 38 ſteht.

3895 3550 143 40 Beginn:
4059 3552 27 37 8,
4106 3551 75 39 6407
4201 3551 18 32 8
4240 3552 60 31 und
4313 3551 89 42 .30.
4408 3587 128 5 Uhr...

4112 3659 395 63 VPoliaellaces

4197 3730 221 41 Gelddiebſiahl

3901 3779 92 32 Anna
4021 3779 112 39 Paſoli,
4179 3779 156 40 wohnhaft
4382 3779 31 32 in
4439 3780 51 32 der
4517 3779 234 33 Weintrauben⸗

3863 3818 77 40 galſe
3969 3819 145 39 erſtattete
4142 3818 45 32 bei
4215 3819 51 31 der
4294 3820 54 39 kal.
4376 3819 134 39 QAuäſtur
4537 3819 45 32 die
4609 3818 143 40 Anzeige,

3862 3858 59 38 daß
3944 3858 46 38 ihr
4014 3867 57 23 aus
4094 3859 80 38 ihrer
4197 3858 166 40 Wohnung
4385 3858 52 32 der
4457 3859 119 39 Betrag
4599 3867 61 24 von
4682 3858 71 33 Lire

3861 3898 37 31 40
3921 3898 225 39 verſchwunden
4170 3898 40 39 iſt.
4233 3898 56 32 Die
4311 3898 133 40 Quäſtur
4467 3895 51 41 hat
4541 3898 45 32 die
4607 3898 145 38 Nachfor⸗

3863 3938 141 39 ſchungen
4029 3938 167 40 eingeleitet
4220 3938 60 31 und
4306 3939 64 31 eine
4395 3938 117 39 gewiſſe
4536 3938 108 33 Maria
4669 3938 84 39 Platz

3862 3985 148 32 gummier,
4038 3975 38 34 21
4102 3977 97 38 Jahre
4226 3979 44 31 alt
4298 3986 58 28 aus
4384 3977 182 39 Jnnsbruck,
4594 3978 157 41 wohnhaft

3862 4018 30 32 in
3916 4017 60 32 Rio
4002 4017 28 31 di
4054 4017 140 40 Pufteria
4219 4018 48 31 als
4291 4017 128 34 Täterin
4445 4018 244 39 feſtgenommen.

4062 4074 61 38 Ein
4151 4073 139 40 Fahrrad
4317 4073 228 40 verſchwunden

3903 4122 62 32 Der
3997 4122 192 37 Briefträger
4221 4121 149 34 Lodovico
4424 4122 212 33 Niedermaier
4689 4122 61 40 ließ

3859 4160 109 41 Gange
3990 4162 51 31 des
4063 4161 160 40 Gaſthofes
4245 4161 226 33 Garbislander
4493 4162 31 33 in
4545 4163 51 32 der
4617 4162 132 32 Gerber—

3859 4201 77 39 gaſſe
3964 4201 59 37 ſein
4049 4201 69 39 Rad
4145 4200 50 37 kür
4221 4202 83 38 kurze
4330 4201 68 40 Zeit
4424 4201 245 41 unbeaufſichtigt
4696 4203 52 36 ſte⸗

3858 4241 65 36 hen.
3944 4240 58 32 Als
4025 4249 30 23 er
4076 4241 45 31 die
4143 4240 95 38 Fahrt
4259 4241 111 35 wieder
4390 4240 148 40 fortſetzen
4560 4242 100 33 wollte
4681 4251 69 23 war

3859 4281 55 30 das
3942 4279 69 33 Rad
4040 4280 234 38 verſchwunden.
4301 4281 63 32 Der,
4391 4279 153 41 Diebſtahl
4570 4282 105 32 wurde
4703 4281 57 42 bei.

3857 4320 50 32 der
3934 4319 133 39 Quäſtur
4093 4329 52 31 zur
4172 4320 131 39 Anzeige
4331 4320 145 40 gebracht.

4016 4376 62 41 Die
4098 4376 70 42 gute
4194 4376 196 41 Gelegenheit
4417 4377 176 41 ausgenützt

3894 4424 76 33 Dem
4000 4424 176 39 20jährigen
4206 4425 159 32 Ermanno
4394 4425 144 40 Tſchager
4567 4434 59 24 aus
4654 4426 92 33 Nova

3859 4464 139 33 Lnnante
4024 4465 125 31 wurden
4174 4465 144 37 während
4343 4473 32 23 er
4400 4465 48 38 ſich
4475 4466 41 33 im
4540 4465 116 34 Turme
4701 4467 47 31 be⸗

3856 4504 70 39 fand,
3950 4512 59 23 aus
4034 4503 108 44 ſeinem
4164 4504 89 32 Rocke
4278 4505 47 31 ein
4349 4504 310 41 Fünfzig-Lireſchein
4683 4507 62 31 und

3857 4543 214 36 verſchiegenes
4095 4543 155 40 Kleingeld
4276 4544 243 33 entwendet.
4469 4539 58 49 Er
4541 4544 125 34 meldete
4690 4546 59 31 den

3856 4583 151 39 Diebſtahl
4032 4583 56 32 den
4114 4582 206 38 Karäbinieri,
4345 4584 46 31 die
4417 4584 88 38 gleich
4530 4585 46 32 die
4601 4584 145 37 Nachfor⸗

3858 4623 142 37 ſchungen
4025 4622 185 38 aufnahmen
4236 4624 60 31 und
4321 4624 48 31 als
4393 4623 52 32 des
4469 4623 189 39 Diebſtahles
4676 4627 82 35 ver⸗

3868 4662 110 37 dächfig
4013 4662 55 32 den
4102 4662 222 32 Waldarbeiter
4356 4661 90 40 Luigi
4480 4663 103 38 Dejori
4617 4663 128 39 feſtnah⸗

3857 4710 77 24 men.
3961 4701 103 44 Dejori
4092 4702 119 39 geſtand
4237 4702 56 33 den
4320 4701 140 39 Debſtaͤhl
4487 4703 57 33 ein.
4571 4704 43 31 Er
4641 4703 107 35 wurde

3856 4741 45 32 bei
3925 4742 52 31 der
4000 4741 264 40 Gerichtsbehörde
4277 4751 63 31 zur
4363 4741 134 43 Anzeige
4520 4743 145 40 gebracht.

4054 4860 453 50 Vereinsnachrichten

4144 4921 146 39 Fokoklub
4311 4921 138 39 Bolzano
4549 4925 94 13 —
4668 4928 17 8 —

3894 4969 103 37 Heute,
4028 4969 182 40 Mittwoch,
4239 4970 46 31 10.
4313 4969 123 35 Jänner
4465 4968 86 37 1934,
4603 4969 49 31 49
4681 4969 60 39 Uht

3855 5008 300 40 Lichtbildervortrag
4198 5009 74 32 über
4313 5009 141 37 Sizilien,
4497 5010 138 38 gehalten,
4678 5017 61 24 von

3854 5049 99 36 Herrn
3978 5048 151 40 Vorſtand
4154 5048 113 39 Alfons
4293 5049 126 39 Pichler.
4445 5048 70 32 Von
4541 5046 203 41 Mitgliedern

3855 5087 186 39 eingeführte
4063 5088 89 38 Gäſte
4175 5089 117 38 herzlich
4315 5089 212 32 willkommen.
4550 5088 189 39 Gleſchzeitig

3852 5127 75 32 wird
3952 5127 55 33 den
4032 5128 195 36 Mitgliedern
4251 5136 53 30 zur
4328 5128 154 32 Kenntnis
4508 5128 144 40 gebracht,
4677 5128 60 38 daß

3852 5175 50 24 am
3930 5167 131 39 nächſten
4089 5168 169 37 Mitiwoch,
4279 5168 46 31 17.
4351 5166 134 39 Jänner,
4532 5168 70 36 halb
4629 5167 110 41 Uhi

3852 5207 114 31 abends
3991 5207 46 32 die
4060 5207 440 40 Jahreshauptverſammlung
4525 5206 173 41 ſiattfindet.

2917 5388 74 88 ——
2990 5422 30 40 —
3993 5392 126 74 11
4263 5419 56 118 ſ
4384 5398 251 139 pfcſ

4155 5503 54 50 .

2974 5481 526 52 EN
3640 5485 237 51 —

2237 5569 131 36 Bmessi,
2388 5571 268 36 priucibalmente,
2675 5579 54 30 per
2747 5576 187 32 provvedere
2955 5577 30 27 al
3009 5577 152 29 rimborso
3186 5577 50 29 det
3261 5578 99 27 pount
3382 5579 170 28 novenndli
3576 5580 31 28 di
3631 5579 152 30 cadeuza
3809 5581 34 28 t
3863 5580 124 36 machio
4010 5588 14 19 e
4046 5581 31 27 lõ
4099 5580 162 28 novembre
4283 5580 75 29 Iunâ.

2680 5617 193 38 lnteressi
2899 5631 24 25 e
2948 5621 131 37 bremi
3105 5622 134 36 esenti
3265 5623 50 34 do
3341 5622 100 44 ogni
3467 5623 180 45 imposta
3673 5630 199 38 prssente
3897 5635 24 24 o
3946 5623 134 44 futura

2154 5666 135 30 TITolll
2313 5669 119 29 unitari
2443 5669 51 28 da
2517 5669 31 31 L.
2572 5670 84 30 õc0α
2678 5670 135 35 multipli
2837 5672 41 28 da
2899 5673 32 30 L.
2968 5673 78 34 1.000
3073 5689 10 7 .
3109 5674 74 33 2000
3209 5690 11 7 .
3225 5662 46 51 b,
3274 5674 43 24 oh
3344 5679 10 18 ,
3361 5662 55 51 10.
3425 5675 54 33 600
3506 5676 134 33 20,000
3667 5691 11 6 —
3704 5676 31 29 56,
3748 5677 44 32 ob
3821 5677 130 29 el00.
3901 5662 26 51 bo
3977 5678 133 35 capitale
4138 5677 165 30 nominals.

2156 5711 156 28 Garunxis
2336 5720 15 20 o
2376 5713 194 35 prerogative
2597 5714 152 30 identicne
2772 5722 20 21 à
2816 5716 101 35 quelle
2937 5717 51 29 dei
3010 5719 100 28 Buoni
3132 5719 49 28 del
3202 5719 112 28 Tesoro
3336 5720 171 28 novennali
3528 5721 31 27 di
3581 5720 153 30 scudeuza
3757 5722 67 29 igab
3844 5729 15 22 e
3881 5721 75 29 hit.

2155 5756 155 28 PREaz0
2336 5756 31 29 di
2394 5758 163 30 emissione
2583 5760 32 29 L.
2641 5759 33 29 9h
2700 5766 54 29 por
2778 5760 74 34 ogni
2877 5761 92 30 ecento
2991 5761 57 29 lirs
3067 5763 32 27 di
3120 5763 135 36 eapitule
3276 5763 157 29 nominale
3454 5765 32 28 di
3507 5765 67 28 cui:

2190 5800 32 29 L.
2248 5799 33 29 10
2303 5800 64 29 ulla
2389 5803 228 34 pronotuxioue,
2640 5812 24 26 e,
2687 5803 53 27 dul
2761 5803 31 28 l
2814 5804 141 31 tebbruio
2975 5806 67 28 aleb
3060 5814 121 26 marsao,
3198 5807 21 28 il
3239 5807 96 30 saldo.
3357 5808 53 34 biù
3434 5809 140 29 interessi
3596 5810 16 29 4
3632 5816 54 29 per
3706 5811 107 32 cento,
3827 5811 52 28 dal
3906 5810 32 28 lõ
3964 5810 147 38 tobbraio,
4140 5811 48 28 sul
4213 5810 135 36 eapitals
4373 5808 159 29 nominale
4558 5808 50 29 dei
4633 5808 79 27 Bou-

2045 5843 33 31 ni
2101 5843 57 29 ehe
2180 5851 159 22 verrunno
2348 5846 172 35 ussegnati
2542 5854 19 21 à
2570 5847 171 32 euiusura,
2764 5848 82 28 della
2868 5849 247 36 sottoscrizione;
3138 5852 119 28 mentre
3272 5858 148 28 suranno,
3446 5860 54 28 per
3523 5855 117 33 contro,
3665 5854 160 29 bonificati
3845 5856 30 27 al
3901 5855 226 29 sottoscritiore
4152 5855 43 34 gli
4222 5854 143 31 interessi
4391 5854 16 28 4
4433 5860 54 28 per
4514 5855 88 27 cento
4628 5852 85 29 sulla

2045 5893 122 23 somma
2188 5888 129 29 vorsata
2336 5889 65 30 alla
2422 5891 226 34 prenotazione,
2668 5892 187 34 conteggiuti
2881 5894 53 30 dal
2966 5894 112 32 giorno
3098 5896 49 28 del
3167 5897 196 28 versumento
3384 5904 20 21 à
3424 5897 102 35 cuello
3547 5898 49 28 dei
3619 5900 185 33 pagamente
3827 5899 48 28 det
3897 5898 97 30 saldo.

2116 5932 214 35 Lvossessori
2352 5933 32 29 di
2407 5935 101 28 Budui
2531 5935 47 30 del
2603 5937 109 28 Tesoro
2734 5938 179 34 novennali,
2936 5938 154 29 Scadenza
3109 5940 32 28 B
3160 5940 124 36 maghio
3305 5938 67 32 iga
3387 5949 21 21 o
3433 5941 29 28 lb
3480 5942 166 28 novembie
3668 5942 75 33 Iga,
3767 5943 139 34 bortauti
3934 5942 31 28 la
3993 5943 107 28 cedola
4130 5943 31 26 lo
4188 5943 125 35 maggio
4342 5951 17 20 o
4391 5942 29 28 lõ
4450 5941 164 29 novembre
4644 5940 67 29 1934

2046 5976 281 34 rishettivumente,
2352 5985 133 28 possono
2509 5980 130 29 versarli
2663 5981 28 27 in
2716 5980 234 31 sottoscrizione
2977 5983 168 29 ottenendo
3172 5983 175 29 altrettanti
3375 5985 92 28 nuovi
3497 5986 109 34 kuoni,
3634 5986 54 35 più
3716 5987 21 28 it
3764 5987 152 28 rimborso
3936 5986 32 28 di
3987 5987 32 30 L.
4041 5988 61 32 Uõ
4121 5988 49 34 pel
4190 5988 94 34 primi
4303 5995 18 20 o
4341 5988 30 27 L.
4393 5987 85 34 pei
4498 5985 135 34 secondi,
4656 5992 56 31 per

2046 6025 75 29 ogni
2145 6020 50 28 100
2219 6019 58 29 lirs
2301 6021 31 28 di
2346 6022 114 30 valore
2485 6023 157 30 nominale
2665 6023 47 29 dei
2738 6024 98 29 Buoni
2861 6025 128 35 vorsati,
3012 6034 16 21 o
3048 6034 94 22 senzu
3163 6028 161 34 conteggio
3345 6028 39 31 di
3401 6030 169 30 interessi..

2150 6064 213 29 INTRkRbssIl
2383 6067 17 27 4
2420 6068 23 29 o
2466 6068 84 27 netto
2570 6068 137 35 pagahili
2729 6068 20 27 il
2768 6067 32 28 15
2819 6069 109 30 febhra

2043 6150 29 28 lo
2092 6159 16 20 o
2126 6151 43 29 27
2179 6152 123 29 ottohre
2321 6154 123 37 diſoni
2465 6157 106 32 anno),
2594 6164 82 22 eoine
2695 6163 115 28 segue:

2042 6198 19 34 1
2092 6201 143 46 premio
2264 6198 46 37 da
2324 6196 53 52 L.
2408 6201 125 55 .000.
2538 6203 75 35 000
2692 6226 204 23 —

2448 6273 451 43 500.000.

2041 6269 21 37 1
2147 6297 23 17 2
2280 6297 23 17 —
2349 6298 24 17 —

2936 6069 27 27 io
2987 6077 15 20 e
3025 6071 21 27 il
3069 6072 32 26 i5
3123 6072 109 34 ugosto
3255 6072 29 27 di
3306 6074 74 32 obni
3403 6080 92 22 anno.

3017 6205 40 37 L.
3090 6205 286 38 1.000.000;

3128 6262 250 56 500.000]

3458 6210 47 35 10
3533 6210 117 50 premi
3680 6210 45 37 da
3754 6211 40 37 L.
3825 6211 18 35 1

3028 6293 18 19 c.

3457 6280 47 34 12
3533 6282 116 48 premi
3678 6279 62 56 per

2103 6108 141 29 PREMl.
2270 6124 36 5 —
2329 6110 156 30 Ciascuna
2509 6113 79 27 seris
2603 6113 40 27 di
2685 6112 30 28 L.
2744 6111 13 28 1
2784 6113 146 31 miliurdo
2951 6113 32 29 di
3008 6115 103 31 Buoni
3136 6123 146 22 concorre
3307 6117 226 30 anuualmente
3559 6127 19 20 a
3603 6119 30 30 L.
3662 6119 144 34 B,000,c00
3825 6121 31 26 di
3877 6120 106 35 premi,
4007 6120 154 28 mediante
4182 6120 166 29 estrazioni
4368 6119 176 28 semestrali
4564 6118 45 37 (t
4630 6119 82 35 apri-

3850 6211 61 34 60.
3917 6211 74 35 000
4040 6236 12 11 .
4430 6208 40 36 L.
4503 6209 207 37 1000.000

3841 6308 8 11 D
3908 6308 9 11 D
3973 6307 10 12 9
4037 6308 11 14 —
4105 6307 9 14 1
4170 6308 10 13 9
4235 6307 9 15 —
4301 6307 8 13 D
4364 6303 10 14 9
4416 6274 51 50 L.
4502 6258 204 64 2566500

2109 6329 41 29 Lo
2177 6330 231 31 sottoseriziouli
2433 6338 76 24 souo
2536 6334 133 29 ricevute
2696 6340 105 29 presso
2830 6336 77 29 tutte
2928 6335 28 29 le
2978 6337 107 29 Piliuli
3105 6338 49 29 dei
3174 6337 142 36 seguenti
3337 6332 73 34 Eiti
3432 6347 14 19 e
3469 6339 128 35 Istituti,
3619 6341 198 34 componenti
3837 6340 22 28 il
3883 6340 166 29 Consorzio
4069 6327 35 41 di
4127 6340 173 32 emissione,
4325 6330 181 44 presiedi
4639 6340 70 27 Bũ

2040 6378 37 24 cd
2095 6373 147 29 diltaliu:

2142 6417 128 30 Istituio
2317 6418 170 41 Ndtonale
2536 6421 77 31 delle
2637 6412 231 43 assicurazioni
2890 6441 35 6 —
2944 6424 126 30 Istitulo
3094 6426 170 28 Varionale
3288 6426 143 29 Vascisle
3455 6428 83 28 della
3561 6428 193 30 Brevidenza
3777 6428 122 30 Sociale
3913 6444 36 6 —
3964 6430 108 28 Benco
4088 6429 174 29 d'Ilalio
4232 6423 38 45 —
4277 6428 105 29 Banco
4400 6427 43 30 di.
4453 6428 111 36 Vanoli
4580 6443 33 8 —
4628 6428 81 28 Ban-

2037 6467 34 23 co
2094 6461 33 29 di
2150 6461 111 30 Stcitia
2282 6477 36 7 —
2340 6464 107 31 Banco
2468 6464 169 32 Nationale
2660 6466 48 30 del
2732 6467 118 30 Lavoro
2872 6485 35 8 —
2925 6468 127 31 lStituto
3075 6471 31 28 di
3127 6471 65 29 San
3214 6470 93 28 haclo
3331 6470 31 29 in
3386 6471 113 29 Torino
3519 6489 35 7 —
3574 6474 104 30 LUonte
3700 6473 50 29 del
3770 6473 117 29 paschi
3915 6474 31 28 di
3974 6474 96 28 Siena

3478 6517 44 35 (in
3549 6520 269 33 rappresentanz
3837 6516 79 30 delle
3945 6518 95 29 Casse
4067 6518 31 28 di
4127 6516 174 37 Rispermio
4331 6517 182 33 asscctate),
4539 6532 36 7 —
4602 6517 110 27 Bancœ

2039 6505 94 31 Casse
2158 6506 32 30 di
2216 6507 179 36 Etisparmio
2420 6509 133 31 ltaltne
2578 6518 15 21 e
2617 6510 123 29 lstituto
2765 6513 31 28 di
2821 6514 101 29 Credit

2927 6520 15 21 o
2970 6513 78 29 Celle
3076 6516 93 28 Casse
3196 6515 31 29 di
3255 6514 177 34 isparmio

4158 6473 215 29 ASSociazione
4402 6473 170 30 Nazionale
4602 6473 52 35 fra
4682 6472 28 28 le

2038 6544 219 62 Commereidte
2285 6552 140 30 Italiano
2444 6568 34 7 —
2500 6554 121 30 Credito
2643 6555 136 30 Italiano
2798 6573 37 7 —
2856 6559 104 28 Banco
2983 6559 32 28 di
3037 6559 99 29 ltoma
3155 6575 37 7 —
3211 6559 123 29 Societd
3355 6561 141 28 latiand
3516 6569 55 28 ver
3591 6562 28 29 tè
3640 6562 113 29 Strade
3775 6563 130 28 Perrate
3951 6561 200 29 Meridionali
4173 6577 35 5 —
4234 6561 109 30 hancd
4370 6562 176 28 camerico
4574 6569 15 20 e
4617 6560 57 29 cσ
4681 6567 31 20 a-

2043 6592 93 73 5
2160 6596 128 30 IStituio
2312 6597 136 30 lialiano
2472 6598 33 30 di
2531 6600 119 28 Credito
2675 6600 173 31 Marittimo
2871 6618 35 7 -
2924 6602 109 30 Banca
3058 6604 155 35 Popotare
3240 6604 207 35 Cooperaliva
3472 6607 156 28 Anonima
3654 6607 32 28 di
3710 6607 129 28 Vovara
3860 6621 37 8 —
3919 6606 106 30 Banco
4060 6605 205 31 ambroslano
4287 6621 37 9 —
4346 6606 108 29 hanco
4487 6605 156 36 Popolare
4679 6603 34 29 di

2035 6645 128 24 4liluno.

4518 2432 77 38 ſeine
4638 2432 163 40 Freude.

3868 2472 97 30 daran
3994 2472 60 36 hat,
4081 2472 47 31 bis
4154 2480 67 29 zum
4249 2471 214 40 beſchwingten
4491 2472 94 32 Ende.
4613 2470 149 33 Gennaro

4414 3472 56 32 mit
4511 3473 95 32 denen
4648 3480 32 23 er
4720 3472 34 31 in
