5157 7043
0 228 70 33 14.
84 225 161 64 Dezember
263 258 37 30 i

0 322 35 38 aß
61 322 49 38 für
134 324 56 35 den
215 332 20 14 8

31 361 46 33 —
102 362 24 39 .

2 410 32 24 er
58 402 145 42 Mſchfuß
226 392 79 58 än

0 450 34 24 en
42 437 263 75 Antikonimnd

28 581 163 41 Muſſollni
219 598 52 31 und

0 632 191 40 zukareſt,
223 640 24 33 3.
270 648 18 34 8

16 679 231 45 Verſammlung
266 696 13 30 8

4 728 37 24 ne
68 719 83 35 Rede
178 727 103 40 gehadz

0 759 25 39 e
52 760 31 32 in
120 764 109 37 großer

0 800 51 32 der
74 800 142 37 bekannte
238 809 62 44 —

40 840 229 42 internationate

0 879 104 38 ſſolini
127 881 62 33 und
209 885 83 42 Hiller

1 915 276 56 enübergeſtanden.

0 967 62 23 mer.
87 959 31 32 in
145 960 53 33 der
222 965 63 40 letzie

0 998 37 38 af
66 998 63 37 ihre.
155 1000 157 54 Handinz,

1 1039 73 38 ſtigt
93 1047 76 25 war.
189 1041 59 35 Der
264 1059 13 21 z

0 1077 115 34 Gerken
143 1087 60 26 nur

0 1153 199 50 erſammlung
227 1157 75 59 ſprach

0 1206 17 36 r,
63 1197 52 32 des.
163 1199 120 45 Koͤnigs

5 1237 67 33 eine,
98 1237 194 46 Sympathien

0 1276 127 39 ffentlich
149 1288 67 25 aus.

0 2614 27 76 —
0 2447 60 115 W
0 2302 41 85 er

0 2851 38 53 V.
0 2730 40 34 .

0 3187 23 75 —

6 3573 6 9 —
0 3382 33 75 11

413 485 63 32 Von
495 476 33 35 8.
549 472 37 40 H.
627 470 185 34 Rösler.

386 542 76 39 giebe
483 533 51 41 hat
556 530 57 33 das
636 529 95 40 nichts
751 537 37 32 zu
811 530 66 33 tun.
899 528 72 33 Nur
993 530 56 32 mit

370 573 188 36 „Fng“der
584 569 132 40 Gefühie
761 568 63 34 und
871 568 68 33 dem
965 566 82 35 Aus⸗

369 584 120 77 .—..

387 643 109 56 oeden
517 649 134 38 Auch
675 657 90 25 wenn
789 648 47 33 die
859 646 107 34 Worte
989 657 58 39 we⸗

428 695 56 36 ind
509 691 49 32 die
582 689 111 39 Geſten
717 688 244 40 unfreundlicher
984 688 63 39 ſind

420 735 69 37 nicht
508 730 86 39 mehr
613 729 28 39 ſo
661 729 68 39 heiß
748 729 63 32 nd
833 729 27 39 ſo
881 729 167 47 brennend,

362 760 125 57 Eb
510 770 182 32 verlraliter
735 768 83 33 Nan
842 768 34 40 iſt
898 768 29 39 ſo
951 769 96 32 mein⸗

364 804 83 55 bi
467 819 72 26 man
563 809 33 39 iſt
619 809 49 33 ein
679 797 79 66 Teil
767 808 67 48 des
856 809 123 46 andern
998 815 48 33 ge⸗

429 862 57 27 er
514 850 34 39 iſt
577 848 81 38 ſchon
686 856 38 30 i
752 848 51 38 ſich
823 848 92 38 ſelbſt
943 848 104 39 hofůch

364 904 44 74 t
431 940 64 34 zum
521 928 95 40 erſten
661 928 72 38 Mal,
779 927 66 48 bei.
870 928 60 47 der,
946 928 100 38 Hand.

369 968 159 49 triannel“
558 968 64 39 jagt
652 977 40 23 er.
741 968 44 31 Er
814 966 69 49 küßt
912 967 38 39 ſie
977 975 70 41 zum

445 1010 64 38 „Du,
538 1009 83 31 mein
650 1007 114 33 Lebenl
815 1007 91 32 Mein
927 1006 105 49 Glück

359 1038 227 63 leiſebſtein
629 1046 60 34 S
711 1047 150 39 afen.
881 1046 166 41 Liebiſe

366 1089 166 47 Keheiratet.
586 1086 225 38 „Marianne!“
860 1086 66 33 Und
958 1095 89 25 wenn

364 1144 36 34 ir
419 1136 85 33 lange
526 1127 114 32 wührt:
665 1126 119 38 „Frau!
807 1121 120 57 Komm.
941 1122 84 48 her!“

363 1159 66 61 n
454 1168 93 38 erſten
605 1166 164 40 Stelldichein
814 1174 37 32 zu
879 1166 65 39 ſpät
971 1167 76 39 kam,

361 1225 45 30 nr
430 1207 127 43 fröhlich,
582 1205 60 40 daß
687 1206 38 39 ſie,
770 1207 175 38 gelommen
971 1215 75 25 war.

357 1256 59 38 ſſo
436 1247 137 42 glücklich.
592 1246 60 39 daß
674 1246 40 33 du
732 1253 38 32 zu
791 1247 61 32 mir
872 1247 174 39 gekommen

358 1305 18 29 ß
400 1288 91 39 Erſie
519 1294 70 32 zum
617 1286 126 39 zehnten
773 1285 90 34 Male
892 1286 63 39 traf
984 1288 62 47 und

364 1337 72 42 jnten
458 1328 88 32 Male
566 1326 190 47 unpünktlich
778 1334 77 31 war,
872 1334 55 32 zog
948 1335 32 24 er
1000 1327 46 33 die

360 1383 50 29 ſes
432 1367 73 40 nicht
528 1367 63 31 nett
613 1373 62 25 von
697 1373 71 31 mir,
790 1366 61 37 daß
875 1367 38 38 ich
937 1366 110 48 immer

367 1410 71 39 bin!“
483 1406 58 32 Als
568 1414 32 23 er
627 1404 98 40 ſpäter
751 1405 55 39 auf
832 1406 76 39 ſeine,
955 1415 91 30 junge

354 1459 54 33 fele
431 1448 59 32 und
514 1446 38 39 ſie
577 1446 76 37 Lam,
677 1445 86 33 nickte
787 1454 45 24 er:
857 1445 89 40 „Alſo
970 1446 76 39 habe

375 1489 86 37 Wette
489 1486 56 32 mit
573 1484 80 33 Kurt
682 1484 66 40 doch
778 1492 180 32 gewonnen,
986 1486 60 39 daß

357 1524 216 46 umpünktlich
605 1524 61 39 ſein
699 1523 109 41 wirſt“
815 1519 38 55 .
860 1525 83 33 Aber
974 1527 70 38 auch

357 1584 22 24 ze
403 1566 170 38 vergingen.
623 1563 58 33 Als,
712 1573 31 23 er
772 1565 111 33 wieder,
933 1566 113 32 einmal

353 1608 105 40 ſpartete
478 1605 61 31 und
561 1604 36 38 ſie
619 1604 110 38 endlich
750 1612 53 24 um
823 1605 47 32 die.
890 1605 68 33 Ecke
978 1606 68 39 bog,

357 1660 48 28 int:
429 1645 69 39 „Jch
522 1644 98 38 dachte
645 1643 91 39 ſchen,
758 1643 58 33 Dir
840 1645 84 46 wäre
947 1646 97 46 etwas

367 1697 44 27 uͤm
434 1685 110 33 wieder
568 1682 99 41 einige
689 1682 99 40 Jaͤhre
812 1682 99 41 ſpäter
934 1684 111 39 einfach

396 1725 57 35 und
477 1722 74 40 nicht
571 1723 70 33 eine
663 1722 127 48 Minute
811 1724 86 47 über,
909 1723 47 33 die
979 1723 67 40 Zeit

384 1772 84 28 wenn
489 1764 36 39 ſie
548 1762 76 38 nicht,
645 1763 146 39 pünkllich
814 1763 133 48 erſchien.

351 1814 25 36 ſie
397 1809 53 29 das
475 1802 167 40 erſte,Mal
686 1802 77 40 „ſeine
787 1802 200 49 Einladung.
1008 1812 36 31 zu

350 1845 164 40 ſneinlamen
541 1841 186 40 Abendeſſen
753 1843 163 37 annimmt,
943 1844 103 46 Pringt

352 1890 41 34 ſic
416 1884 100 32 keinen
539 1881 103 41 Biſſen
665 1883 153 38 hinunter,
842 1882 72 39 „Jch
939 1883 106 48 könnte

354 1933 85 30 mir,
461 1921 135 41 zuſehen?
622 1929 90 25 wenn
738 1921 39 33 du
806 1921 77 40 iht!“
928 1922 118 48 „Seiner

351 1977 42 26 tau
416 1963 97 41 ſchiebt
534 1969 35 25 er
592 1961 46 33 die
660 1962 98 39 beſten
780 1962 103 39 Biffen
904 1962 140 39 hinüber.

352 2008 51 33 ſeckt
421 2011 31 24 es
471 2010 70 29 nur,
560 2009 91 25 wenn
670 2002 58 32 wir
745 2001 174 39 zuſammen
939 2002 104 39 eſſen.“

356 2049 25 39 ſt
402 2052 30 24 er
456 2041 49 40 ſich,
531 2041 47 33 die
604 2042 93 38 guten,
721 2041 103 39 Biſſen,
868 2041 175 40 zuſchieben,

370 2084 89 34 meine
489 2080 100 37 Liebe,
638 2080 92 33 Liebe
759 2076 108 48 macht
883 2076 160 48 Hunger!“

350 2122 127 38 kammt
499 2121 48 32 die
569 2120 79 40 Zeit,
674 2129 47 23 wo
745 2129 34 25 er
802 2120 101 40 ſchnell
925 2122 118 39 hinein⸗

352 2174 44 24 vas
426 2162 35 39 ſie
491 2160 62 39 ihm
584 2159 142 40 Auftiſcht,
755 2161 63 32 und
849 2161 60 32 viel
939 2161 105 40 früher

352 2205 72 37 Eſſen
449 2200 89 40 fertig
563 2200 77 32 wird
665 2201 48 31 als
736 2200 47 39 ſie.
828 2201 67 37 „Du
920 2201 44 38 ißt,
989 2202 54 32 im⸗

352 2245 24 33 Ji
421 2241 81 38 fragt,
550 2249 32 23 er
611 2240 204 33 verwundert.
866 2240 72 40 „Jch
967 2241 76 39 habe

351 2295 26 23 en
401 2279 156 40 Menſchen
585 2279 132 39 geſehen,
743 2281 53 31 der
823 2280 28 39 ſo
879 2281 59 32 viel
966 2281 76 39 ißt!“

349 2326 16 38 ſt
384 2331 29 23 es
437 2321 63 31 kein
523 2320 104 31 weiler
650 2319 76 40 Weg
749 2319 95 39 mehr,
868 2329 47 25 wo
940 2329 32 24 er
995 2322 46 31 be⸗

352 2365 41 35 ugt
410 2368 35 32 zu
465 2360 85 40 eſſen,
569 2360 92 32 bevor
680 2360 38 36 ſie
737 2368 51 25 am
806 2360 80 40 Tiſch
904 2360 56 40 ſitzt
979 2362 62 32 und

354 2403 54 38 lzeit'
436 2400 56 31 mit
521 2400 68 31 dem
618 2399 163 40 trefflichen
812 2400 88 33 Wort
933 2401 108 39 würzt:

362 2443 22 37 ſo
406 2439 69 32 viel!
518 2438 49 33 Du
591 2439 82 38 wirſt
695 2439 29 38 ja
748 2440 109 33 immer
880 2441 120 32 dicker!“

352 2482 38 40 ſich
408 2479 69 40 nach
496 2479 96 38 ihrem
612 2479 95 39 erſten
725 2479 194 40 Stelldichein
938 2482 104 32 trenn⸗

346 2532 13 23 ſ
381 2521 71 38 ſeine
477 2517 88 41 Füße
611 2520 58 31 wie
695 2519 79 32 Blei.
821 2521 220 39 Stundenlang

352 2571 9 23 e
382 2567 51 24 vor
456 2558 53 33 der
534 2558 151 39 Haustür.

375 2600 81 36 Auge
482 2598 94 39 zutun
600 2613 42 8 —
668 2599 39 38 ich
737 2599 99 33 werde
861 2601 112 32 immer
999 2609 43 25 an

346 2650 23 23 en
391 2639 58 31 und
480 2644 74 27 von
580 2638 48 33 dir
653 2639 176 33 träumen!“
875 2640 83 32 Aber
984 2640 57 33 das

365 2677 72 39 Nach
461 2677 67 33 dem
553 2677 120 40 fünften
697 2678 193 41 Stelldichein
916 2681 67 32 eilte
1009 2690 32 23 er

347 2719 118 37 räum
492 2726 61 25 von
581 2718 71 38 mir,
699 2718 173 44 Liebling!“
921 2720 58 32 Als
1010 2729 31 24 er

344 2756 98 40 Reiſe
461 2757 116 39 antrat,
597 2757 80 40 ſagte
698 2767 32 24 er
750 2759 120 41 betruͤbt
888 2768 38 31 zu
946 2759 96 40 ſeiner

350 2807 53 24 tau:
426 2795 70 42 „Jch
520 2796 98 33 werde
642 2797 63 41 ſehr
726 2799 122 40 traurig
871 2799 71 39 ſein,
964 2801 77 37 ohne

350 2839 41 37 ünf
412 2836 98 40 Jahre
534 2836 99 40 ſpäter
659 2837 51 33 bat
735 2847 32 23 er
791 2838 40 39 ſie
875 2840 79 31 beim
979 2838 61 34 Ab⸗

732 2559 71 39 „Jch
830 2560 100 42 werde
954 2561 95 38 heute

1825 284 23 13 ——

1082 355 100 38 ſchied:
1209 356 80 37 „Gib
1315 357 75 40 nicht
1414 365 38 32 zu
1477 357 60 32 viel
1563 356 77 33 Geld
1667 357 170 40 inzwiſchen
1861 356 95 34 aus!“

1080 402 53 25 um
1157 395 153 42 ſchließlich
1333 398 72 39 nach
1426 397 121 40 Jahren,
1570 397 47 31 bei
1639 396 68 33 den
1728 398 141 48 üblichen
1885 397 70 39 Satz

1079 442 36 31 zu
1139 437 109 32 enden:
1272 437 117 41 „Beruf
1412 438 34 39 iſt
1469 435 100 42 Beruf
1588 450 42 8 —
1651 443 95 28 wann
1768 438 39 40 ich
1830 438 124 33 wieder⸗

1081 475 124 39 komme,
1231 476 79 41 weiß
1335 476 39 42 ich
1399 477 70 41 noch
1495 475 77 41 nicht
1594 490 41 8 —
1660 483 33 25 es
1717 478 47 32 tut
1789 485 78 32 ganz
1892 478 63 40 gut,

1080 523 89 24 wenn
1194 524 75 25 man
1294 516 115 34 einmal
1435 519 49 33 ein
1510 523 78 33 paar
1613 515 84 40 Tage
1722 525 61 25 von
1808 518 146 34 einander

1078 554 172 40 ausſpannt
1276 556 62 33 und
1365 557 52 41 ſich
1444 556 94 40 nicht
1549 550 91 52 immer
1685 556 98 40 ſieht.“

1117 612 43 31 Er
1181 613 155 40 begleitete
1357 613 78 41 ſeine
1455 614 104 33 Braut
1570 619 63 41 zur
1652 612 207 40 Schneiderin.
1883 615 69 38 Jch

1077 650 78 72 J
1180 653 85 32 dein?
1290 652 307 41 SchneiderintSie.
1621 653 91 48 faubt
1736 663 61 24 uns
1823 655 130 39 toſtbare

1120 693 105 32 muten
1252 692 52 33 des
1331 690 300 43 Zuſammenſeinst“
1669 690 55 36 Die
1749 693 92 41 junge
1867 693 85 40 Frau

1078 731 154 39 begleitete
1263 741 33 24 er.
1326 733 109 40 ſrumm
1484 741 56 32 zur
1570 731 205 48 Schneiderin.
1827 733 58 32 Als
1915 735 37 38 ſie

1078 770 108 40 läfger
1206 773 181 38 verheiratet
1408 782 116 28 waren,
1545 772 60 39 ließ
1627 780 31 23 er
1680 772 35 38 ſie
1737 774 91 31 allein
1850 774 101 39 gehen.

1077 809 59 32 Als
1162 810 37 40 ſie
1224 812 69 39 noch
1319 813 108 40 länger
1452 813 182 39 verheiratet
1661 820 114 31 waren,
1801 813 80 39 ſagle
1907 822 44 23 er:

1079 849 119 39 „Schon
1238 852 111 32 wieder
1389 854 48 32 ein
1468 852 109 33 Kleid?
1616 850 117 40 Wozu?
1773 851 49 33 Du
1854 852 100 39 bleibſt

1078 889 120 39 daheim
1220 892 62 31 und
1306 891 147 41 Schluß!“

1118 936 68 33 Wie
1213 938 90 39 lachte
1330 948 32 25 er
1390 942 62 31 und
1481 940 123 39 ſtrahlte
1632 939 73 32 über
1753 940 60 39 ſein
1843 936 111 55 ganzes

1079 976 121 40 Geſicht,
1225 979 48 31 als
1297 979 38 38 ſie
1359 980 62 39 ihm
1443 988 71 31 zum
1538 979 94 39 erſten
1657 978 87 35 Male
1770 980 87 31 einen,
1883 980 72 37 Witz

1078 1017 137 39 erzahlte⸗
1262 1018 217 34 Bewundernd
1527 1020 112 32 drückte
1686 1026 31 25 er
1765 1019 63 39 ihre
1855 1019 99 48 Hand.

1079 1056 87 36 „Wie
1195 1058 117 38 reizend
1342 1059 39 32 du
1411 1059 90 39 Witze
1529 1058 139 39 erzählen
1698 1059 113 37 kannft!
1862 1060 93 35 Bitte,

1079 1097 82 37 bitte,
1179 1098 98 38 erzäͤhl
1294 1099 69 38 noch
1381 1098 121 34 eineni!
1540 1099 58 32 Als
1616 1098 60 38 ihm
1681 1098 60 46 die
1759 1098 91 38 junge
1868 1097 86 39 Frau

1079 1136 88 32 einen
1192 1137 71 39 Witz
1288 1138 138 40 erzählte,
1450 1139 90 39 lachte
1564 1146 33 24 er
1620 1138 132 47 darüber
1776 1139 71 46 und,
1862 1136 92 41 ſagte:

1080 1176 101 39 „Sehr
1203 1177 66 38 gull
1313 1177 66 33 Den
1401 1180 100 31 werde
1524 1179 39 38 ich
1585 1184 127 40 morgen
1736 1186 42 23 im
1800 1177 88 32 Büro
1912 1186 43 22 er⸗

1077 1216 133 38 zählen.“
1254 1216 84 40 Fünf
1359 1218 98 40 Jahre
1480 1218 99 39 ſpäter
1600 1217 117 38 lächelte
1741 1225 32 24 er
1794 1224 60 25 nur
1878 1217 77 37 noch.

1078 1255 108 40 Ganz
1202 1257 76 32 nett!
1297 1256 112 41 Woher
1425 1258 64 39 haſt
1505 1258 41 32 du
1563 1258 58 31 den
1639 1256 113 40 Witz?“
1769 1257 44 31 Es
1831 1257 124 31 dauerke

1078 1295 75 38 nicht
1178 1297 85 38 mehr
1287 1297 101 39 lange,
1413 1298 83 32 dann
1523 1298 78 31 blieb
1627 1305 33 23 er
1677 1297 147 38 todernſt.
1871 1296 84 38 „Das

1079 1335 51 39 ſoll
1151 1336 49 33 ein
1219 1336 73 39 Witz
1313 1336 81 39 ſein?
1435 1337 83 40 Muß
1539 1338 39 37 ich
1599 1336 140 39 lachen?“
1761 1336 66 32 Und
1848 1344 106 25 neuer⸗

1078 1375 91 39 dings
1196 1376 92 32 winkk
1313 1384 31 24 er
1370 1377 80 38 ſchon
1475 1377 109 39 vorher
1610 1376 48 32 ab.
1703 1376 120 37 „Uralt!
1850 1375 104 33 Kenne

1079 1415 51 38 ich!
1173 1415 71 40 Haſt
1265 1416 39 31 du
1327 1417 126 38 wirklich
1475 1415 93 39 nichts
1590 1416 129 32 anderes
1742 1417 42 31 im
1805 1415 80 40 Kopf
1906 1415 49 32 als

1077 1454 86 32 deine
1188 1456 117 38 ewigen
1330 1456 143 33 dummen
1498 1455 130 40 Witze?“

1116 1510 25 32 O
1165 1511 59 32 wir
1246 1511 152 34 Männer!
1442 1511 69 33 Wie
1534 1512 148 39 männlich
1705 1512 62 33 und
1790 1512 163 39 unzärtlich

1077 1550 62 39 ſind
1162 1551 58 32 wir
1241 1551 76 39 doch,
1339 1560 89 24 wenn
1452 1552 57 32 wir
1529 1559 62 24 uns
1611 1552 58 32 den
1672 1548 282 56 Vierzigerjahren

1078 1589 130 39 nähern!
1258 1591 81 38 Haͤbt
1369 1591 130 38 Geduld,
1530 1592 47 38 ihr
1606 1590 138 39 Frauen!
1795 1591 81 33 Über
1906 1600 48 25 ein

1076 1628 149 40 Weilchen
1255 1630 121 34 werden
1405 1632 59 31 wir
1493 1632 110 31 milder
1630 1631 62 32 und
1723 1631 88 40 ſagen
1843 1633 110 31 wieder

1075 1675 37 31 zu
1133 1669 79 39 euch:
1235 1669 132 40 „Liebſte
1388 1671 185 32 Marianne!
1613 1670 55 72 —
1690 1671 50 33 bin
1763 1673 28 37 ja
1813 1671 28 39 ſo
1885 1673 68 31 glück⸗

1076 1708 62 39 lich,
1161 1708 60 40 daß
1246 1708 40 32 du
1312 1710 173 37 gekommen
1511 1709 86 40 biſt!“
1670 1710 38 33 Und
1735 1711 111 33 wieder

1077 1747 57 32 ben
1154 1748 59 32 wir
1232 1749 65 38 euch
1317 1749 46 32 die
1382 1749 97 40 beſten
1498 1749 103 40 Viffen
1619 1758 37 31 zu
1675 1751 61 32 und
1755 1750 107 39 freuen
1882 1760 72 29 uns,

1078 1794 89 25 wenn
1192 1796 33 23 es
1250 1788 65 38 euch
1340 1788 134 40 ſchmeckt.
1520 1789 67 32 Und
1612 1790 59 31 wir
1714 1791 62 37 ſind
1822 1792 130 37 traurig;

1077 1834 89 24 wenn
1194 1827 47 39 ihr
1268 1828 77 39 geht,
1372 1830 61 31 und
1462 1829 147 38 begleiten
1637 1830 65 37 euch
1750 1839 84 30 gern,
1880 1831 71 39 auch

1076 1873 89 24 wenn
1188 1875 32 23 es
1240 1874 56 32 zur
1316 1867 199 40 Schneiderin
1536 1869 43 39 iſt.

1366 1923 131 34 —
1497 1935 97 18 —

1071 1977 96 43 Vor
1181 1978 168 53 dreißig
1361 1978 168 54 Jahren
1544 1980 110 52 jtarb
1669 1980 77 44 der
1759 1980 198 54 Schmerz

1111 2040 65 32 Vor
1198 2041 79 32 rund
1298 2041 38 31 90
1355 2041 131 40 Jahren,
1507 2043 43 32 im
1570 2042 174 34 November
1764 2043 87 38 1847,
1872 2049 81 25 wur⸗

1073 2080 34 32 de
1138 2080 56 33 das
1227 2081 194 40 Chloroform
1452 2081 131 34 entdeckt.
1617 2082 172 43 Profeſſor.
1841 2083 112 34 James

1074 2119 111 42 Houng
1216 2121 158 40 Simpſon,
1403 2122 52 32 der
1484 2121 93 41 Sohn
1607 2122 83 33 eines
1721 2123 138 38 Bäckers,
1889 2130 65 23 ver⸗

1074 2160 122 33 lündele
1223 2161 76 39 ſeine
1325 2162 185 40 Entdeckung
1537 2163 82 32 einer
1644 2163 196 40 zweifelnden
1866 2163 88 33 Welt.

1073 2199 149 41 Simpſon
1250 2209 68 24 war
1345 2202 110 38 vorher
1485 2203 33 31 in
1547 2202 51 33 der
1627 2202 329 40 Entbindungsanſtalt

1072 2239 51 33 der
1153 2241 213 40 Edinburgher
1395 2242 183 40 Univerſität
1607 2243 150 80 —1
1811 2243 143 72 e

1074 2280 61 32 und
1162 2289 32 24 er
1218 2281 101 37 wollle
1345 2281 81 41 ſchon
1451 2282 57 33 den
1533 2282 148 40 Arztberuf
1721 2283 160 40 aufgeben,
1907 2283 48 32 als

1073 2320 63 39 ihm
1158 2321 144 40 während
1325 2323 83 31 einer
1429 2322 171 40 Operation
1622 2323 50 32 ein
1695 2324 147 39 Mädchen
1865 2325 89 30 uͤnter

1074 2359 171 40 gräßlichen
1275 2361 181 40 Schmerzen
1488 2364 89 31 unter
1607 2362 57 33 den
1695 2362 127 40 Händen
1864 2370 89 40 weg⸗

1073 2401 88 38 ſtarb.
1184 2400 83 33 Aber
1291 2408 31 25 er
1345 2401 122 34 änderte
1491 2402 77 39 ſeine
1590 2402 113 40 Abſicht
1726 2405 61 31 und
1811 2402 142 41 entſchloß

1072 2440 50 63 ſih
1156 2441 49 32 ein
1228 2440 106 33 Mittel
1356 2450 96 32 gegen
1472 2442 47 33 die
1542 2442 81 33 Qual
1644 2443 52 32 des
1719 2443 176 40 Schmerzes
1917 2450 37 33 zu

1073 2480 108 39 ſuchen.
1208 2481 43 32 Er
1279 2481 58 40 gab
1364 2483 47 32 bei
1436 2482 94 40 dieſer
1554 2482 98 40 Suche
1678 2483 93 41 große
1795 2484 158 38 Summèn

1072 2528 69 30 gus,
1163 2521 73 32 aber
1259 2529 34 24 es
1316 2522 109 40 gelang
1449 2522 62 40 ihm
1533 2522 86 41 nicht,
1641 2524 50 32 ein
1712 2523 240 41 befriedigendes

1072 2559 107 33 Mittel
1200 2569 36 32 zu
1260 2560 114 41 finden,
1398 2563 49 32 bis
1472 2562 63 40 ihm
1558 2564 49 32 ein
1630 2562 137 41 obſturer
1788 2564 165 41 Liverpoo⸗

1073 2600 44 32 ler
1143 2600 155 44 Chemiker
1325 2601 56 33 das
1409 2603 242 40 neuhergeſtellte
1677 2603 196 41 Chloroform
1900 2612 53 24 an⸗

1072 2639 59 33 bot.
1180 2641 148 39 Simpfon
1356 2642 161 72 ——*
1544 2644 101 39 zuerſt
1666 2644 142 40 heftigem
1836 2645 116 32 Wider⸗

1069 2680 95 39 ſtand,
1184 2681 81 41 ſelbſt
1284 2690 59 24 aus
1363 2682 158 40 religiöſen
1540 2683 159 40 Gründen,
1719 2687 72 30 aber
1813 2694 31 23 er
1864 2684 87 37 über⸗

1072 2721 91 32 wand
1188 2722 58 31 alle
1272 2720 124 41 Gegner
1419 2723 86 39 durch
1531 2724 57 32 das
1609 2723 109 34 Mittel
1742 2723 90 42 ſelbſt.
1857 2725 95 39 Heute

1071 2760 69 39 noch
1167 2760 77 34 wird
1271 2761 57 33 das
1356 2761 196 41 Chloroform
1577 2756 80 52 zwar
1673 2764 89 39 nicht
1788 2763 86 40 mehr
1921 2765 31 31 in

1071 2799 68 34 dem
1160 2800 162 42 Umfange,
1344 2802 73 33 aber
1439 2803 33 33 in
1492 2803 53 33 der
1567 2803 125 41 gleichen
1714 2803 59 34 Art
1795 2803 157 42 gebraucht

1071 2840 59 32 wie
1153 2848 57 25 vor
1231 2842 130 41 neuͤnzig
1384 2842 129 41 Zahren.

347 2950 190 115 ouch
607 2949 183 100 und
858 2948 318 122 Kiſſen

333 3103 65 40 Jwan
417 3102 60 32 und
498 3102 47 31 die
564 3102 175 38 Ottomane,
756 3102 51 32 die
825 3103 215 40 ehrwürdigen

350 3152 10 23 r
377 3143 98 38 Couch,
499 3143 62 38 ſind
586 3142 116 33 Kinder
725 3144 53 30 des
802 3143 136 33 Orients.
982 3145 58 32 Sie

363 3184 73 37 ihren
464 3183 172 39 Siegeszug
665 3192 55 23 vor
748 3185 77 30 etwa
853 3184 39 30 60,
918 3184 122 43 Jahren

344 3224 16 30 ie
378 3223 163 37 gegenüber
564 3222 79 33 allen
667 3222 162 40 Kanapees
852 3224 63 32 und
938 3224 101 40 Söfas

354 3263 231 38 Vequemlichkeit
617 3264 98 37 boten,
767 3263 27 38 ſo
836 3265 128 32 wurden
1002 3265 38 39 ſie

343 3303 23 35 ih,
389 3303 121 31 wurden
536 3311 68 30 zum
631 3303 215 39 unſterblichen
871 3304 69 39 Typ
987 3305 53 31 des

344 3352 41 26 ers,
412 3343 49 38 auf
490 3344 67 31 dem
586 3352 73 23 man
688 3344 49 38 ſich
767 3343 78 39 ſeine
871 3345 168 39 Ureigenſte

346 3383 64 35 ihkeit,
461 3383 227 39 improviſiexen
721 3387 87 29 kann.

350 3422 131 37 egenüber
511 3422 89 39 allen,
630 3422 82 38 jeder
740 3423 89 38 Ruhe

880 3424 158 39 abholden,

349 3471 82 28 urzen,
453 3462 69 40 bald
544 3471 37 30 zu
605 3461 143 41 ſchmalen
771 3463 101 40 Sitzen
895 3464 62 32 und
981 3464 57 33 den

841 3504 75 32 aller
943 3503 94 41 Sofa⸗

343 3582 20 30 ür
381 3582 40 31 die
443 3582 169 37 Nachtruhe
636 3562 108 53 erwies
751 3563 63 59 ſich
841 3562 47 53 die
909 3559 136 67 Diwan.

838 3623 48 32 als
918 3624 118 39 irgend⸗

347 3502 80 37 löglich
474 3502 169 39 gewölbten
670 3502 123 41 Lehnen

346 3621 155 40 mGattung
533 3622 90 39 beſſer
653 3623 135 39 geeignét

345 4222 187 60 —

336 4299 39 24 ere.
422 4296 75 33 Eine
524 4296 188 40 Kleinigkeit,
741 4299 35 38 ſie
804 4308 68 31 zum
900 4300 72 32 Bett
997 4308 38 31 zu

346 4332 60 46 „Die
425 4335 122 40 Technik
567 4338 175 39 bemächtigt
761 4339 50 38 ſich
831 4339 92 40 dieſer
942 4339 93 40 Rög—

331 4375 98 41 ſſtaltet
447 4375 37 40 ſie
504 4385 68 29 aus,
592 4379 61 30 und
675 4387 31 23 es
727 4379 147 38 entſtehen
891 4379 144 39 Diwans,

331 4418 41 32 kag.
397 4414 180 41 ſybaritiſche
603 4417 176 40 Ruhelager
824 4419 70 33 und.
932 4420 101 38 nachts

337 4459 8 21 e
361 4454 104 44 Vetten
489 4456 59 39 ſein
572 4457 125 33 können.

334 4493 161 43 Ländern
524 4497 51 32 der
603 4497 160 39 herriſchen.
792 4498 160 40 Ausmaße
980 4500 54 40 auf

343 4535 65 30 ielen.
432 4534 101 41 wüchſt
557 4537 57 32 das
638 4546 77 25 neue
739 4538 111 33 Möbel
868 4547 56 31 zur
946 4538 86 42 Sau⸗

333 4573 114 38 werhält
475 4577 57 31 den
568 4577 131 39 ziemlich
749 4578 111 39 wüften“
909 4579 122 33 Namen

333 4613 44 29 und
401 4614 74 33 wird
498 4617 69 38 trotz
591 4617 52 32 der
666 4617 206 40 ſchauerlichen
897 4619 134 33 Benam—

352 4654 214 44 unerläßlichſte
595 4656 138 40 Requiſit
781 4658 53 33 des
864 4659 166 34 modernen

332 4727 84 48 hnelle
446 4735 205 41 Verbreitung,
703 4737 30 33 in
764 4738 52 33 der
845 4738 186 34 Kulturwelt

329 4769 97 43 Couch,
447 4775 80 39 wohl
547 4784 56 24 vor
624 4777 89 33 ailem
735 4778 66 32 dem
823 4778 91 38 Fum
957 4779 74 33 Wer

334 4810 27 45 ih,
382 4813 73 39 nicht
480 4816 81 38 ihres
586 4816 95 39 erſten
700 4817 206 41 Auftrelens?
951 4818 79 34 Was

336 4853 85 39 Filme
445 4856 112 37 zeigen,
602 4856 57 32 das
687 4858 75 31 wird
789 4857 240 41 Wunſchtraum.

341 4891 76 35 ſchten
440 4894 47 39 ſich
507 4895 62 38 jede
589 4895 87 38 Frau
696 4898 61 31 und
777 4897 82 38 jedes
879 4898 150 39 Fraͤulein

343 4931 96 35 denn
457 4934 37 40 ſie
514 4937 139 37 errtelen,
672 4937 59 39 daß
751 4936 69 40 ſolch
840 4939 49 32 ein
908 4939 120 33 Moöbel⸗

337 4968 20 37 ch
375 4972 135 41 kleidſam
530 4975 60 39 ſein
612 4976 86 32 kann.
739 4977 44 31 Es
803 4986 69 25 war
889 4979 139 41 prarich

356 5041 675 212 —NJ—

544 5259 69 30 beim

341 5416 62 37 Von
429 5423 89 39 Ernſt
527 5412 105 57 Karl.
645 5412 198 57 Dietrich.

470 5479 35 36 (
526 5478 181 52 Fortſehung)

329 5536 65 34 iſſen
413 5538 48 34 die
482 5540 170 40 Matratzen
674 5537 111 45 genäͤht
805 5541 131 34 werden.
960 5541 70 33 Wo⸗

332 5573 92 41 man
447 5578 73 35 aber
543 5580 55 33 das
621 5579 91 44 ſarn
733 5581 88 34 dazu.
843 5579 107 36 Meine
973 5581 57 40 Fe⸗

335 5616 153 41 berſtande,
511 5621 47 31 die
581 5620 84 34 Quͤal
688 5621 62 34 und
804 5621 226 41 AUnſirengungen

326 5655 31 44 u
381 5657 46 33 bis
454 5660 70 39 auͤch
548 5658 58 35 das
633 5660 90 34 Garn
748 5671 55 31 zur
828 5663 99 33 Stell?
953 5670 76 25 war.

326 5691 89 51 ſager
441 5700 350 41 Lerbrauchsableiluuq
838 5703 192 37 anoriece

322 5733 21 40 ſ
360 5734 85 37 Garn
462 5745 62 28 nur
543 5740 156 40 einzelnen
720 5740 229 41 Verbrauchern
969 5742 60 33 rol⸗

327 5766 104 51 eerie
459 5780 76 39 nicht
562 5780 73 34 ar
663 5781 171 39 vehdtden
859 5782 76 40 Jet
962 5791 67 24 ar

329 5811 179 42 ttommando
558 5822 51 31 der
638 5820 284 41 Zwangdacbellet
971 5824 57 31 d45

336 5857 47 28 aus
411 5858 295 42 Zwangsarbeilern
732 5861 132 40 beſtand,
905 5871 37 24 zur
967 5863 60 33 Be⸗

317 5889 113 52 porden
459 5898 68 35 Wik
555 5897 144 42 ſchrieben
723 5899 115 41 gua
911 5902 26 33 Wir
965 5901 62 41 ſud

341 5933 105 47 hoͤrde.
471 5940 66 38 Für
560 5941 46 32 die
630 5941 169 33 Moskauer
822 5942 205 40 Verbrauchs.

333 5968 101 42 Aleben
454 5981 58 31 wic
531 5981 74 32 aber
626 5982 74 31 Ane.
722 5980 68 32 Wir
809 5982 126 38 mußlen
957 5984 69 31 .

330 6013 200 47 tHauptſtelle
550 6020 50 40 fuͤr
620 6021 206 40 Tertilwaren
846 6022 49 32 ein
916 6021 109 41 Geſuch

326 6057 75 39 Was
423 6059 127 34 liebliche
571 6060 92 40 Spiel
683 6061 121 40 begann
824 6069 62 24 von
906 6069 119 27 neuem.

328 6082 155 51 genicie
543 6096 89 44 Friſch⸗
658 6098 135 36 uagodi
819 6098 66 36 dti
910 6098 115 43 e

329 6130 140 44 enfalls
493 6138 152 36 virbannt
667 6139 60 35 und
780 6139 245 41 Zwangzarbaͤfer

329 6164 65 56 ſei
413 6179 58 38 daß
495 6188 33 24 43
589 6177 37 41 l
649 6181 84 41 ment
767 6177 78 36 Lt
868 6177 156 42 oi

373 6216 40 43 Es.
438 6216 60 41 ſind
526 6217 74 41 nicht
624 6224 101 37 gemg
748 6218 121 36 Klelder
892 6218 132 41 vochan⸗

358 6251 40 35 die
418 6256 229 43 Ungilleichen
666 6259 47 35 die
733 6265 59 29 auz
813 6259 56 35 den
889 6260 134 33 andecen

358 6299 53 28 ins
438 6297 161 40 einrücken,
625 6298 55 42 faſt
705 6300 80 34 nackt
810 6300 214 40 herumlaufen

338 6331 62 59 den
422 6337 174 45 Arotſeten
627 6340 64 73 i
713 6349 33 25 es
769 6340 80 34 lelne
872 6339 150 41 Araͤnelen

325 6371 78 55 elt
421 6385 40 26 an
478 6377 251 37 Sevensmlileln.
748 6380 67 35 Wir
834 6379 112 41 wiffen,
963 6379 59 40 daß

326 6410 63 46 inde.
417 6426 38 25 auch
515 6418 67 35 dem
610 6419 188 35 Lagerieller
825 6421 77 40 niat
928 6421 94 32 unde.

322 6455 81 49 and,
428 6458 36 32 daß
512 6464 43 29 er,
581 6457 58 36 wie
659 6427 82 106 ſ
769 6460 112 35 ander?
906 6459 116 50 Vorde⸗

340 6493 102 41 Fyhuld
467 6496 54 42 auf
548 6495 76 43 ſeine
651 6499 228 41 Untergebenen
906 6500 116 33 gbwäl⸗

328 6528 55 33 die
407 6537 205 41 Selbſtinarde
637 6542 61 31 und
723 6541 297 39 Selbſtverſtümme⸗

329 6570 30 59 z
378 6578 66 38 auch
468 6580 47 31 die
539 6580 142 37 ſchweren
702 6580 213 40 Krankheiten,
939 6581 78 39 meh⸗

345 6610 86 46 1Tag
452 6628 35 30 3u
509 6619 77 40 Taa.

860 3384 96 39 Welch
989 3386 49 32 ein!
1070 3386 38 32 W

361 4064 55 42 —
425 4078 43 23 —
894 4058 484 52 Vnn
1527 4062 9 33 53

365 4161 27 16 —
410 4161 71 26 —
492 4156 86 32 —
596 4159 45 29 —
656 4161 149 28 2
830 4162 51 29 52
934 4162 42 28 *
989 4160 74 26 —
1097 4161 53 20 —
1194 4163 77 25 —
1334 4160 98 34 dn
1450 4172 29 26 ——

394 4182 141 67 —
550 4188 154 45 —
724 4187 189 28 —
992 4184 32 28 —⏑
1029 4186 11 26 :
1043 4178 215 35 „
1269 4183 161 26 —

1070 3115 62 26 von
1150 3108 101 49 ihnen,
1264 3111 63 48 das
1334 3120 44 31 zu
1397 3114 68 38 tun,
1484 3112 81 36 denn
1580 3115 73 41 auch
1673 3116 31 33 in
1723 3117 52 33 der
1793 3116 81 34 Welt
1892 3118 52 32 des

1071 3147 103 41 Alltag
1201 3150 35 47 iſt
1262 3151 60 39 die
1336 3143 94 58 Eouch
1460 3154 144 40 vielſeitig
1633 3156 208 33 berwendbar.
1889 3158 56 31 Sie

1074 3188 79 47 kann
1161 3184 129 56 nicht.
1301 3200 61 25 nur
1388 3193 167 41 harmloſer
1581 3195 270 41 Ariegsſchauplatz
1899 3197 44 40 für

1072 3226 129 50 „Kiſſen,
1225 3229 115 48 Kinder
1365 3233 61 32 und
1452 3231 113 36 RKoler⸗
1590 3234 71 40 ſein
1705 3236 37 39 fie
1786 3238 79 31 ann
1889 3238 57 32 den

1072 3267 235 42 „Weſtöſtlichen
1327 3271 133 34 Diwan“
1484 3273 51 39 für
1557 3274 255 40 gleichgeſtimmte
1834 3277 112 32 Secken

1073 3303 144 56 abgeben,
1224 3308 90 53 man
1326 3308 89 53 kang
1448 3312 47 40 ihr.
1521 3313 181 41 Naͤchtlaͤger
1747 3316 50 40 für
1844 3325 103 32 ganze,

1071 3348 126 40 Plötzlich
1212 3351 162 39 zugexeiſte
1392 3351 155 38 Fanülien
1567 3355 140 38 bereilen,
1724 3357 63 31 und
1807 3357 52 31 de?
1877 3365 68 24 von

1085 3388 73 46 Gerk,
1184 3389 72 32 oder
1283 3390 100 39 Spört
1408 3392 224 40 heimkehrende
1659 3395 78 38 Herr
1764 3397 52 31 der
1842 3397 101 37 Haͤuͤs.

1071 3426 109 47 lichkeit
1208 3429 78 32 kann
1313 3432 54 38 aͤuf
1394 3431 48 38 ihr
1469 3432 115 39 beftens
1613 3433 76 39 ſeine
1713 3431 233 58 Nittagsnauſe

1069 3465 224 50 verdammern.
1346 3478 39 25 Zur
1408 3472 96 38 Couch
1529 3474 131 38 gehören
1683 3475 109 39 Niſſen,
1816 3476 70 39 Haß
1909 3477 36 38 ſte

1056 3505 91 40 bohne
1170 3506 101 48 Kiſſen
1293 3509 145 41 trübſelig
1454 3511 53 40 iſt,
1517 3513 141 39 begreift
1681 3522 75 24 man
1780 3516 79 31 eſm
1885 3517 61 31 bio-

1058 3544 70 39 hen
1148 3545 160 50 Hinſehen/
1327 3550 72 38 auch
1417 3540 85 59 oͤhne
1504 3540 80 59 daß
1595 3561 83 24 man
1698 3555 79 31 beim
1784 3540 163 59 Hinlegen

1060 3584 80 39 ſach
1160 3586 65 32 der
1230 3587 131 46 weichen
1382 3587 181 42 Gruͤndiage
1584 3592 51 38 fuͤr
1655 3593 56 32 das
1733 3594 88 32 müde
1842 3595 104 39 Jalpi

1071 3622 82 41 fucht.
1198 3625 59 34 Die
1281 3625 87 40 Frau
1391 3629 161 39 betrachtaͤf
1572 3631 85 33 zenn
1683 3633 68 39 uch
1778 3634 47 32 die
1850 3630 94 49 Couch

1068 4302 247 42 gewiſſermaßen
1341 4307 49 31 als
1417 4307 56 33 den
1498 4307 217 41 Tummelplatz
1744 4311 80 37 ihres
1853 4312 90 37 guten

1068 4341 193 41 Beſchmacks,
1293 4344 81 40 ihrer
1406 4345 164 49 Bhantaſie
1599 4349 63 31 und.
1694 4350 248 39 Handfertigkeit.

1066 4377 60 56 Hat
1145 4382 38 40 ſie
1203 4384 50 39 ſich
1274 4384 49 33 ein
1343 4386 190 39 gemütliches
1554 4388 61 32 und
1636 4388 136 39 hübſches
1792 4390 71 38 Neft
1884 4399 58 24 von

1066 4421 69 32 teils,
1161 4422 188 41 prakliſchen,
1373 4426 71 32 teils
1470 4434 60 25 nur
1554 4427 183 41 äftheliſchen
1763 4428 100 40 Kiffen
1889 4430 53 39 auf

1065 4461 53 32 der,
1136 4461 97 41 Couch
1251 4463 331 43 zuſammengetragen,
1602 4468 81 31 dann
1704 4468 91 40 beſißt
1814 4470 37 37 ſie
1871 4470 72 32 aber

1065 4501 86 39 guch
1161 4501 340 43 Wandlungsfähigkeit
1527 4515 109 30 genug,
1662 4516 63 24 nun
1751 4509 74 38 micht
1852 4510 89 39 ewig⸗

1065 4540 51 40 lich
1139 4550 40 24 an
1203 4543 57 32 den
1283 4543 139 39 ſchönen
1445 4545 144 34 Stücken?
1614 4547 120 39 hängen
1754 4557 36 29 zu
1814 4549 128 38 bleiben,

1067 4580 126 38 ſondern
1220 4583 37 38 ſie
1283 4584 66 38 laͤßt,
1373 4585 70 38 auch
1471 4585 65 38 hier
1582 4586 46 39 ihe
1654 4587 170 40 Veduͤrfnis
1872 4590 70 38 nach

1063 4621 251 41 Neugeſtaltung,
1335 4624 221 41 Auffriſchung,
1578 4626 145 39 „Mode“,
1745 4630 112 31 walten
1877 4630 63 32 und

1064 4663 78 44 guckt
1162 4663 115 31 immer
1303 4664 112 32 wieder
1442 4673 91 30 gerne
1558 4666 33 32 in
1617 4667 47 31 die
1689 4667 172 40 Auslagen,
1885 4678 55 24 um

1063 4700 59 40 ſich,
1148 4709 90 25 wenn
1265 4711 33 23 es
1325 4702 80 40 ſchon
1431 4704 75 39 micht
1529 4713 70 31 zum
1624 4706 128 34 Erwerb
1777 4708 54 32 der
1857 4710 81 37 „enl⸗

1061 4741 160 37 zückenden
1253 4742 150 40 Neuheit“
1435 4744 96 39 langt,
1563 4746 66 38 doch
1662 4748 181 38 wenigſtens
1868 4749 70 41 An⸗

1061 4788 118 32 regung
1202 4781 92 39 dafür
1314 4791 37 30 zu
1373 4783 99 39 holen,
1494 4786 58 31 wie
1573 4786 38 39 ſie
1633 4785 56 34 das
1713 4788 66 33 eine
1798 4788 64 32 und
1884 4798 54 23 an⸗

1061 4819 70 33 dere,
1154 4820 53 33 der
1230 4820 197 41 Bölſterchen,
1451 4823 58 32 das
1533 4824 47 39 ihr
1602 4834 66 24 nun
1693 4826 80 40 ſchon
1796 4828 77 33 über
1896 4830 42 37 ſt,

1060 4859 88 39 durch
1171 4862 97 31 etwas
1291 4870 76 39 ganz.
1389 4863 105 32 Neues
1519 4865 119 39 erſetzen
1662 4866 85 33 kann.
1791 4867 67 33 Und
1882 4869 55 32 das

1061 4899 39 47 iſt
1118 4900 49 46 bei
1192 4901 53 32 der
1269 4900 219 41 Melfältigkeit
1512 4904 53 33 der
1589 4905 133 38 Einfälle
1748 4908 61 31 und
1837 4909 100 38 gleich⸗

1058 4939 128 38 zeitigen
1207 4940 185 40 Einfachheit
1413 4943 32 32 in
1466 4943 52 33 der
1538 4944 171 40 techniſchen
1731 4942 204 50 Ausführung

1059 4978 52 32 der
1132 4980 167 33 modernen
1319 4981 101 41 Kiſſen
1442 4991 58 31 gar
1520 4983 74 39 nicht
1616 4984 28 39 ſoͤ
1668 4985 111 39 ſchwer.

1062 5123 89 42 ſchah,
1178 5126 47 33 die
1247 5125 54 42 ſich
1323 5127 59 33 den
1405 5126 144 36 Daumen
1573 5129 73 33 oder
1669 5130 58 34 den
1738 5127 205 51 Zeigefinger

1067 5204 80 33 aller
1179 5206 161 40 ſchwarzex
1370 5207 223 42 Kaſtenwagen
1625 5211 181 39 verſchluckle
1836 5213 109 40 fuglich

1061 5244 76 41 dieſe
1161 5245 229 42 Unglücküchen,
1415 5256 60 25 von
1498 5249 97 33 deñen
1620 5250 58 31 wir
1703 5251 132 33 niemals
1863 5256 82 37 ment

1060 5286 98 32 eiwas
1188 5287 115 38 hoͤrten.
1332 5287 80 40 Auch
1438 5289 47 32 die
1512 5289 97 33 Toten
1637 5291 126 33 wurden
1790 5300 60 24 von
1878 5292 66 33 dem

1060 5322 84 36 alten
1166 5323 177 43 klapprigen
1365 5327 180 40 Fordauto,
1556 5329 56 32 das
1637 5330 57 32 wir
1718 5330 224 42 olenvogel⸗

1059 5367 149 37 nannten,
1230 5366 149 40 abgeholt.

1211 5414 145 34 Als
1379 5414 162 43 Spezialiſt
1561 5415 145 40 verkaufi.

1072 5458 96 49 Wir
1190 5460 82 42 ſihen
1294 5460 45 36 im
1357 5464 120 33 Dunkel
1498 5462 124 44 unſerer
1644 5465 138 38 Baracke,
1803 5466 140 41 draußen

1056 5499 97 35 laͤrmt
1179 5502 54 33 der
1260 5500 109 36 Notor
1398 5504 53 32 des
1480 5505 215 40 Totenvogels.
1726 5507 48 31 als
1804 5506 138 41 Griſchas

1057 5538 157 42 Zigarette
1235 5540 178 42 aufleuchtet
1433 5545 62 32 und
1517 5551 31 27 er
1571 5545 74 41 ſogk.
1668 5546 73 39 Jch
1760 5546 183 41 Dummkopf

1055 5579 84 41 halte
1166 5582 67 32 eine
1261 5580 92 41 große
1382 5583 119 39 Freude
1529 5587 60 31 und
1619 5586 224 40 ich“gebärdete
1872 5588 70 39 mich

1058 5619 57 33 wie
1143 5620 49 33 ein
1217 5621 81 33 Kind
1323 5623 49 32 als
1399 5622 40 40 Jch
1463 5623 112 40 erfuhr,
1601 5626 60 39 daß
1686 5628 74 39 mich
1783 5628 46 31 die
1855 5627 87 40 Güz

1057 5661 49 31 gls
1129 5660 176 41 Jngenieur
1330 5671 40 24 an
1396 5663 46 33 die
1467 5663 190 42 Bauleitung
1683 5668 259 32 des-Moskwan—

1058 5700 246 40 Wolga⸗Kanals
1330 5702 138 41 verkauft
1492 5704 89 39 hatte.
1607 5705 54 38 Jch
1687 5706 50 40 ſaß
1762 5708 122 32 damals
1912 5709 29 31 in

1057 5742 98 34 einem
1186 5742 307 41 Etappengefängnis
1527 5745 31 33 in
1588 5745 142 34 Sibirienn
1783 5747 60 33 und
1876 5756 65 25 war

1057 5781 54 40 auf
1133 5781 69 33 dem.
1224 5781 98 44 Wege
1340 5783 71 39 nach.
1435 5783 171 40 Solowetzk.
1630 5785 82 33 Man
1737 5787 55 39 rief
1814 5788 72 39 mich
1911 5791 30 29 in

1056 5821 46 32 die
1133 5820 300 42 Gefängniskanzlei,
1466 5832 47 24 wo
1545 5824 60 32 nür,
1636 5825 159 40 mitgeteilt
1828 5829 112 36 wurde,

1055 5861 60 40 daß
1141 5862 38 40 ich
1205 5870 62 30 von
1290 5863 53 32 der
1368 5862 87 40 GPu
1469 5857 28 54 .
1501 5870 68 34 zum
1593 5863 73 32 Bau,
1711 5866 53 32 des
1790 5866 152 41 Wolga—

1056 5900 279 35 Moskwa⸗Kanals
1365 5901 136 41 verkauft
1530 5903 113 33 wurde.
1671 5904 55 38 Ja,
1754 5907 39 31 du
1825 5907 115 40 glaͤuhſt

1056 5950 33 23 es
1112 5942 84 39 nicht.
1219 5941 173 41 Regelrecht
1415 5944 144 44 verkauft.
1583 5943 63 32 Mit
1670 5945 98 32 einem
1790 5945 150 45 Kaͤufver⸗

1055 5983 340 39 trag,
1142 5979 68 50 bei
1213 5979 68 50 dem
1284 5983 111 39 nichts
1413 5983 150 40 vergeſſen
1582 5983 61 32 und
1662 5984 92 38 nichts
1773 5987 166 38 verſchwie⸗

1054 6030 59 31 gen
1137 6022 114 33 wurde.

1091 6061 57 40 Jch
1173 6063 82 39 hatte
1412 6062 68 81 en
1517 6070 81 27 mein
1626 6062 313 47 Verkaufsdokument

1043 6094 40 59 azu
1111 6099 84 75 ſe
1225 6100 59 36 Die.
1305 6101 61 42 GWU
1397 6100 165 42 Bentrale,
1582 6103 52 32 der,
1656 6103 40 38 ich
1715 6104 63 46 als
1786 6096 148 59 Zwangs.

1053 6137 132 38 arbeller
1210 6140 175 43 angehoͤrle,
1410 6143 81 40 jaite
1515 6140 72 41 mich
1613 6142 48 32 als
1686 6143 163 47 Speziaäliſt
1874 6153 64 38 ver⸗

1052 6179 91 41 lautt.
1187 6179 65 36 Der
1306 6184 103 40 Lertrag
1433 6181 181 42 verpflichtet,
1657 6183 56 32 den
1737 6182 127 48 Käufer,
1888 6184 50 47 für

1051 6218 122 37 meinen
1200 6219 161 42 Unterhalt
1387 6229 37 34 zu
1451 6220 104 43 lorgen
1582 6222 62 36 und
1670 6223 111 39 machte
1809 6223 52 38 ihn
1889 6225 49 39 lür

1051 6256 99 36 melne
1176 6261 166 35 eventuele
1367 6261 105 74 —
1497 6263 238 46 deranwortlich.
1762 6263 78 32 Was
1865 6264 72 33 niei⸗

1051 6305 60 27 nen
1140 6298 200 43 Arheitslohn
1390 6302 87 41 detraf,
1504 6303 53 33 der
1583 6304 56 31 mit
1666 6302 57 32 306
1753 6302 102 35 Rubel
1882 6312 55 30 pro

1050 6339 116 34 Monat
1191 6337 151 45 feſtgeſezt
1368 6348 77 33 war,
1470 6342 29 40 jo
1525 6342 79 39 ſollte
1630 6343 98 32 meine
1754 6333 102 54 GPul.
1859 6342 77 40 gen⸗

1050 6379 78 39 trale
1145 6380 39 31 90
1203 6380 134 73 —
1356 6382 62 33 und
1438 6381 41 42 ich
1495 6382 38 33 10
1550 6383 134 40 Prozent
1704 6383 145 45 erhalten.
1870 6383 66 33 Wie

1050 6415 39 36 du
1086 6412 105 84 ſent
1222 6426 84 27 meln
1357 6421 106 39 Freund,
1485 6422 49 34 ein
1555 6424 89 71 ſaten
1665 6422 133 40 Geſchäft
1819 6422 51 39 für
1891 6424 45 31 die

1050 6457 99 42 GPu.
1219 6466 32 27 Wer
1280 6466 92 29 weiß,
1397 6462 37 32 ob
1466 6461 41 41 ich
1532 6463 75 37 nicht
1635 6463 124 39 deshaͤlb
1789 6462 146 39 verhaſiel

1050 6498 114 39 wurde,
1185 6497 79 38 well
1291 6505 73 28 man
1393 6501 149 41 driagend
1570 6503 203 45 Jngenieuxe,
1789 6502 146 47 brauichie.

1047 6539 53 39 Jch
1119 6539 76 39 habe
1213 6539 123 33 damals
1355 6543 121 33 meinen
1495 6542 133 38 Verkauf
1646 6544 48 30 als
1713 6543 88 32 Glück
1820 6550 113 31 geprie—

1049 6580 56 38 ſen;
1131 6579 90 34 Denn
1247 6580 38 37 ich,
1314 6580 81 38 hatte
1422 6582 27 37 ſo
1477 6582 289 39 viel,Schreckliches
1792 6590 60 38 von
1878 6582 56 47 den

1046 6618 300 41 Solowetzki⸗önjeln
1368 6621 115 40 gehört,
1504 6621 59 38 datz
1586 6622 39 35 ich
1647 6623 81 33 mein
1750 6621 88 33 Glück
1861 6621 72 40 nicht

2167 248 389 47 „Mipenzeitung

2023 639 87 39 Frau
2128 639 97 35 Mode
2244 642 69 40 hilft
2329 656 44 8 —
2390 640 49 41 ihr
2456 641 143 34 Edelmut
2619 642 68 39 fällt
2703 640 88 41 mehr
2810 638 55 41 auf

1984 680 57 33 wie
2064 681 64 39 ihre
2150 681 109 34 Laune
2277 696 43 8 —
2340 682 34 33 in
2395 682 54 32 ber
2471 689 100 26 neuen
2592 682 116 39 Saiſon
2731 681 132 48 ſparſam

1981 727 37 32 zu
2047 718 69 40 ſein.
2164 720 133 41 Welches
2326 721 197 40 Frauenherz
2570 721 130 46 begrützt
2727 730 34 23 es
2790 721 75 39 icht

1984 760 130 40 ſreudig,
2157 762 46 32 die,
2228 762 159 38 Freundin
2410 763 56 31 mit
2490 762 52 32 der
2565 762 193 46 überreichen
2778 761 87 39 Pelz

1983 799 73 40 fülle
2078 809 54 23 um
2153 801 79 38 Hals
2256 803 61 32 und
2340 801 120 40 Körper
2482 802 174 32 unmodern
2678 809 35 31 zu
2738 800 125 40 finden?

1984 839 146 33 Staunen
2160 841 58 31 wir
2247 840 84 39 nicht,
2360 841 128 40 Zweifel
2516 841 62 33 und
2607 840 258 39 VBerwunderung

1985 878 61 38 ſind
2075 880 74 38 nicht
2177 889 51 23 am
2254 881 94 38 Platz,
2394 882 48 31 die
2490 883 97 31 neuen
2615 880 250 33 Wintermodelle

1985 918 144 39 beweiſen,
2152 919 65 33 eine
2240 920 186 39 guffallende,
2447 921 244 39 Zurückhaltung
2714 921 43 46 im
2778 919 86 39 Velz⸗

1987 958 169 38 verbrauch.
2204 959 187 40 Schlichtheit
2419 960 33 39 iſt
2477 960 143 40 Trunipf.
2668 960 120 38 Endlich
2817 961 48 31 ein

1968 991 95 81 Sig
2088 997 53 32 der
2166 997 224 42 Sparſamkeit!

2068 1045 59 24 enn
2153 1039 70 37 auch
2250 1039 48 32 die
2324 1039 145 38 launiſche
2497 1039 106 39 Mode,
2631 1040 49 39 ſich
2708 1039 81 40 ſelbſt
2817 1040 47 31 be⸗

1987 1075 126 39 ſiegend,
2141 1078 128 38 ergeben
2298 1078 109 37 lauert,
2438 1080 58 30 wir
2524 1080 139 37 erfreuen'
2694 1087 60 24 uns
2784 1079 81 38 ihrer

1986 1115 166 39 Schwäche,
2179 1117 61 31 und
2268 1117 150 39 frierende
2445 1119 107 38 Hände
2579 1120 112 38 reichen
2719 1118 146 33 einander

1988 1155 129 39 glücklich
2149 1155 47 32 die
2228 1155 222 40 Fingerſpitzen
2482 1158 30 31 in
2545 1158 67 32 dem
2645 1158 124 37 kleinen,
2802 1160 61 30 ent⸗

1987 1195 160 38 zückenden
2172 1195 98 40 Muff,
2296 1197 52 30 der
2375 1204 59 24 aus
2460 1197 69 32 dem
2555 1198 82 32 alten
2663 1197 203 39 Sealjuͤckchen

1988 1234 183 39 angefertigt
2192 1236 115 37 wurde,
2325 1235 56 32 mit
2401 1236 69 32 dem
2490 1237 58 31 wir
2568 1235 81 41 ſchon
2669 1237 92 38 nichts
2781 1238 85 38 mehr

1988 1274 193 38 anzufangen
2213 1274 133 38 wußten.
2397 1274 67 34 Und
2496 1275 93 39 macht
2641 1276 49 32 ein
2741 1276 124 32 kakettes

1987 1311 189 41 Fellhütchen
2206 1313 75 39 nicht
2310 1313 81 38 jedes
2423 1314 228 41 Frauengelicht
2700 1314 166 41 fröhlicher,

1987 1352 47 32 die
2052 1352 142 39 Wangen
2213 1354 82 31 röter
2312 1354 62 31 und
2393 1353 57 33 den
2467 1355 78 31 Blick
2563 1354 195 39 ſtrahlender,
2777 1364 89 23 wenn

1988 1392 45 32 die
2061 1393 95 37 erſten
2181 1392 222 39 Schneeflocken
2430 1394 86 38 durch
2543 1394 47 32 die
2616 1394 73 39 Luft
2716 1396 149 31 wirbeln?

1987 1431 87 40 Muff
2098 1432 62 31 und
2185 1431 161 40 Fellkappe
2370 1434 139 37 genügen
2532 1433 72 39 alſo,
2628 1442 52 24 um
2705 1435 69 38 nach
2799 1435 65 31 dem

1971 1466 74 48 viel
2077 1466 73 87 Ler
2328 1472 32 32 in
2391 1472 51 32 der
2473 1472 187 34 Garderobe.
2710 1473 56 33 Die
2798 1482 66 24 vor⸗

1991 1509 111 41 ſichüige,
2135 1511 179 38 Beſucherin
2348 1511 76 32 wird
2456 1512 56 32 das
2545 1511 140 41 ſchwarze
2716 1513 150 39 Nachmit⸗

1987 1550 146 39 tagskleid
2164 1551 159 39 vorziehen
2353 1551 73 37 und,
2455 1551 26 37 je
2510 1553 70 37 nach
2610 1553 164 39 Geſchmack
2805 1554 61 31 und

1993 1590 201 39 Möglichkeit,
2226 1591 56 32 mit
2315 1590 189 39 Fellſtreifen
2536 1592 139 39 verſehen
2709 1593 72 32 oder
2812 1593 57 32 den

1990 1631 130 32 dunklen
2140 1630 98 39 Fuchs
2258 1631 76 38 dazu
2355 1631 119 38 tragen,
2494 1631 52 32 der
2566 1631 48 40 ihr
2633 1631 81 40 ſchon
2733 1640 36 31 zu
2791 1633 79 31 allen

1988 1670 301 39 Sommerkoſtuͤmen
2316 1671 72 38 gute
2413 1669 118 39 Dienſte
2559 1672 128 38 geleiſtet
2713 1671 61 39 hat.
2800 1671 69 38 Daß

1990 1718 60 24 nur
2073 1710 49 32 ein
2145 1708 112 41 großer
2279 1709 89 39 Muff
2391 1717 59 24 aus
2472 1710 127 32 Edelfell
2619 1718 70 31 zum
2712 1711 158 46 eleganten

1985 1749 362 39 Nachmittagsenſemble
2375 1749 56 32 mit
2458 1749 53 32 der
2568 1750 223 38 Dreirierteljacke
2820 1759 47 30 ge⸗

1985 1790 108 37 tragen
2124 1789 121 32 werden
2276 1790 88 36 kann,
2395 1788 121 39 verhilft
2547 1789 151 37 manchem
2726 1790 141 47 abgetra⸗

1984 1825 101 47 letzten
2113 1829 90 70 75
2241 1835 175 32 angezogen
2439 1836 37 31 zu,
2514 1829 57 31 ſein.
2617 1829 73 32 Wer,
2714 1829 49 40 ſich
2790 1829 77 48 ſeine

1992 1868 92 33 kleine
2113 1867 162 40 Filzkappe
2303 1867 57 33 nit
2386 1866 222 42 Breitſchwanz
2635 1867 139 40 verſehen
2803 1870 71 36 will,

1990 1908 58 32 den
2092 1908 109 39 gleichen
2224 1907 89 40 Muff
2336 1907 78 39 dazu
2438 1907 138 33 arbeiten
2600 1908 75 39 läßt,
2698 1908 62 32 und
2785 1907 88 48 ſogar

1991 1948 48 31 die
2057 1916 107 64 43
2183 1948 54 31 des
2258 1946 81 34 alten
2361 1946 163 40 ſchwarzen
2543 1946 215 39 Tuchmantels
2779 1948 95 47 damit

1992 1987 106 39 beſetzt,
2129 1987 87 32 wirkt
2246 1987 163 39 beſonders
2440 1987 130 38 elegant,
2599 1988 63 32 und
2693 1987 52 32 der
2776 1988 98 32 benei⸗

1991 2026 171 33 denswerte
2181 2026 384 40 Haushaltungsvorſtand
2585 2027 33 39 iit
2636 2027 48 31 die
2700 2026 103 40 Sorge
2822 2035 52 25 um

1987 2067 67 31 den
2064 2075 100 24 neuen
2184 2066 192 39 Pelzmantel
2395 2067 58 31 los.
2494 2065 67 33 Den
2582 2066 173 39 ſportlichen
2774 2066 96 33 Man⸗

1987 2106 39 31 tel
2052 2114 60 24 aus
2139 2106 161 33 karlertem
2324 2105 153 39 Wollſtoff
2502 2105 159 39 ſchmücken
2685 2106 47 32 die
2758 2106 113 40 Fellre⸗

1988 2145 112 39 ſerven,
2124 2145 91 33 deren
2240 2145 211 40 Sparſamkeit
2476 2145 87 38 durch
2589 2146 82 31 edles
2695 2145 67 38 Fell
2787 2147 83 31 wett⸗

1992 2186 131 38 gemacht
2143 2185 122 33 werden
2285 2185 89 36 kann,
2391 2186 63 31 und
2475 2193 90 24 wenn
2585 2186 91 32 unter
2695 2186 82 32 alten
2797 2184 78 40 Fell⸗

1991 2225 94 38 reſten
2110 2225 69 38 noch
2214 2233 18 22 ſo
2254 2224 61 33 viel
2338 2225 142 39 Edelpelz
2502 2225 40 32 da
2566 2225 45 44 iſt,
2634 2224 60 39 daß
2717 2226 75 38 zwei
2813 2225 61 33 Ta⸗

1990 2264 78 38 ſchen
2095 2265 54 32 des
2220 2264 101 33 Mantels
2350 2264 73 33 oder
2480 2264 116 40 Koſtüms
2625 2263 98 41 beſetz
2752 2265 121 33 werden

1993 2304 116 32 können
2134 2305 62 31 und
2221 2304 47 32 die
2292 2303 100 33 Kante
2417 2304 53 32 des
2496 2304 164 32 rückwärts
2684 2304 191 40 hochgeſchla⸗

1992 2351 96 31 genen
2117 2343 153 39 Kragens,
2299 2344 84 37 dann
2432 2344 33 39 iſt
2493 2344 54 32 der
2575 2343 164 40 modiſchen
2765 2345 110 39 Pflicht

1987 2384 111 31 bereits
2120 2382 128 39 Genüge
2269 2384 92 37 getan
2381 2384 63 32 und
2466 2384 46 31 die
2532 2383 155 40 Trägerin
2707 2385 163 32 moderner

1987 2422 57 32 wie
2067 2423 42 31 im
2133 2422 119 38 weiten,
2274 2422 144 39 unechten
2441 2423 192 38 Fellmantel.
2676 2424 61 32 Ein
2759 2424 111 39 ſchicker

1991 2460 132 41 Filzhut,
2148 2462 31 32 in
2205 2461 53 34 der
2284 2461 142 40 Machart
2451 2464 54 31 des
2531 2462 220 40 Herrenhutes,
2797 2472 77 39 vorn

1986 2501 176 39 abgebogen
2191 2501 61 33 und
2301 2502 163 33 rückwärts
2513 2502 197 41 hochſtehend,
2747 2505 124 39 ergänzt

2165 3495 105 35 Flolie
2291 3495 95 36 ſtapye
2408 3502 53 23 aus
2485 3492 189 57 Aurzhaarjell

1971 3559 66 39 den
2054 3560 489 41 Sportmantel
2296 3555 74 52 der
2369 3560 174 41 Trägerin.
2587 3564 190 38 Jntereſſant
2799 3564 77 39 ſind

1982 3600 70 38 auch
2069 3601 48 31 die
2134 3599 152 41 einfachen
2304 3600 250 41 Winterköſtüme
2572 3603 57 33 mit
2645 3603 58 33 den
2721 3601 143 42 ſchmaͤlen

1979 3637 188 40 Fellkanten,
2191 3640 48 32 die
2263 3640 195 38 Redingoten
2482 3642 58 32 mit
2565 3641 52 34 der
2642 3642 219 40 Verbrämung

1985 3679 53 31 der
2054 3679 149 33 vorderen
2220 3679 178 40 Längsteile
2415 3681 63 32 und
2497 3682 109 39 gexade
2624 3681 129 40 fallende
2771 3682 95 33 Män⸗

1981 3718 50 38 tel,
2051 3719 48 32 die
2117 3727 62 25 nur
2198 3720 58 32 den
2277 3719 153 34 Rockrand
2449 3720 58 34 mit
2527 3720 98 41 Fuchs
2645 3722 72 33 oder
2737 3723 127 37 Edelfell

1977 3757 158 34 verbrämt
2160 3759 113 40 zeigen.

2022 3797 67 34 Das
2113 3799 136 38 eleganfte
2270 3799 327 41 Nachmittagskoſtüm
2618 3810 60 24 aus
2700 3802 166 34 bordeaux⸗

1985 3837 98 33 rotem
2106 3837 151 42 Wollſtoff,
2279 3840 56 32 mit
2359 3840 96 34 Biber
2478 3840 73 33 oder
2573 3841 294 41 Blaufuchsverbrä⸗

1982 3885 95 31 mung
2100 3878 61 32 und
2182 3878 54 34 der
2254 3878 105 40 Kaſack
2381 3880 42 33 im
2445 3881 136 39 gleichen.
2594 3880 140 40 Farbton
2755 3882 109 40 dürfen

1980 3917 123 40 modiſch
2131 3917 75 39 nicht
2235 3919 184 39 unerwähnt
2447 3921 129 38 bleiben,
2605 3921 158 40 erfordern
2792 3923 72 32 aber

1979 3964 95 30 genen
2101 3957 96 39 Fuchs
2222 3967 36 29 zu
2285 3960 83 32 einer
2393 3956 79 80 ſkinz
2495 3960 155 40 Trägerin
2675 3962 185 40 verblüffen⸗

1983 3998 62 30 den
2060 3997 262 40 Sonderſtellung.
2365 3999 60 34 Ein
2447 4000 111 33 kleiner
2579 4001 205 40 Schalkragen
2805 4010 61 33 aus

1981 4035 74 40 Pelz
2074 4037 62 32 und
2158 4036 176 42 Fellknöpfe
2354 4040 54 39 auf
2429 4040 98 32 einem
2548 4040 209 40 ergänzenden
2778 4042 85 33 Kleid

1979 4076 55 32 mit
2062 4076 257 40 Dreivierteljacke
2349 4079 131 40 gehören
2509 4080 163 40 gleichfalls
2738 4090 18 24 zu
2806 4083 56 32 den

1979 4115 163 45 modiſchen
2172 4117 216 40 Einzelheiten?,
2438 4120 58 32 wie
2525 4120 48 32 die
2602 4120 154 38 Fellweſte
2786 4122 76 39 ohne

1979 4157 106 30 Armel,
2114 4157 90 31 unter
2234 4158 97 32 Linem
2361 4158 154 40 ſchlichken,
2565 4161 144 39 glockigen'
2739 4162 125 33 Mantel

1975 4202 70 30 zum
2070 4197 127 38 gleichen
2222 4197 86 33 Kleid
2334 4199 62 31 und
2420 4200 48 31 die
2491 4200 205 39 fellgekantete
2721 4202 139 39 engliſche

1975 4235 88 33 Zacke
2093 4244 69 31 zum.
2194 4238 133 36 geraden
2358 4237 195 40 Koſtümrock.
2606 4240 57 33 Als
2696 4241 163 39 Modefele

1976 4274 51 39 für
2056 4275 259 40 Verbrämiungen
2347 4279 97 37 gelten
2496 4280 79 32 allen
2626 4289 97 24 voran
2754 4283 106 36 Viber,

1977 4313 170 46 Fiſchotter,
2166 4315 156 45 Rotfuchs,
2343 4318 140 39 indiſches
2501 4318 120 39 Lamm,
2642 4321 218 40 Breitſchwanz

1979 4353 157 39 ſchwarzer
2162 4355 172 40 Aſtrachan,
2360 4359 244 38 ameritaniſcher
2629 4360 155 39 Opoſfum,
2809 4363 53 31 der

1977 4393 192 46 Silhzerfuchs
2195 4396 62 31 und
2282 4397 57 31 der
2365 4397 179 39 Blaufuchs,
2572 4401 68 30 dem
2667 4409 39 24 auch
2766 4403 94 38 weiße

1977 4432 107 40 Füchſe
2108 4435 281 39 gegenüberſtehen,
2413 4438 47 32 die
2482 4439 72 31 aber
2576 4440 56 31 mit
2654 4440 66 33 Bor
2733 4440 53 40 icht
2806 4450 54 24 an⸗

1975 4473 167 37 zuwenden
2166 4474 72 38 ſind.
2280 4475 58 32 Die
2360 4476 126 39 Sorgen
2509 4486 54 24 um
2586 4480 57 32 den
2666 4480 93 39 erſten
2785 4481 75 33 win⸗

1974 4512 139 39 terlichen
2132 4513 145 34 Eindruck
2297 4515 62 38 ſind
2379 4517 115 37 vorbei,
2513 4518 62 32 und
2596 4519 57 33 den
2671 4518 114 42 Kampf
2804 4528 54 26 um

1974 4551 57 46 den
2058 4553 191 38 eigentlichen
2276 4553 183 38 Fellmantel
2486 4558 111 33 wollen
2622 4559 58 32 wir
2705 4559 61 40 alfoͤ
2791 4561 67 33 dem

1975 4598 125 30 eigenen
2128 4593 72 32 oder
2228 4594 67 33 dem
2324 4594 291 41 Weihnachtsmann
2643 4599 216 41 bereitwilligſt

1975 4626 178 49 überlaſſen.

2365 4673 18 19 4
2406 4674 16 20 E
2444 4675 18 17 XE

2010 4709 72 34 Von
2106 4711 53 32 der
2183 4710 59 35 Art
2286 4712 53 33 der
2345 4709 280 84 Fehgarhfenngz
2675 4717 97 42 hängt
2815 4719 46 33 die

1970 4748 164 41 Schönheit
2158 4750 55 33 des
2239 4753 143 44 Mantels
2412 4755 47 32 ab.
2505 4755 83 34 Man
2635 4757 100 40 braucht
2757 4759 104 39 weder

1969 4789 215 41 Extravaganz
2211 4791 71 39 noch
2308 4791 228 42 Alltäglichkelt,
2561 4803 55 26 um
2642 4795 67 35 dem
2736 4795 125 36 Manlel

1971 4829 65 32 eine
2059 4830 159 39 griginelle,
2241 4832 62 32 und
2328 4833 138 39 trotzdem
2489 4834 139 40 elegante
2650 4836 81 33 Rote
2751 4845 37 31 zu

1970 4868 66 32 ben.
2058 4869 80 39 Auch
2160 4870 136 40 benötigt
2315 4880 75 24 man
2414 4873 76 38 nicht
2511 4874 153 41 uügefuͤhr
2684 4876 48 33 ein
2753 4877 105 39 halbes

1968 4908 130 39 Dutzend
2128 4909 117 40 Füchſe,
2275 4918 55 25 um
2357 4911 68 33 dem
2454 4914 125 33 Manteé
2608 4914 66 34 eine
2702 4914 157 38 beſoöndere

1086 5086 157 33 Niemals
1263 5085 144 42 erjuhren
1429 5089 67 33 wir,
1517 5098 67 24 was
1605 5090 58 33 mit
1683 5091 57 33 den
1760 5091 116 35 Leuten
1899 5102 46 32 ge⸗

1061 5165 165 40 abhackten,
1247 5174 54 25 um
1322 5167 75 40 nicht
1417 5168 85 40 mehr
1525 5169 135 33 arbeiten
1680 5179 38 30 zu
1737 5172 126 40 muͤffen.
1886 5175 58 31 Em

1965 4948 80 33 Roie
2070 4957 37 31 zu
2133 4950 162 39 verleihen,
2343 4952 146 40 vielmehr
2516 4954 122 39 erreicht
2662 4962 74 26 man
2762 4954 44 34 di

1965 4987 86 41 durch
2081 4989 131 39 virtueſe
2240 4989 207 42 Behandlung
2498 4992 53 32 der

1975 5094 92 41 faſſen
2089 5096 117 38 konnte,
2225 5097 50 33 als
2295 5097 39 40 ich
2354 5097 115 41 erfuhr,
2487 5098 61 41 daß
2568 5099 41 40 ich
2627 5101 139 41 verkauft
2784 5110 79 24 wor⸗

1971 5136 59 32 den
2052 5136 47 39 ſei.

2011 5175 52 32 Du
2083 5177 95 39 weißt
2199 5177 40 39 ja,
2260 5177 59 41 daß
2342 5177 40 39 ich
2401 5179 99 32 meine
2521 5179 38 31 30
2580 5180 102 33 Rubel
2702 5182 160 38 monatlich

1973 5215 50 31 nie
2046 5216 57 32 bar
2126 5217 161 33 bekomimne.
2329 5218 57 32 Die
2410 5218 237 41 Anweiſungen,
2669 5220 48 33 die
2740 5222 39 39 ich
2822 5229 41 25 an

1973 5254 98 34 Stelle
2096 5257 54 31 des
2181 5257 113 33 Geldes
2322 5258 123 38 erhalte,
2471 5259 56 32 mit
2553 5259 97 33 denen
2677 5261 41 38 ich
2742 5261 61 33 mür
2831 5260 31 33 in

1972 5296 57 30 den
2055 5296 169 39 ſtaatlichen
2248 5296 266 41 Lagergeſchäften
2540 5300 84 32 teure
2652 5299 115 34 Waren
2794 5301 67 31 kau⸗

1961 5331 62 42 ffen
2042 5335 88 39 kann,
2149 5337 61 37 ſind
2228 5337 56 40 faſt
2301 5338 94 38 lichts
2413 5340 85 30 wert.
2516 5338 53 40 Jch
2587 5339 62 32 uͤnd
2667 5340 39 32 du
2725 5341 61 33 uͤnd
2805 5342 56 30 aue

1973 5374 134 34 anderen
2133 5376 117 34 können
2277 5378 47 32 die
2367 5379 208 32 verlockenden
2599 5379 156 39 Eßwaren
2800 5380 61 32 und

1972 5413 114 41 Stoffe,
2109 5424 60 24 von
2191 5416 97 33 denen
2310 5426 61 23 uns
2393 5426 61 25 nur
2477 5419 65 31 eine
2563 5418 103 33 dünne
2688 5419 174 33 Glaswand

1971 5455 106 31 nennt
2102 5456 63 31 und
2190 5455 49 34 die
2264 5465 61 24 nur
2353 5456 50 40 für
2427 5457 47 33 die
2500 5457 94 40 Chefs
2620 5459 39 31 da
2685 5457 72 40 ſind,
2781 5457 81 41 höch⸗

1972 5493 79 39 ſtens
2074 5494 178 40 betrachten.
2273 5496 68 33 Das
2365 5497 31 38 Jt
2417 5497 86 33 alles.
2524 5498 111 39 Unſere
2655 5498 94 33 Leute
2769 5499 92 39 faͤllen

1972 5540 53 25 um
2043 5534 60 32 wie
2123 5534 48 32 die
2192 5535 137 40 Fliegen.
2351 5537 44 31 Es
2417 5537 67 39 geht
2505 5537 76 39 nicht
2601 5539 93 37 mehr.
2716 5537 55 40 Jch
2791 5540 70 38 gehe

1970 5580 128 32 mergen
2122 5583 36 29 zu
2182 5573 138 41 Lazew“.

2009 5612 53 40 dch
2088 5622 66 24 wär
2180 5615 210 39 außerſtande,
2414 5616 121 39 Griſcha
2560 5627 54 23 vor
2637 5619 66 31 dem
2728 5618 133 46 umſinni⸗

1970 5649 45 66 gen
2038 5649 126 48 Schritt
2185 5655 158 74 —
2348 5658 90 30 —
2461 5658 43 31 Er
2527 5657 72 32 aber
2623 5666 66 23 war
2712 5659 31 32 in
2768 5659 91 39 ſeiner

1971 5691 228 42 Verzweiflung
2234 5695 194 38 entſchloſſen,
2461 5697 67 32 dem
2561 5698 208 37 allmächtigen
2802 5697 56 33 Ha⸗

1970 5733 312 38 gerkoammandanten
2302 5735 46 32 die
2369 5735 160 40 Wahrheit
2549 5736 75 33 über
2644 5738 45 31 die
2739 5739 121 37 Zuſtände

1971 5773 40 31 im.
2038 5772 101 40 Lager
2163 5776 204 38 vorzutragen
2392 5777 61 31 und
2478 5776 121 39 Abhilfe
2623 5785 35 30 zu
2684 5779 176 38 verlangen.

2009 5811 60 34 Am
2095 5813 133 39 nächſten,
2255 5815 135 38 Morgen
2417 5816 79 32 beim
2523 5816 109 39 Appell
2658 5826 66 23 war
2748 5817 111 39 LaJow

1970 5852 62 39 ſehr
2057 5855 109 37 erregt.
2192 5854 79 38 „Jhr
2294 5854 133 38 Spione,
2451 5855 211 39 Diverſanten,
2685 5857 174 40 Trotzkiften

1970 5893 61 31 und
2058 5893 293 38 Meuchelmärder!“
2381 5895 84 38 ſchrie
2491 5904 41 23 er.
2560 5896 137 37 „Glaubt
2724 5897 55 39 ihr,
2806 5899 53 31 mit

1968 5932 161 41 Sabotage
2156 5933 56 37 den
2235 5934 112 32 Willen
2370 5934 51 32 der
2445 5934 190 41 Regieruͤng,
2658 5936 46 32 die
2727 5937 64 39 hier
2814 5937 45 33 bei

1969 5972 68 38 euch
2066 5973 185 40 ſchmutzigen
2280 5973 182 38 Schweinen
2491 5975 86 38 durch
2606 5976 72 39 mich
2708 5979 149 31 vertreten

1970 6012 87 38 wird,
2078 6021 60 25 nur
2159 6020 52 25 uͤm̃
2231 6009 216 60 Hagresbreite
2471 6023 60 24 von
2554 6015 95 38 ihrem
2673 6016 63 39 Ziel
2757 6018 100 32 ahlen⸗

1969 6052 51 32 ken
2042 6061 37 31 zu
2103 6051 140 35 kaͤnnen!“
2275 6052 59 32 Als
2357 6061 32 24 er
2412 6054 125 39 geendet
2561 6055 91 38 hatte,
2675 6056 60 39 üeß
2758 6065 31 25 er
2812 6055 46 35 die

1969 6085 90 50 langẽ
2088 6091 36 34 di
2194 6090 52 34 der
2273 6090 203 42 Gefangenen
2505 6094 143 39 verleſen,
2677 6096 47 31 die
2752 6103 107 35 wegen

1969 6131 265 40 Unbatmäßigkeit
2265 6131 60 32 und,
2355 6131 162 41 Sabotage
2548 6133 30 33 in
2607 6132 109 41 dieſem
2744 6136 114 34 Monnt

1969 6171 46 38 ihr
2037 6171 101 33 Leben
2164 6171 141 33 verwirkt
2327 6170 113 39 hatten.

2311 6216 57 35 Die
2393 6217 120 42 Sylhel.

2006 6266 49 33 Da
2079 6267 104 39 hatten
2210 6266 46 33 die
2280 6265 113 40 Spitzel
2418 6267 113 33 wieder
2557 6277 93 30 ganze
2676 6269 108 35 Arbeit
2810 6281 44 31 ge—

1966 6305 102 40 leiſtet.
2093 6307 106 39 Solche
2221 6306 92 33 Leute
2336 6307 58 38 gab
2417 6316 33 22 es
2473 6308 31 31 in
2527 6308 79 37 jeder
2626 6309 231 42 Abteilung,“n

1965 6345 97 38 jedem
2085 6347 68 39 Zelt
2178 6348 60 32 und
2263 6346 222 38 Baraͤckenloch.
2509 6347 45 32 die
2578 6348 52 38 für
2651 6349 58 32 das
2732 6351 123 40 Liufen.

1965 6386 108 39 gericht
2125 6387 192 39 irgendeines
2349 6385 176 41 Privileges.
2577 6388 45 38 ihr
2673 6389 183 42 ſchmutziges

1965 6424 88 34 Werk
2076 6426 173 39 verrichten.
2273 6425 67 34 Wir
2363 6426 130 34 kannten
2516 6427 75 38 dieſe
2613 6430 160 40 traurigen
2796 6402 60 62 F

1963 6463 109 38 ſtalten
2101 6466 81 39 ſchon
2210 6475 60 24 von
2296 6464 121 34 weitem
2442 6467 63 32 und
2529 6467 124 37 hüteten
2681 6478 71 30 unz,
2799 6471 55 32 den

1964 6504 104 33 Mund
2089 6505 159 40 aufzutun,
2267 6513 89 25 wenn
2377 6504 28 40 ſo
2426 6506 48 33 ein
2495 6507 130 38 Schurke
2646 6509 31 31 in
2696 6510 53 32 der
2768 6511 87 38 Nah—

1964 6549 76 26 war.

3165 29 54 7 —
3231 28 34 8 —

3463 32 22 6 —

1981 352 671 180 Telamode
2690 260 180 184 —
2926 290 453 192 —
3458 354 258 124 —
4167 394 529 125 parsam

3136 1089 34 14 —
3237 1104 4 5 .

3103 1131 14 4 7
3139 1109 43 36 2
3204 1106 24 34 8
3285 1102 77 48 —
3377 1137 22 13 E
3497 1120 24 35 7

3088 1136 137 65 ——

3091 1190 105 58 2
3228 1212 37 39 —
3282 1196 24 51 d
3333 1210 65 16 —

3293 1292 5 5 4

2886 2878 173 81 Jeeeon
3163 2880 139 41 Taſchen,
3324 2881 88 33 einen
3435 2880 145 41 ſchmalen
3601 2881 124 40 Kragen
3748 2882 46 31 od.

2891 3818 155 33 enander
3069 3820 147 38 getragen
3238 3819 109 39 haben,
3371 3818 28 39 ſo
3423 3819 34 32 iſt
3480 3828 33 24 es
3537 3820 71 38 auch
3632 3819 151 40 ſpäterhin

2600 4993 256 40 geſchmackvollen
2888 4993 25 40 3

2946 2321 166 41 Eleganter
3135 2321 226 35 Abendmagtel
3382 2321 55 33 mit
3460 2321 88 40 Muff
3569 2330 61 40 aus
3654 2307 102 47 Breit.

3046 2362 129 41 ſchwanz
3198 2362 55 34 mit
3282 2361 184 40 Silberfuchs
3490 2362 167 33 verbrämi.

2908 2426 134 34 Nodelle
3069 2428 61 32 und
3160 2428 90 33 deren,
3277 2427 252 41 fachmänniſchen
3556 2427 239 48 Berarbeitung.

2908 2465 138 41 Dadurch
3073 2467 136 34 kommen
3238 2467 46 33 die
3313 2468 168 40 entzückend
3509 2468 119 40 flotten.
3645 2467 151 33 Garnitu⸗

2907 2513 63 27 ren,
2991 2506 47 33 die
3061 2514 70 26 vom
3153 2507 64 40 Hut
3239 2515 42 24 an
3304 2507 48 33 kis
3374 2514 67 32 zum
3469 2507 199 40 pelzbeſetzten
3690 2505 103 41 Hand⸗

2907 2544 79 42 ſchuh
3010 2546 32 33 in
3064 2547 99 33 vielen-
3187 2547 208 33 Variationen
3419 2546 175 40 ſchwauͤken.

2944 2593 58 36 Jm
3023 2593 159 41 Gegenſatz
3203 2603 36 31 zu
3250 2593 157 43 früheren
3427 2595 127 38 Moden,
3579 2603 47 24 wo
3647 2603 75 25 man
3745 2592 49 41 ſich

2909 2635 55 31 mit
2988 2635 96 32 einem
3109 2635 188 39 Pelzkragen
3323 2635 71 32 oder
3409 2635 79 39 auch
3513 2635 54 32 mit
3591 2634 204 40 Manſchetten

2908 2674 53 39 auf
2988 2675 98 32 einem
3113 2675 125 32 Mantel
3262 2673 289 41 zufriedengegeben
3599 2674 76 48 hat,
3708 2675 86 31 kennt

2907 2721 73 25 man
3005 2715 85 39 heute
3117 2716 46 31 die
3192 2714 161 39 beſondere
3381 2714 158 40 Wirkung,
3585 2714 47 32 die
3658 2714 51 40 ſich
3734 2722 59 24 aus

2909 2753 72 41 Pelz
3001 2754 62 32 uͤnd
3085 2754 88 41 Stoff
3196 2755 128 38 erzielen
3347 2753 74 40 läßt.

2945 2802 63 32 Der
3036 2801 231 41 Tagesmantel,
3314 2801 107 40 häufig
3470 2803 32 31 in
3551 2801 245 41 Redingotform,

2906 2842 78 40 zeigt
3006 2841 178 41 aufgeſetzte,
3208 2842 72 39 auch
3305 2841 207 40 abnehmbare
3537 2841 186 41 Velztaſchen
3749 2842 46 32 od.

2937 2930 87 25 eders
3050 2930 58 25 aus
3134 2921 125 41 flachem
3285 2922 72 32 oder
3382 2921 238 41 langhaarigem
3645 2922 67 39 Fell

2944 2968 51 35 An
3022 2970 56 33 den
3107 2969 353 41 Nachmittagsmänteln
3508 2968 112 41 ſpielen
3651 2968 143 41 Fuchsre⸗

2905 3016 52 26 ver
2983 3010 61 32 und
3068 3009 350 41 Fuchsberbrämungen
3464 3010 67 32 eine
3576 3008 95 41 große
3696 3008 98 34 Rolle.

2903 3050 81 32 Man
3008 3049 112 40 benuͤlzt
3143 3049 65 40 hier
3231 3050 59 32 alle
3314 3049 198 40 Fuchsarten,
3536 3057 62 24 von
3622 3049 57 33 den
3706 3048 86 47 Edel⸗

2904 3089 112 40 füchfen
3037 3089 193 40 angefangen
3249 3089 50 32 bis
3308 3098 48 31 zu
3375 3090 56 31 den
3454 3089 153 40 einfachen
3627 3088 166 40 Landfüch⸗

2900 3129 55 40 ſen
2976 3131 45 31 Es
3042 3130 62 39 gibt
3123 3129 145 38 Modelle,
3289 3130 47 32 die
3356 3130 56 31 den
3433 3131 131 31 unteren
3588 3129 97 47 Saum
3699 3125 87 55 ganz

2899 3169 61 34 imd
2987 3170 59 33 den
3075 3169 163 33 Uebertritt
3267 3169 136 40 einſeitig
3451 3169 91 40 apart
3570 3169 59 33 mit
3659 3168 130 41 Füchſen

4525 249 92 34 Seite
4635 246 19 34 8

2838 557 114 56 Der
2987 577 137 37 neue
3162 555 101 63 ſtil
3297 553 96 55 des
3428 552 434 71 Uerbrimungen

3811 633 157 32 verbrämt,
3995 630 100 41 haben
4121 629 66 33 und
4213 628 58 32 das
4299 628 37 46 ſo,
4363 630 58 46 daß
4447 629 53 47 der
4531 628 112 40 deoze

3812 672 48 32 bis
3882 680 69 32 zum
3973 671 105 33 Rever
4100 668 87 34 reicht
4212 668 60 32 und
4296 669 48 37 ſich
4366 670 62 37 hier
4450 670 56 31 mit
4528 669 68 32 dem
4618 667 67 47 Kop

3812 710 52 33 des
3886 710 190 40 Reverfelles
4099 708 88 40 trifſt.
4213 707 119 33 Andere
4355 709 121 31 Räntel
4496 709 105 39 zeigen
4624 708 75 46 ähn⸗

3815 752 87 37 lichen
3931 751 137 39 Aufputz,
4118 749 70 39 doch
4219 748 96 44 unter
4340 748 87 37 ihnen
4457 748 140 38 erfreuen
4630 742 72 60 ſich

3813 790 209 32 Samtmäntel
4048 790 56 32 mit
4129 787 285 41 Pelzverbrämung
4438 787 176 38 beſonderer
4638 787 63 31 Be⸗

3815 829 140 38 liebiheit,
3980 829 38 32 da
4044 830 37 39 ſie
4106 829 57 32 den
4190 827 126 39 Vorzug
4340 826 109 37 haben,
4495 828 70 46 auch
4611 827 90 31 einen

3815 867 221 34 Abendmantel
4061 877 37 30 zu
4125 867 131 40 erſetzen.
4303 864 93 33 Kann,
4423 873 73 24 man
4523 868 49 37 ſich
4600 868 99 30 etwas

3816 906 168 38 Schöneres
4012 909 166 38 vorftellen,
4208 908 47 31 als
4285 905 91 32 einen
4404 904 159 39 ſchwarzen
4591 906 111 32 Samt⸗

3817 947 111 31 mantel
3951 947 56 32 mit
4033 948 136 39 gleichem
4193 945 88 40 Muff
4305 943 176 40 intereſſant
4503 945 55 31 mit
4580 945 121 31 Silber⸗

3818 985 79 39 fuchs
3920 987 174 32 verbrämt?
4117 987 107 39 (Siehe
4279 984 86 40 Skizze)

3856 1024 170 39 Beſonders
4057 1026 164 39 auffallend
4228 1020 87 81 ſuf
4347 1025 47 32 die
4426 1022 277 40 Winterkomplets.

3820 1070 47 25 wo
3891 1064 73 39 nicht
3987 1073 58 24 nur
4069 1066 50 31 der
4142 1066 132 36 Mantel,
4298 1064 130 40 ſondern
4452 1062 73 39 auch
4549 1063 56 47 das,
4628 1063 76 38 dazu

3820 1103 135 40 paſſende.
3976 1103 84 33 Kleid
4083 1106 55 31 mit
4159 1105 65 33 dem
4244 1104 129 40 gleichen
4396 1103 222 46 Pelzmaterial
4639 1110 65 23 ver⸗

3820 1143 102 32 btämt
3948 1143 70 39 ſind.
4062 1144 106 39 Hiefür
4195 1145 119 32 werden
4361 1142 144 41 meiſtens
4532 1141 189 39 Perſianer,

3819 1182 164 39 Aſtrachan
4011 1184 60 31 und
4098 1182 109 34 andere
4234 1183 195 40 kurzhaarige
4457 1180 86 41 Felle
4570 1187 137 25 verwen⸗

3821 1222 47 32 det

3842 1230 36 24 et.

3861 1261 68 33 Das
3954 1260 125 41 Koſtüm
4119 1262 59 39 zeigt
4203 1262 192 39 Pelzbahnen
4423 1270 40 24 an
4488 1261 60 33 den
4574 1259 136 34 Vorder⸗

3820 1301 102 37 teilen,
3952 1301 127 38 parallel
4127 1309 31 23 der
4184 1301 119 33 Kanfen
4330 1300 275 40 herunterlaufend
4635 1299 73 46 oder

3835 1341 58 32 wei
3920 1340 269 40 parallellaufende
4225 1340 368 40 aneinanderſchließende
4620 1340 89 39 Peiz⸗

3818 1350 43 102 ſi
3977 1379 46 33 die
4045 1381 70 38 nach
4138 1380 65 32 dem
4223 1381 157 38 Schließen
4403 1382 48 31 ein
4508 1388 102 40 anzes,
4625 1386 87 38 erge⸗

3844 1428 45 26 en.
3912 1420 44 32 Es
3998 1420 43 32 gibt
4061 1420 143 36 Modelle,
4226 1420 44 31 die
4291 1420 54 31 den
4366 1419 163 41 Pelzbeſatz
4573 1419 139 38 gleichmä⸗

3898 1468 53 24 um
3994 1468 37 24 den
4053 1458 92 34 Rand,
4169 1459 115 39 fühten.
4308 1459 78 40 Auch
4409 1461 63 38 hier
4496 1461 113 31 mieder
4631 1465 81 41 wer⸗

3841 1509 36 24 eñ
3901 1500 57 33 mit
3981 1498 142 34 Vorliebe
4148 1497 114 39 Füchſe,
4303 1499 71 32 aber
4397 1500 71 37 auch
4511 1498 200 41 kurzhaarige

3821 1540 84 39 Felle
3932 1538 184 37 verwendet,
4142 1545 59 25 von
4226 1538 93 32 denen
4345 1539 50 38 ſich
4417 1539 45 32 die
4489 1539 223 40 kurzhaarigen

3821 1580 83 39 Felle
3924 1577 163 40 beſonders
4120 1577 38 32 für
4176 1578 46 32 die
4241 1578 163 39 Pelzmütze
4421 1597 39 6 —
4477 1579 46 31 die
4542 1587 74 24 man
4637 1578 75 45 auch

3821 1620 76 40 dazu
3921 1619 85 39 trägt
4026 1636 40 7 —
4088 1619 110 38 eignet,
4221 1618 143 37 während
4386 1619 52 31 der
4456 1619 172 39 Handſchuh
4654 1620 57 31 mit

3821 1659 67 33 dem
3910 1657 226 41 langhaarigen
4158 1656 66 40 Fell
4247 1657 157 38 beſonders
4426 1658 119 38 elegant
4565 1658 146 38 ausſieht.

3860 1699 87 32 Viele
3976 1698 123 33 Kleider
4130 1696 170 40 überhaupt
4330 1697 60 37 ſind
4420 1698 55 31 mit
4504 1697 207 39 Pelzſtreifen.

3822 1737 189 40 Pelztaſchen
4038 1737 61 32 und
4127 1737 123 39 zfragen
4278 1738 148 37 garniert;
4454 1738 91 46 es.iſt,
4572 1737 140 36 kleidlam

3821 1778 62 31 und
3906 1785 60 24 neu
3989 1777 61 33 und
4075 1776 89 32 bietet
4187 1776 165 38 aͤußerdem
4376 1777 75 31 viele
4472 1777 239 40 Möglichkeiten,

3821 1818 60 32 alte
3901 1816 148 42 Pelzreſte
4069 1816 118 41 nützlich
4206 1823 37 33 zu
4262 1818 179 31 verwerten.

3836 3127 133 41 Schöner
3997 3127 278 42 Perſianeryoletoi
4303 3127 55 36 mit
4385 3129 124 41 gleicher
4537 3129 167 43 Pelzmütze

4020 3170 63 32 und
4104 3168 224 42 inlereſſantem
4349 3171 317 44 Veriſchluz.

2893 3307 299 74 Können
3259 3308 278 85 Frauen
3599 3307 241 80 wahre
3902 3307 476 87 Freundſchaft
4437 3266 274 133 halten?

2938 3436 130 34 Können
3099 3436 126 39 Frauen
3255 3436 106 39 wahre
3393 3431 213 57 Freundſchaft
3658 3436 123 39 halten?

2900 3475 54 41 Jch
2979 3476 148 40 behaupfe
3154 3477 39 38 ja.
3238 3476 45 33 Es
3311 3477 63 39 gibt
3401 3476 110 38 ſogar
3535 3476 139 38 inniger?
3720 3469 62 39 und

2901 3516 104 39 tiefere
3030 3514 411 41 Freundſchaftsbindungen
3466 3517 92 31 unter
3584 3515 125 38 Frauen
3735 3515 48 32 als

2900 3558 104 30 unter
3015 3556 201 32 Männern.
3231 3555 90 34 Aber
3329 3551 100 47 mane
3438 3556 75 37 muß
3540 3555 80 47 ſchon
3632 3555 77 39 ſehr
3721 3563 61 30 ge⸗

2901 3603 61 24 nau
2986 3595 32 33 in
3040 3596 57 31 das
3118 3595 103 32 Leben
3242 3595 54 33 der
3318 3595 161 38 Menſchen
3501 3594 202 40 hineinſehen.

2901 3649 77 35 Eine
2998 3651 39 31 32
3057 3650 120 41 jährige
3201 3649 225 42 Zunggeſellin:

2939 3699 105 39 „Ohne
3068 3700 100 32 meine
3193 3699 162 38 Freundin
3380 3699 83 33 wäre
3487 3700 83 32 mein
3595 3700 101 33 Leben
3721 3699 63 39 ſehr

2901 3738 124 41 einſam,
3074 3739 39 39 ich
3145 3739 119 40 glaube,
3284 3740 213 38 unerträglich.
3548 3739 59 38 So,
3639 3740 57 48 wie
3726 3740 58 47 wir

2902 3777 81 42 ſchon
3007 3777 55 42 auf
3088 3779 52 33 der
3166 3778 172 39 Schulbank
3367 3779 102 38 Fraͤud
3496 3780 63 33 und
3605 3779 74 33 Leid
3716 3781 69 31 mit⸗

2901 3859 163 38 geblieben.
3105 3858 83 33 Aber
3210 3867 32 24 es
3263 3859 52 39 hat
3337 3859 69 39 auch
3458 3859 77 38 Kriſen
3557 3860 153 47 gegeben,
3721 3860 61 31 und

2899 3898 65 39 doch
2987 3898 53 40 hat
3063 3898 84 32 eines
3170 3898 106 40 unfere
3299 3897 215 41 Freundſchaft
3537 3901 111 31 immer
3671 3899 112 33 wieder

2901 3938 137 39 geretket:
3063 3938 176 33 Vertrauen
3264 3940 64 31 und
3353 3937 163 41 Offenheit.

2937 3977 54 40 Jch
3018 3976 120 40 glaube,
3165 3987 33 23 es
3285 3978 48 33 ein
3362 3977 178 40 beſonderes
3568 3979 98 38 Glück,
3694 3979 88 33 einen

2910 4024 16 24 o
2953 4017 176 34 werwollen
3154 4017 159 40 Menſchen
3340 4018 81 39 ſchon
3446 4019 42 32 in
3504 4019 52 32 der
3581 4018 126 40 Zugend
3733 4019 49 32 als

2929 4057 129 32 reundin
3081 4065 37 30 zu
3143 4058 172 38 gewinnen.
3359 4057 88 33 Viele
3471 4057 115 41 müſſen
3654 4058 54 79 z
3731 4059 51 32 da⸗

2898 4096 70 40 nach
2990 4096 109 39 ſuchen.
3141 4097 83 33 Aber
3245 4107 32 23 es
3299 4097 86 40 lohnt
3407 4097 60 40 ſich,
3490 4106 89 25 wenn
3602 4106 33 25 es
3668 4098 38 39 lich
3728 4107 53 39 um

2900 4136 65 33 eine
2989 4135 160 39 Freundin
3173 4137 131 39 handelt,
3330 4137 47 32 die
3401 4137 88 40 durch
3510 4137 67 47 Dick
3601 4139 61 32 unz
3687 4138 94 33 Dünn

2897 4175 55 33 mit
2979 4177 97 32 einem
3104 4177 77 39 geht,
3228 4176 75 40 nicht
3330 4177 71 33 aber
3428 4186 54 24 um
3509 4186 66 29 jene
3622 4177 158 41 flüchtigen

2898 4214 188 39 Bekannten,
3116 4217 47 33 die
3195 4217 113 39 geſtern
3359 4218 69 36 noch
3460 4217 184 38 unbekannt,
3695 4217 85 39 heute

2897 4254 79 39 ſchon
3004 4264 54 30 zur
3089 4257 96 38 beſten
3218 4256 159 38 Freundin
3407 4258 191 38 ausgerufen
3649 4259 129 31 werden.

2898 4295 197 37 „Freundin“
3129 4297 68 38 darf
3231 4296 134 32 niemals
3397 4305 35 30 zu
3468 4298 82 31 einer
3584 4297 192 33 Sammelbe⸗

2895 4335 159 39 zeichnung
3084 4336 131 38 werden,
3245 4335 106 38 ſonder
3377 4345 36 30 zu
3443 4338 99 31 einem
3571 4337 208 39 Wertbegriff,

2896 4376 51 31 der
2974 4375 56 32 wie
3055 4375 65 33 eine
3146 4375 231 41 Auszeichnung
3404 4385 77 31 ganz
3507 4377 89 38 ſelten
3622 4378 60 32 und
3710 4377 69 39 nach

2896 4414 108 40 langer.
3032 4414 145 41 Brüfung
3191 4416 169 45 verlieben
3389 4417 86 32 wird.
3526 4417 107 38 Solche
3662 4417 117 40 Freun⸗

2895 4452 51 35 din
2971 4454 130 40 wünſche
3127 4456 38 38 ich
3190 4456 81 37 jeder
3295 4456 97 38 Frau.

2897 4509 77 34 Eine
2999 4509 157 42 Z24jährige
3185 4511 276 41 hausangeſiellte:

2931 4558 110 39 „Nein,
3071 4560 71 39 bloß
3174 4560 80 33 keine
3286 4561 160 38 Freundin
3476 4563 95 39 mehr.
3622 4563 55 33 Die
3710 4563 65 33 eine

2896 4597 51 40 hat
2966 4599 62 32 mir
3048 4606 59 26 nur
3128 4602 110 31 immer
3258 4602 99 32 meine
3377 4601 120 40 Tänzer
3519 4610 259 32 weggenomnien,

2895 4638 61 33 und
2982 4638 46 33 die
3054 4640 111 33 andere
3191 4640 51 39 hat
3268 4641 173 39 geheiratet.“
3489 4641 67 34 Und
3582 4643 96 33 damit
3704 4644 74 37 habe

2896 4676 38 40 ich
2957 4678 38 40 ſie
3018 4679 69 38 auch
3110 4680 150 32 verloxen.“
3304 4680 90 33 Denn
3417 4681 95 33 lieber
3535 4683 92 32 allein
3651 4684 128 36 bleiben,

2893 4718 47 32 als
2966 4718 104 39 täglich
3096 4720 56 31 das
3177 4719 87 32 Glück
3289 4721 94 38 dieſer
3407 4720 161 38 Freundin
3591 4723 56 31 mit
3670 4723 104 32 Mann

2895 4759 60 30 und
2975 4758 137 33 Kindern
3132 4760 57 31 mit
3209 4759 128 40 anſehen
3357 4761 62 32 und
3440 4761 89 33 dabel
3549 4762 110 38 abſeits
3680 4763 97 38 ſtehen

2890 4798 62 31 und
2978 4798 174 39 überflüſſig
3178 4799 69 38 ſein.

2956 4837 27 39 ch
3007 4838 104 33 würde
3136 4839 29 35 ja
3190 4847 77 30 ganz
3290 4847 74 31 gern
3390 4841 112 33 wieder
3526 4843 65 31 eine
3615 4843 159 38 Freundin

2891 4874 106 40 haben
3021 4885 31 24 es,
3076 4878 63 37 gibt
3163 4879 108 31 immer
3295 4880 28 38 ſo
3347 4880 58 31 viel
3425 4889 37 29 zu
3487 4882 179 38 befprechen
3691 4883 82 32 Aber

2892 4915 46 33 die
2963 4915 148 40 Mädchen
3136 4918 98 38 haben
3260 4919 30 38 ja'
3316 4921 67 36 doch
3409 4928 60 25 nür
3494 4922 47 32 die
3567 4922 139 33 Männer
3733 4923 42 32 im

2886 4953 181 75 Jleuns
3097 4958 112 32 darum
3237 4957 52 40 hat
3318 4960 57 31 das
3404 4961 76 32 alles
3511 4961 29 37 ja
3571 4962 68 38 doch
3668 4963 102 32 keinen

2918 5003 42 24 we

2894 5101 199 40 rieſenhalten,.
3120 5103 214 39 Wachtürmen
3361 5113 59 24 aus
3445 5107 76 39 Holz
3547 5107 123 39 gekrönt
3697 5108 86 38 wird,

2894 5149 94 31 gegen
3013 5142 145 34 Moskau.
3182 5144 89 38 Dort,
3296 5153 52 25 am
3373 5145 83 33 Ende
3482 5146 124 36 unſecres
3631 5147 152 34 Baulofes

2894 5182 76 31 wird
2993 5189 65 25 nun
3079 5183 57 32 mit
3158 5183 53 33 der
3232 5184 109 33 Arbeit
3363 5185 51 32 des
3439 5186 152 39 Wühlens
3614 5188 61 32 und
3698 5187 83 40 Vag—

2892 5228 33 69 ſe
3014 5221 169 40 begonnen.
3230 5223 58 35 Jm
3314 5225 107 39 fernen
3448 5226 98 40 Duuüſt
3575 5227 53 32 des
3656 5228 125 32 Abenns

2902 5261 98 38 leigen
3027 5259 48 35 die
3102 5261 113 41 Lichter
3243 5265 52 32 der
3324 5265 116 39 großen
3467 5266 97 33 Stadt
3592 5275 114 32 empor,
3734 5267 44 33 die

2892 5299 85 40 durch,
3003 5299 128 41 unſeren
3155 5302 104 33 Kanal
3284 5312 36 31 zu
3347 5303 83 34 einer
3455 5306 178 40 Hafenſtadt
3659 5305 121 35 werden

2893 5339 151 37 ſell.-Mit
3073 5350 60 24 uns,
3160 5341 300 43 Zwangsarbeitern
3488 5346 77 32 wird
3593 5346 53 33 der
3674 5346 106 41 größte

2893 5379 300 40 Vaſfferſtrahenbau
3219 5383 53 32 der
3299 5384 91 37 Welt,
3414 5384 55 34 der
3494 5386 104 39 bisher
3623 5395 61 24 nur
3710 5394 70 25 vom

2890 5418 73 34 Bau.
2987 5419 54 40 des
3066 5420 258 40 Banamalanais
3350 5423 191 42 überlroffen
3564 5426 88 38 wird
3675 5426 105 41 ferug⸗

2892 5459 119 40 geſtellt.
3035 5459 109 34 Leider
3170 5461 79 34 kann
3276 5462 53 34 der
3352 5462 105 35 Kanal
3484 5465 113 40 infolge
3622 5467 53 32 der
3704 5466 75 34 Wů⸗

2891 5501 322 41 texungsverhältniſſe
3243 5511 61 25 nur
3334 5504 19 30 5
3384 5504 132 34 Monate
3547 5505 43 33 im
3619 5506 82 39 Jahr
3730 5508 48 31 be⸗—

2891 5535 75 43 nützt.
2988 5540 130 39 verden,
3141 5548 69 25 was
3230 5541 58 34 den
3310 5543 179 40 Transſoͤrt
3511 5545 52 31 de?
3588 5545 107 40 Eifens
3718 5547 61 32 nd

2891 5578 50 33 der.
2965 5579 126 33 Metalle
3115 5581 53 31 des
3194 5580 219 42 Uralgebietes,
3436 5584 53 32 des
3513 5585 73 32 Oels
3611 5595 58 23 aus
3693 5585 86 38 Afer.

2891 5617 139 40 beiſchan,
3058 5619 52 33 des
3137 5619 160 36 Getreldes
3325 5624 52 31 des
3406 5623 210 41 Wolgagaues
3644 5627 48 31 en
3722 5634 57 24 ive⸗

2891 5660 51 39 nig
2970 5659 158 39 erſchwert.

3242 5709 179 39 Sabolage?

2928 5753 82 34 Aber
3035 5754 103 34 Kanal
3165 5756 33 39 iſt
3223 5756 104 35 Kanal
3375 5758 60 32 und
3462 5760 110 32 Stalin
3599 5760 32 38 iſt
3659 5761 118 32 Stalin.

2891 5792 67 34 Wir
2985 5794 114 39 müſſen
3128 5796 89 40 fertig
3247 5798 130 32 werden.
3426 5799 194 40 Geſpenftiſch
3650 5802 129 37 luchten

2887 5832 47 34 die
2959 5834 223 41 Scheinwerfer
3210 5838 30 31 in
3265 5839 47 30 die
3338 5838 79 39 tiefe,
3443 5840 223 39 lauggeſtreckte
3691 5841 87 32 Vau.

2888 5873 102 43 grube.
3014 5873 57 34 Die.
3096 5875 239 41 Pfeilenſignele
3359 5878 53 32 der
3436 5879 266 41 Weihenwächter
3727 5883 50 30 der

2889 5914 166 45 Beldbahn,
3079 5914 57 33 das
3159 5916 176 40 Scheppern
3359 5918 52 32 der
3436 5919 130 39 Wagen,
3590 5922 76 30 wird
3692 5921 86 32 über—

2890 5954 63 30 tönt
2981 5961 60 25 von
3069 5955 99 33 einem
3197 5958 184 39 gewaztigen
3408 5958 144 39 Stöhuen
3580 5960 52 32 der
3659 5961 118 38 unſicht—

2888 5993 94 32 baren
3005 5994 128 34 dunklen
3156 5996 109 39 Maͤſſe,
3288 5997 48 32 die
3357 5998 56 32 mit
3433 5999 54 31 der
3512 5999 90 39 fetten
3625 6001 80 31 Erde
3727 6002 51 31 der

2887 6032 169 34 Moslauer
3078 6034 103 34 Ebene
3204 6036 92 40 ringt,
3319 6037 45 32 die
3387 6039 183 39 verzweifelt
3592 6040 112 39 kämpft
3727 6048 51 25 um

2888 6071 55 33 das
2970 6072 121 40 bißchen
3118 6074 91 34 Atem
3235 6076 63 32 und
3325 6076 110 33 Leben.
3464 6078 160 40 Funfzehn
3652 6080 125 39 ſchlechte

2887 6110 187 42 Zigarelten,
3105 6115 193 39 achthundert
3326 6116 132 34 Gramm
3486 6118 224 41 Schwarzorot
3739 6121 38 30 A.

2888 6160 35 23 ne
2952 6159 124 32 magere
3105 6154 193 39 Krautſuppe
3329 6157 60 31 und
3418 6156 95 40 Hirfe,
3542 6159 57 31 das
3631 6160 31 37 iſt
3692 6159 85 33 alles,

2889 6200 64 23 was
2977 6193 59 31 wir
3059 6193 179 41 Gefangene
3263 6196 108 38 täglich
3394 6196 183 34 bekommnen.

2926 6232 63 32 Und.
3013 6233 116 33 drüben
3154 6235 40 31 im
3218 6235 171 33 Moskauer
3411 6236 112 33 Sektor
3546 6239 100 32 bauen
3670 6241 37 37 ſie
3731 6239 45 32 dei

2887 6271 115 38 Chimki
3026 6273 46 32 die
3095 6283 76 23 neue,
3194 6274 212 34 Betonbrücke.
3430 6276 67 32 Und
3521 6277 68 32 dort
3613 6279 41 32 im
3679 6278 98 39 Hafen

2885 6311 104 39 erſteht
3017 6312 47 32 ein
3093 6314 162 39 längliches
3283 6314 116 39 weißes
3427 6315 158 39 Gebäude,
3613 6319 46 30 die
3686 6317 89 33 nörd—

2886 6351 66 38 liche
2973 6351 195 40 Flußſtation
3189 6362 60 23 von
3271 6355 145 33 Moskau.
3436 6356 39 31 87
3495 6357 104 31 Meter
3621 6357 76 39 hoch.
3721 6358 55 32 Um

2884 6390 55 33 das
2970 6391 140 34 Gelaͤnde
3140 6393 76 32 wird
3248 6394 48 32 ein
3350 6395 109 32 kleiner
3491 6396 83 38 Park
3625 6398 149 38 anzelagt.

2885 6430 84 38 Zwel
2996 6432 154 33 Eisbären
3178 6441 58 24 aus
3264 6434 148 32 Marmor
3439 6436 62 31 und
3526 6436 75 38 zwei
3628 6436 149 39 Deiphüne

2885 6478 57 23 zus
2969 6470 122 40 Bronze
3117 6473 89 37 ſollen
3230 6473 66 32 dem
3323 6474 82 38 Park
3430 6475 62 31 und
3518 6475 52 32 der
3592 6466 183 54 Umgebuüng

2885 6509 78 38 jchon
2994 6520 104 31 wegen
3128 6513 51 31 der
3209 6512 163 38 Fremden,
3399 6514 47 32 die
3476 6523 73 23 man
3580 6515 30 31 in
3640 6516 133 37 Scharen

2883 6550 211 39 herbeiführen
3119 6553 72 36 will,
3216 6553 86 32 einen
3327 6553 110 34 foliden
3461 6554 135 38 Anſtrich
3619 6564 59 23 von
3701 6554 72 33 Kul⸗

2003 6582 69 34 Wir
2097 6582 107 39 fahren
2229 6587 56 32 mit
2308 6585 52 32 der
2372 6585 174 48 Feldbahn.
2572 6588 108 32 immer
2705 6597 42 25 an
2772 6590 82 32 einer

1961 6623 157 39 unendlich
2152 6625 186 37 zcheinenden
2371 6627 313 37 Stacheldrahtwand,
2717 6629 46 33 die
2794 6638 59 24 von

2883 6591 47 29 tur
2954 6591 104 38 geben.

2919 6628 175 42 Jngenieur
3113 6630 131 41 Griſcha,
3263 6632 97 40 deſſen
3379 6632 120 41 Gehilfe
3517 6633 40 40 ich
3576 6633 62 39 bin,
3657 6634 34 41 iſt
3708 6641 65 26 ver⸗

3808 5348 150 34 Dammes,
3980 5352 32 37 iſt
4035 5354 41 31 im
4098 5353 74 42 Weg

3823 3434 57 34 Die
3899 3434 158 41 4Zjährige
4078 3435 198 40 verheiraieie
4296 3437 98 40 Frau.

3857 3483 71 39 „Jch
3954 3483 52 34 bin
4031 3484 63 40 jehr
4118 3485 129 40 glücklich
4271 3486 56 32 mit
4350 3487 132 33 meinem
4506 3488 107 33 Mann
4636 3489 64 32 und

3818 3523 122 33 meinen
3968 3523 64 33 drei.
4061 3524 147 39 Kindern,
4237 3526 72 32 aber
4337 3527 140 40 trotzdem
4506 3528 125 39 brauche
4662 3529 40 38 ich

3821 3563 73 32 eine
3906 3560 270 41 Freundin.
4114 3556 70 55 Es
4206 3566 77 32 wird
4313 3566 122 33 immer
4448 3566 101 41 Dinge

3820 3601 103 39 welche
3955 3602 60 33 die
4033 3603 86 38 Frau
4151 3612 59 26 nur
4241 3605 56 32 mit
4327 3606 52 33 der
4410 3605 88 39 Frau
4532 3607 174 40 beſprechen

3819 3641 86 33 tann.,
3957 3641 65 34 Und
4052 3644 68 47 auch
4151 3644 31 33 in,
4211 3644 52 33 der
4292 3645 194 41 glücklichften,
4515 3648 63 38 Ehe'
4626 3649 77 37 muß

3817 3689 74 25 man
3919 3682 50 39 ſich,
3997 3682 66 40 doch
4091 3685 113 31 einmal
4233 3685 74 32 über
4335 3685 99 40 ſeinen
4462 3686 162 39 Eheniann
4652 3688 49 32 be⸗

3818 3720 113 40 klagen.
3976 3721 68 34 Wie
4069 3723 193 39 wunderbar,
4288 3733 88 25 wenn
4400 3735 74 24 man
4498 3728 41 31 all
4562 3728 47 33 die
4633 3728 68 33 klei⸗

3819 3769 59 25 nen
3908 3761 199 34 Bitterkeiten
4138 3763 112 33 einmal
4281 3766 197 39 ausſprechen
4510 3768 77 32 kann
4638 3770 64 31 und

3819 3800 57 33 das
3897 3809 56 24 vor
3974 3802 84 33 einer
4079 3800 169 42 Freundin,
4268 3804 52 44 die
4336 3806 56 33 mit
4412 3805 204 40 Verſtündnis
4637 3811 64 30 und

3807 3834 87 49 Takt
4037 3842 224 41 Stimmungen
4288 3845 199 37 überwinden
4515 3847 77 40 hilft.
4641 3847 63 34 Un⸗

3823 3887 246 33 ausgeſprochen,
4121 3885 120 31 werden
4273 3884 46 32 die
4353 3885 114 33 kleinen
4496 3886 102 41 Finge
4650 3889 55 32 des

3823 3920 144 40 täglichen
4023 3922 91 32 Lebens
4141 3930 35 31 zu
4205 3924 132 39 Bergen,
4366 3925 247 42 ausgeſprochen,
4641 3927 63 40 ſind

3823 3960 37 39 ſis
3888 3961 48 32 ein
3954 3961 127 47 Nichts!
4129 3963 52 40 Jch
4210 3964 109 39 glauͤbe)
4376 3966 60 38 daß
4465 3967 66 33 eine
4558 3967 150 39 Wirtlche

3826 4000 159 38 Freundin
4010 4001 75 37 nicht
4109 4004 77 32 etwa,
4212 4004 64 32 ine
4300 4005 63 39 Ehe
4387 4006 167 39 gefährdet,
4578 4008 130 37 ſondern

3825 4047 34 32 zu
3884 4039 96 40 ihrem
3989 4035 159 56 ſicheren
4148 4043 61 32 und
4233 4045 92 38 guten
4349 4046 132 39 Beſtand
4505 4048 159 39 beitraͤgt⸗

3820 4104 78 34 Eine
3916 4106 89 39 Frau
4022 4123 40 8 —
4082 4107 76 39 ohne
4178 4108 162 40 Aufgaben
4361 4110 62 33 und
4443 4111 78 40 ohne
4543 4113 164 40 Sorgen:

3857 4162 127 37 „Lleber
4006 4165 73 40 zehn.
4103 4165 138 34 Männer
4265 4168 48 32 als
4337 4169 66 32 eine
4426 4169 101 39 Frau!
4551 4172 70 33 Von
4646 4173 55 33 der

3817 4204 110 37 guten
3943 4199 201 56 Freundin“,
4170 4206 67 34 die
4266 4208 98 33 einem
4391 4209 46 33 die
4465 4211 139 40 muͤhſam
4632 4221 65 24 ero⸗

3816 4242 82 33 berte
3922 4243 101 40 billige
4047 4244 196 39 Schneiderin
4268 4247 159 41 veraͤrgert
4450 4250 62 33 und
4536 4260 52 24 ani
4613 4253 85 36 nac⸗

3817 4281 60 48 ſten,
3903 4281 67 40 Tag
4000 4285 51 32 der
4079 4285 287 41 Schwiegermutter
4394 4297 78 31 ganz
4496 4291 126 40 zufaͤlig
4652 4302 48 22 e.

3814 4321 89 40 zühlt,
3923 4322 60 39 daß
4003 4332 73 25 man
4095 4326 68 38 noch
4183 4334 53 24 uin
4255 4326 38 31 10
4312 4327 62 40 lhr
4394 4337 147 32 morgens
4562 4332 42 32 mr
4624 4332 73 34 gett

3817 4362 121 47 gelegen
3962 4363 52 38 hat
4035 4379 40 7 ——
4098 4372 59 26 von
4181 4365 52 34 der
4232 4362 99 80 ſebz
4418 4372 113 38 genug!
4576 4372 121 34 Sowas

3815 4402 103 32 würde
3947 4403 47 33 ein
4023 4403 105 34 Mann
4156 4406 131 33 niemals
4316 4416 129 25 machen.
4493 4411 72 33 Rur
4614 4413 83 33 nt

3816 4440 171 38 Freundin!
4037 4443 89 34 Denn
4155 4446 46 32 die
4229 4446 51 39 hat
4308 4446 30 38 ſa
4367 4449 66 37 doch
4463 4458 61 25 nur
4553 4452 46 32 die
4629 4453 69 33 einz

3815 4480 263 48 Lebensaufgabe,
4104 4484 320 42 herumzuͤkritiſteren)
4449 4491 62 32 und
4551 4492 37 38 ſich
4616 4488 82 49 ſelbſt

3815 4529 50 39 inz
3884 4522 69 38 gute
3998 4523 52 39 Licht
4066 4532 36 31 zu
4121 4523 94 41 ſetzen
4226 4518 20 58 .
4252 4526 63 32 Der
4331 4528 179 40 Höhepunkt
4528 4532 33 32 ift
4581 4532 114 40 ſchüeß⸗

3815 4560 61 48 lich,
3901 4569 88 26 wenn
4013 4563 51 33 der
4087 4564 102 38 eigene
4211 4565 105 34 Mann
4339 4568 75 39 ſagt:
4438 4570 117 36 Dein?
4578 4567 120 49 Freun⸗

3813 4600 44 32 din
3892 4601 152 77 —
4161 4606 54 31 —
4275 4602 212 81 ſſcheee
4519 4620 176 33 angezogen

3811 4648 41 40 ——
3891 4643 51 70 z
3963 4641 136 41 ſicherlich
4119 4645 74 38 nicht
4212 4646 28 38 ſo
4259 4653 47 26 vlel
4337 4647 77 34 Geld
4432 4657 56 31 zur
4493 4646 198 53 Verfügüng

3814 4687 38 25 wie
3875 4676 56 49 du
3945 4705 7 7 .
3967 4681 67 34 ...“

3819 4745 68 32 Und
3911 4754 68 24 was
4003 4746 63 42 ſagt
4089 4748 52 33 der
4162 4750 106 34 Mann
4291 4752 150 42 wirklich?

3857 4803 62 36 „Es
3941 4804 32 38 iſt
3994 4806 95 46 etwas
4109 4806 158 50 Köſtliches
4287 4818 53 26 um
4360 4812 66 34 eine
4445 4812 255 42 Frauenfreund.

3820 4841 93 40 ſchaft,
3940 4845 78 32 denn
4044 4846 38 38 ſie
4107 4848 204 39 bringtailes
4338 4852 56 32 das
4421 4862 41 24 au
4488 4856 57 33 den
4573 4853 128 49 Frauen

3814 4890 55 29 zur
3892 4879 194 58 Entfaltung,
4100 4895 78 38 was
4204 4890 57 32 wir
4286 4895 40 28 an
4351 4892 91 39 ihnen
4466 4894 107 35 lieben.
4618 4899 80 33 Eing

3810 4921 96 39 Frau,
3932 4923 45 32 die
4002 4927 55 30 mit
4082 4935 83 25 einer
4189 4930 133 32 anderen
4348 4933 102 38 wahre
4477 4934 215 42 Freundſchaft

3807 4969 37 31 Ju
3867 4957 112 63 halten,
3992 4964 88 40 weiß,
4101 4967 74 39 muß
4198 4969 69 38 auch
4290 4970 48 34 ein
4361 4974 88 37 guler
4470 4974 222 37 Lebengeaine⸗

3812 5001 54 32 rad
3891 5000 69 41 ſein.

3821 5072 1 7 .
3853 5070 14 4 —
3934 5071 41 4 —
4065 5057 8 30 u1

3812 5110 112 38 argert.
3945 5110 99 48 Seine.
4068 5112 229 43 Untergebenen
4320 5120 54 40 auf
4395 5120 55 34 der
4470 5121 154 43 Bauſtelle
4645 5127 56 38 ha⸗

3811 5147 56 34 hen
3892 5150 99 40 einige
4012 5151 165 42 dringende
4199 5155 151 43 Auſtcage
4373 5160 110 42 ſchlecht
4505 5164 195 42 ausgeführt.

3809 5187 63 34 Der
3916 5193 66 30 heute
3997 5194 243 47 angerommene,
4260 5196 129 41 Zement
4413 5202 106 34 wirde
4542 5203 85 42 ſolſch
4649 5215 51 31 ge⸗

3814 5228 46 80 Eiſ
3936 5230 62 34 und
4026 5231 29 41 ſo
4082 5231 115 44 müſſen,
4225 5237 98 41 einge
4352 5237 161 44 Waggon⸗
4542 5246 158 34 Nouden

3811 5268 152 34 koſtbaren
3994 5270 217 38 Baumaterial
4244 5277 110 35 wieder
4622 5295 77 24 —

3809 5308 66 33 den.
3923 5308 58 35 Die
4008 5312 156 40 Feldbohn
4192 5325 38 24 ——
4270 5312 80 91 deiß
4368 5320 135 81 —
4562 5324 54 34 eite
4644 5327 56 37 des

3988 5347 10 56 ſj
4178 5364 57 38 und.,
4275 5366 52 25 muß
4382 5364 81 30 ſofort
4483 5363 117 35 verlegt
4619 5374 80 25 wer⸗

3809 5389 66 47 den,
3899 5388 38 40 ſie
3961 5390 72 41 ſtört
4058 5392 46 33 die
4129 5393 106 35 Abel
4258 5395 55 35 der
4299 5369 99 79 ——
4650 5407 50 36 dis

3811 5429 140 34 inmitten
3974 5430 52 48 der
4050 5432 142 42 ſandigen
4218 5435 101 35 Ebene
4341 5439 54 41 auf
4417 5440 89 36 enen
4515 5439 184 51 Stelnwall

3782 5462 164 89 ſeen
3975 5472 71 39 ſind.
4071 5473 52 32 der
4146 5475 213 40 durchbrochen
4385 5482 122 34 werden
4531 5483 85 41 mutß.
4641 5484 59 41 Jch

3821 5510 99 38 preche
3939 5519 60 24 von
4016 5512 161 42 Sabotage
4197 5517 59 31 und
4278 5516 52 35 bin
4349 5521 123 32 nervo⸗.
4492 5524 44 31 Es
4557 5525 67 39 geht
4643 5535 56 25 um

3809 5548 127 38 unſeren
3962 5550 91 40 Kopf,
4083 5561 88 39 wenn.
4202 5556 55 32 wir
4285 5557 44 33 die
4358 5558 145 35 Termine
4530 5565 75 37 nuͤht
4633 5575 65 23 eil⸗

3809 5587 209 49 haltenDoch
4041 5591 119 40 Griſcha
4183 5596 70 38 lacht
4277 5599 141 39 lakoniſch
4439 5603 60 30 und
4521 5604 76 39 ſagt:
4621 5605 78 40 „Oh,

3809 5636 81 25 mein
3919 5628 133 40 Freumd,
4101 5639 66 41 was
4195 5637 104 37 meinſt.
4346 5639 40 32 du
4434 5649 58 25 von.
4509 5643 190 41 Sabolagei

3809 5663 125 57 Glaubſt
3964 5669 55 50 du⸗
4039 5673 58 46 daß
4125 5682 47 24 ein,
4202 5675 172 40 Jngenieur
4400 5681 56 32 mit
4484 5683 98 33 einem
4607 5682 91 40 zwei⸗

3808 5708 138 48 jaͤhrigen
3967 5711 176 47 techniſchen
4169 5713 84 33 Kurs
4280 5719 182 38 auskonimit,
4490 5724 61 31 und
4578 5724 58 39 daß
4663 5734 35 25 er

3811 5748 49 38 ſich
3876 5752 55 44 mit
3950 5758 82 39 einer
4050 5751 107 38 ſolchen
4174 5754 220 43 Schuͤlbilduͤng
4414 5760 163 40 bewähren
4596 5764 104 36 kann?

3810 5789 43 30 Es
3880 5789 32 39 iſt
3938 5798 47 39 ein,
4014 5791 147 39 Wunder,
4188 5803 88 37 wenn
4302 5798 46 32 ein
4376 5799 104 39 ſolcher
4506 5803 118 38 Menſch
4650 5805 49 32 dig

3809 5828 262 47 Nechtſchreibung
4100 5832 168 41 beherricht.
4309 5836 185 43 Unbilding,
4523 5842 175 40 Planiaſig.

3810 5868 53 32 keit
3886 5869 73 46 und
3972 5869 138 40 Pfuſcher
4133 5872 61 39 ſind
4218 5873 37 34 da
4279 5875 57 34 alle
4359 5886 51 24 am
4435 5879 98 38 Werk,
4558 5883 56 32 das
4638 5886 60 32 alle

3808 5907 106 39 Zeiten
3944 5911 190 33 überdauern
4164 5913 77 39 foll.“

4026 5957 67 33 Wir
4115 5958 99 34 bauen
4235 5961 66 33 eine
4326 5964 154 40 Schleuße.

3846 6003 57 32 Die
3930 6003 88 34 dritte,
4044 6006 361 45 Jachromaer⸗Schleuße
4432 6015 53 31 des
4512 6017 187 34 Moskwa—

3807 6042 247 48 Wolga⸗Kanals
4084 6046 70 39 ſteht
4186 6056 54 25 vor
4272 6050 80 38 Jhler
4381 6053 205 43 Vollendung.
4637 6058 59 36 Sie

3808 6083 105 38 gehört
3935 6085 75 45 nicht
4030 6092 37 31 zu
4090 6086 136 38 unſerem
4248 6089 119 34 Scktor.
4390 6092 46 34 Jn
4460 6095 138 38 unſerem
4621 6098 76 32 Sek⸗

3808 6124 47 44 tor
3882 6123 130 48 ſchreitet
4033 6125 46 32 die
4104 6125 107 34 Arbelt
4236 6128 165 35 bedeutend
4428 6134 173 39 langſamer
4628 6145 69 24 vor⸗

3807 6165 107 44 warts.
3939 6164 42 31 Er
4006 6165 33 38 iſt,
4061 6173 36 30 zu
4124 6167 85 37 grot,
4233 6168 58 32 wir
4314 6170 96 38 haben
4435 6180 36 30 zu
4498 6177 99 38 wenig
4622 6177 74 31 Ma⸗

3809 6202 108 38 hinen
3942 6205 61 31 und
4025 6204 229 41 Arbeilskräfte.
4278 6209 55 33 Die
4356 6211 36 31 25
4414 6213 167 34 Komete:
4604 6216 92 37 lange

3805 6241 211 40 Kanalſtrecke,
4042 6244 45 32 die
4112 6245 148 40 Schleuße
4285 6249 18 29 6
4329 6251 60 30 und
4415 6252 46 31 die
4488 6254 105 34 beden
4618 6256 77 31 Bef.

3807 6282 51 33 ken
3880 6290 60 24 von
3965 6283 101 47 Jſchkg
4091 6285 60 32 und
4176 6285 141 38 Lifasma
4341 6290 232 39 abzudammen,
4597 6295 31 37 iſſ
4652 6296 43 30 ei.

3806 6330 44 38 ne,
3863 6323 161 46 gewaltige,
4044 6323 115 39 Arbeit.
4180 6325 44 33 die
4247 6328 58 30 wir
4325 6328 275 43 Zwangsarbeiler
4619 6335 76 30 ooi.

3805 6361 129 40 bringen
3961 6362 124 39 müſſen.
4132 6364 56 33 Die
4216 6367 103 32 beiden
4347 6369 110 33 Becken
4483 6371 99 40 Jſchka
4630 6373 64 32 und

3804 6401 151 38 Kliasmas
3979 6403 104 39 rieſige
4107 6404 158 39 Erdjaſten
4290 6407 31 32 in
4344 6408 52 32 der
4422 6410 113 38 Ebens
4558 6413 44 31 die
4626 6413 67 36 Fier

3805 6441 117 39 wellige,
3949 6440 171 41 Ausläufer
4147 6445 60 37 hat,
4234 6445 114 39 müſſen
4376 6448 87 40 durch
4490 6451 66 33 eine
4582 6452 111 38 gigan

3805 6480 80 39 tiſche
3914 6481 232 41 Erdbewegung
4178 6484 193 39 abgedämmt
4401 6488 131 35 werden.
4562 6490 60 32 Jer
4650 6491 44 34 ö

3804 6521 102 31 Meter
3932 6522 94 31 breite
4049 6522 103 45 Kanal
4180 6525 151 33 erweitert
4356 6526 52 39 ſich
4432 6528 31 32 in
4488 6528 66 33 dem
4578 6528 115 37 Vecken

3801 6568 37 56 z
3864 6560 116 33 breiten
4007 6561 197 39 ſeeähnlichen
4230 6563 239 42 Waſſerflaͤchen,

3802 6610 13 22 d

3964 6601 5 6 n
4052 6601 5 6 ſeei
4515 6569 31 31 in.
4591 6568 101 38 denen

3822 6599 69 38 urch
3909 6597 102 41 Boien
4029 6600 48 34 die
4098 6600 188 43 Fahrtrinne
4307 6607 156 38 angeſeigt
4483 6607 121 33 werden
4627 6608 66 41 ſol.

4371 6644 186 45 (EFortlezung
4577 6648 111 38 folgt)

4599 3567 129 40 gebeti⸗

5104 1177 31 14 —

5049 1197 80 37 3

5056 1258 71 13 .2

5112 1271 19 24 —

5117 1291 16 32 6

5047 1353 18 17 .
5113 1363 15 8 4

4994 1379 15 19 1
5049 1370 21 59 e
5107 1366 22 38 4

5114 1401 8 32 4

5054 1428 15 39 .

5075 814 11 73 —
5068 715 21 94 —
5064 616 25 77 —
5080 532 3 3 —

5076 568 32 321 e

5108 753 9 112 —
5113 710 3 2 2

5067 906 20 45 —

5083 982 15 53 ——
5085 886 15 81 2*

5085 1021 35 18 —
5101 926 9 97 —
