3817 5449
76 673 65 33 er
183 675 51 30 der
277 673 168 40 politlfehen
471 673 116 41 Polkzei

63 4278 136 38 ſchöne
234 4280 114 72 —

132 249 92 40 Seite
241 248 20 34 2

96 335 209 38 Operationen
331 332 178 37 werdenin
530 338 53 31 der
605 336 158 40 römiſchon
787 336 156 40 Campag⸗

97 385 36 25 ue
154 382 62 28 und
237 380 55 30 den
313 379 219 37 benachrarten
553 379 160 37 Reglonen
731 381 50 30 der
804 378 137 38 „Mao.

98 421 49 30 nii“
176 420 218 39 ircl.geſihra.
440 421 55 33 Die
519 422 202 32 Karabinieri
769 423 175 37 vervichten,

98 464 57 31 wie
178 463 108 31 immer
309 465 52 31 mit
378 463 297 39 amvergleichllchem
698 462 164 40 Opfermurz
882 465 61 32 und

95 503 203 39 Ervehenheit
318 506 66 38 ihre
408 505 115 40 Pflich..
569 506 155 38 Wührend
771 506 44 33 die
837 505 105 33 Abtei⸗

97 549 111 37 lungen
227 550 55 30 der
299 548 95 39 Miliz
413 549 44 31 die
478 548 81 38 Ehre
580 549 107 37 heben,
703 557 42 24 en
765 550 55 31 den
842 549 100 32 Gren⸗

97 596 52 31 zen
177 593 56 28 den
258 590 166 39 polltifchen
452 589 214 42 Pollzeidlenſt
709 599 38 31 zu
791 589 152 39 verſehen,

109 633 136 37 vinten
272 633 45 31 bel
343 634 57 30 den
425 630 155 41 einzelnen
601 632 159 39 Legionen
779 632 50 33 ſdie
851 631 90 33 Aem⸗

630 684 38 30 zu
704 674 238 40 funktionteren.

94 714 104 39 Deſer
237 716 78 40 letzte
338 716 106 41 Dienſt
458 716 81 33 wurdd
582 716 56 34 mit
674 717 78 32 alier
774 715 167 39 Gewiſſen⸗

96 758 151 39 hafügkeit
276 761 63 30 und
386 758 56 34 min
462 759 114 39 chohem
601 757 341 40 Verumnvortllchkeits⸗

95 801 120 40 gefuhl
238 811 34 23 gen
283 803 67 37 ocht
369 802 132 32 werden.
518 801 56 35 Jm
596 800 270 41 Zuſammenhamg
888 802 54 31 mit

96 842 92 39 diefer
244 844 132 31 Sitiratton
394 845 101 37 ſtehen
516 842 100 40 eimige
638 844 51 32 der
708 842 234 40 Maßnechmen,

91 885 50 32 die
164 887 39 38 ich
223 886 71 39 euch
311 884 190 39 vorſchlagen
523 887 110 35 werde,
672 886 57 31 wie
768 893 25 32 3.
815 885 39 33 B.
896 885 46 33 die

92 926 174 41 Schaffung
313 934 92 26 neiter
432 927 186 40 Brovinzen,
662 927 49 33 die
738 926 203 42 Abſchaffung

90 968 171 41 fämtlicher
287 968 302 39 Unterpräfekturen,
614 970 44 31 die
681 968 182 42 Verſetzung
879 977 65 24 won

95 1012 174 39 Präfekten,
316 1012 43 32 die
391 1012 192 38 Ernemmung
628 1014 60 30 dies
716 1011 225 32 Gouverneurs

96 1060 60 26 non
178 1053 91 35 Rom,
293 1055 54 31 das
365 1053 185 39 Reglement
570 1053 53 40 für
641 1054 53 32 das
716 1053 227 39 Reichsinſtitut

95 1098 51 29 der
160 1094 224 40 Avanguardie
405 1096 61 31 und
485 1096 51 31 der
553 1095 129 35 Valilla,
696 1095 92 39 ſowie
799 1093 142 42 verſchie⸗

95 1139 73 31 dene
190 1138 112 31 andere
320 1146 64 24 von
406 1133 191 48 geringerer
606 1137 187 39 Bedeutung.

275 1196 169 42 Schaffung
467 1204 94 25 neuer
586 1196 177 41 Prouinzen

132 1247 65 33 Der
226 1247 261 41 Regherungschef
534 1249 108 31 kündet
667 1247 275 39 folgendermaßen

96 1290 45 32 die
164 1288 246 40 Notwendigken
456 1293 51 29 der
530 1289 174 40 Schaffung
745 1298 97 23 neuer
863 1287 79 40 Pro⸗

96 1333 106 39 rinzen
226 1343 57 22 an:
311 1333 55 32 Die
389 1331 215 41 gegenwärtig
632 1331 171 40 beſtehende
828 1330 114 34 Eintei⸗

96 1374 74 40 lung
192 1376 32 31 in
250 1374 176 40 Provinzen
474 1374 49 39 hit
545 1374 57 39 ſeit
625 1374 52 32 der
704 1371 158 43 Gmigung
885 1372 58 33 des

95 1415 216 41 Kömigreiches
332 1416 80 34 keine
430 1416 166 39 beſonders
637 1418 50 31 ins
709 1415 134 39 Gewicht
885 1414 57 40 fal⸗

91 1458 89 32 lende
212 1458 229 39 Aenderungen
474 1458 154 39 erfahren.
673 1458 60 32 Die
783 1457 160 33 nationale

96 1499 179 42 Regierung
297 1501 55 38 hat
378 1500 100 39 ſofyrt,
521 1500 143 38 nachdem
690 1500 37 37 ſie
749 1508 63 23 ans
837 1499 106 32 Ruder

94 1543 187 37 gekommerl,
333 1551 58 24 aus
421 1542 197 40 gewüchligen
651 1540 290 41 Prinzipsgründen

96 1586 46 32 die
156 1585 197 39 Möglichkeit
376 1586 50 31 der
449 1584 245 40 Unterdrückung
728 1585 56 31 der
807 1584 135 40 Provin⸗

95 1636 54 29 zen
164 1627 252 39 qusgeſchloſſen,
457 1635 53 25 um
528 1636 43 23 an
594 1627 63 36 ihre
676 1626 100 33 Stelle
799 1625 65 33 eine
886 1626 57 31 Or⸗

96 1668 200 40 ganiſierung
318 1671 55 37 aitf
396 1669 174 37 rogionaler
594 1667 88 36 Beſſis
707 1670 96 29 treten
828 1676 36 30 zu
888 1665 55 40 laſ—

92 1712 52 35 ſen
165 1712 67 31 umd
256 1711 52 37 hat
325 1709 216 40 miwerzüglich
564 1711 45 30 die
634 1709 214 38 dringendſten
866 1707 77 32 Not—

96 1753 218 39 wendigkeiten
333 1754 34 33 in
386 1752 129 40 Augriff
533 1760 183 31 genommen
732 1752 62 32 anit
812 1754 51 30 der
884 1751 59 32 Ve⸗—

94 1794 157 39 ſtimmung
284 1796 52 31 der
361 1793 307 41 Provinzeimteilung
695 1794 32 32 in
753 1796 56 31 den
837 1792 107 33 annek—

96 1838 108 33 tierten
265 1838 126 36 Gebieten,
417 1837 57 32 mit
490 1838 55 32 der
570 1836 176 40 Schaffung
791 1837 50 31 der
898 1844 45 23 Pro⸗

96 1880 69 39 vinz
190 1880 141 33 Daranlo
352 1880 65 32 und
442 1877 121 40 Spezia
602 1880 62 31 und
689 1879 52 31 der
766 1875 177 42 Modittzie⸗

93 1932 80 30 rung
244 1923 53 32 der
365 1921 273 40 Provinzgrenzen
708 1929 63 24 von
841 1919 99 39 FSorli,

97 1963 91 36 Romt,
210 1964 100 32 Lueca
326 1965 65 30 und
412 1962 147 32 Livorno.
583 1962 68 33 Und
666 1960 128 40 kürzlich
816 1962 125 31 wurden

96 2004 103 40 ferner
221 2005 38 32 95
283 2004 123 40 Bezirke
424 2002 201 34 unterdrückt.
666 2005 82 37 Doch
771 2002 47 34 die
842 2002 101 39 durch⸗

97 2047 151 41 Lreifonde
276 2046 121 40 Löſung
443 2047 53 32 des
522 2044 174 38 Problemns,
731 2045 139 39 erſcheint
896 2046 46 30 be⸗

96 2089 76 32 teits
202 2088 50 33 als
281 2088 65 32 eine
396 2086 265 39 ungufſchiebbare
691 2084 252 41 Motwenddigkeit.

94 2131 83 39 Wuch
196 2132 67 32 eine
286 2130 89 39 bloße
398 2128 220 43 oberflüchlche
641 2130 154 32 Kenntnis
820 2132 51 31 der
894 2137 48 30 ge⸗—

95 2172 176 42 genwärtig
299 2171 194 41 boſtehenden
519 2171 312 40 Provingeinteilung
878 2170 66 39 läht

95 2215 78 41 oͤhne
199 2216 125 31 welters
349 2216 59 31 das
429 2214 199 39 Bewußuſein
651 2213 207 39 gufkommen,
884 2212 59 39 daß

93 2257 79 39 viele
189 2257 179 40 Provinzen
389 2256 65 32 eine
477 2265 36 32 zu
528 2257 92 31 weite
638 2255 218 41 Autsſehnung
879 2254 64 39 auf⸗

94 2299 121 39 welſen,
237 2300 56 39 auf
316 2299 58 40 daß
399 2300 45 31 die
468 2298 162 39 Behörden
670 2299 64 31 und
754 2297 127 38 Organe
903 2305 39 24 an

96 2344 92 31 deren
210 2341 104 41 Spitze
350 2351 43 23 an
419 2341 65 33 eine
507 2340 160 38 wirkſame
708 2342 67 32 und
795 2339 147 40 umenſtve

93 2384 110 33 Arbeit
224 2383 141 42 ſchrelten
389 2384 128 33 können.
561 2383 57 33 Die
661 2381 190 40 vielfällügen
874 2388 68 26 um⸗

92 2426 156 41 faſſenden
273 2425 204 39 Funtionen,
521 2423 106 41 welche
650 2425 51 32 die
725 2432 78 25 neue.
828 2422 114 41 Geſetz⸗

91 2471 125 39 gebung
241 2476 63 25 von
327 2471 55 31 den
409 2465 290 43 Provimzorganen,
722 2468 55 32 den
800 2465 141 39 ſelbſtän⸗

91 2514 89 39 digen
205 2513 62 32 und
292 2513 56 31 den
375 2512 52 31 der
450 2509 180 40 Regierung
676 2508 263 41 unterſtehenden,

90 2551 129 40 fordert,
246 2551 172 40 erheüſchen,
440 2551 58 38 daß
525 2552 45 32 die
595 2550 216 38 Gebietszone,
836 2550 106 31 inner⸗

90 2594 76 39 halb
190 2596 88 31 derer
298 2593 41 40 ſie
358 2594 68 38 ihre
451 2593 152 39 Tuͤtigkeit
624 2593 182 37 auszuüben
832 2591 110 40 haben,

91 2637 66 40 fich
175 2637 33 33 in
232 2638 190 37 opportuner
446 2635 101 40 Weiſe
586 2633 38 35 in
619 2629 169 52 gewiſſen
802 2633 140 40 entſpre—

93 2679 128 39 chenden
247 2678 141 40 Grenzen
413 2677 90 39 halte,
525 2676 88 38 umſo
636 2676 96 39 mehr,
755 2685 92 25 wenn
868 2680 74 28 mun

83 2721 85 40 auch
191 2722 60 31 den
276 2720 207 40 anſehnlichen
512 2718 373 42 Bevölkemmigszuwachs
909 2716 60 44 in

94 2762 143 37 Betracht
254 2762 85 38 zieht.

132 2805 49 35 Jn
198 2807 51 31 der
266 2805 69 34 Den,
356 2812 93 25 wenn
467 2802 46 34 die
530 2802 81 40 Zahl
628 2810 63 25 von
706 2801 39 31 69
764 2801 177 39 Provünzen

95 2846 42 35 im
156 2847 102 40 Zahre
282 2845 87 39 1870,
389 2847 51 32 als
463 2846 118 34 Jtallen
605 2845 36 32 27
663 2845 163 32 Millionen
866 2842 75 34 Ein⸗

90 2888 131 39 wohner
239 2887 115 41 zählte,
372 2886 199 39 ausreichend
594 2891 80 33 war,
713 2887 30 38 ſo
769 2887 83 31 kann
878 2886 63 32 dies

95 2930 61 42 jetz!
172 2932 79 39 michk
268 2930 85 38 mehr
369 2930 56 32 der
442 2930 71 39 Fall
528 2929 74 39 ſein,
619 2931 41 30 da
677 2929 46 32 die
742 2928 199 38 Cinwohner⸗

95 2973 67 40 zahl
181 2973 113 32 bereits
311 2973 56 40 auf
388 2974 74 31 über
482 2972 39 30 42
539 2969 169 35 Mhllionen
726 2969 215 40 angewachſen

92 3017 43 40 iſt,
191 3024 91 24 wenn
327 3015 72 40 auch
447 3015 89 32 deren
584 3012 121 41 Anzahl
758 3021 55 24 um,
871 3010 69 41 fünf

95 3056 71 40 nech
189 3058 68 31 dem
283 3054 110 40 Kriege
422 3055 156 42 vermehrt
601 3057 119 30 wurde.
763 3053 180 39 Außerdem

93 3098 100 38 haben
215 3097 50 33 die
287 3106 104 24 neuen
412 3097 120 39 lokalen
558 3096 284 40 Organiſierungen
888 3096 55 31 das

89 3139 195 40 Arbeitsfeld
308 3139 51 33 der
381 3137 225 41 ſelbſlündigen
630 3136 315 40 Provimgialverwal⸗

97 3182 112 37 tungen
236 3180 170 43 bedeutend
426 3180 168 39 vermehrt,
638 3181 44 32 ida
707 3177 152 40 ſheſelben
907 3186 36 31 zu

96 3229 100 27 neuen
218 3222 167 40 ufgaben
407 3223 212 38 henangezoen
643 3222 143 36 avurden,
814 3229 57 24 von
898 3222 46 30 de⸗

94 3274 61 24 nen
172 3266 41 37 ſiie
233 3265 109 40 fruͤher
366 3264 232 40 ausgeſchloͤſfen
619 3270 121 28 waren,
784 3263 161 39 beſonders

96 3317 54 32 zur
172 3307 316 41 Verwollſtändigumg
511 3316 64 24 von
598 3306 256 38 Verrichtungen,
900 3305 44 33 die

98 3352 65 32 eine
175 3349 134 41 größere
326 3350 121 41 Angehl
461 3359 63 24 von
536 3349 199 33 Gemeinden
750 3349 42 34 im
808 3348 136 39 Provin⸗

97 3393 189 39 zialbereiche
313 3391 206 41 inlereffieren
540 3393 65 32 uund
625 3392 108 38 welche
754 3389 37 36 in
816 3389 129 41 entſpre⸗

96 3436 124 38 chender
242 3434 95 39 Weiſe
380 3433 207 41 cuszuſühren
626 3433 81 39 dieſe
745 3432 201 40 außerſtande

94 3479 72 40 ſind.
188 3480 68 32 Und
279 3479 70 39 noch
372 3477 113 40 größer
507 3478 33 39 iſt
563 3478 57 31 das
643 3485 76 24 neue
742 3475 200 41 Arbeitsfeld,

98 3521 56 32 das
175 3521 59 32 den
263 3518 322 40 Prorlinzialorganen
612 3519 51 32 der
677 3516 195 41 Regierung
896 3526 49 30 zu⸗

97 3561 104 41 gereilt
219 3562 117 33 wurde.
358 3561 69 33 Das
446 3560 100 41 Geſetz
562 3559 79 34 über
660 3560 49 34 die
729 3560 217 40 Ausdehnung

118 3637 56 5 —
209 3637 21 4 —
833 3617 32 13 —

95 3618 72 116 3
189 3619 73 116 —
285 3633 203 118 Bohmn
544 3663 142 69 der
703 3632 259 100 Biudt

293 3758 110 30 Roman
426 3764 52 22 aus
498 3758 46 28 der
566 3757 177 34 Gegenmart.

231 3804 63 30 Von
318 3804 44 31 M.
385 3801 430 37 Schuch«Mantiewiez.

130 3848 51 34 22)
437 3846 156 36 Conyright
614 3847 36 33 by
670 3846 241 35 nAlpenzeitung

133 3898 71 33 Und
227 3898 113 34 wieder
363 3902 65 30 kam
452 3900 50 32 ein
518 3899 163 34 Mannein
705 3899 98 34 einem
826 3899 118 37 weißzen

97 3941 141 32 Gewand
272 3944 65 30 aund
377 3941 99 33 einem
504 3945 86 29 roten
619 3942 129 33 Manltel
779 3943 61 31 mit
877 3945 67 30 dem

94 3984 164 39 ſingenden
287 3984 77 33 Blick
388 3988 51 29 des
466 3984 165 38 Gelehrten
654 3987 61 31 und
741 3988 67 30 dem
829 3983 115 35 müden

97 4026 93 41 Gang
215 4036 64 24 won
305 4028 109 34 einem,
442 4027 51 31 der
522 4027 141 40 enfachren
693 4027 61 38 hat,
791 4027 58 39 daß
887 4028 57 32 das

97 4068 76 32 Volk
199 4068 79 38 ſeine
309 4068 110 33 Götter
444 4070 94 39 ſtürzt
560 4070 64 32 und
656 4070 133 31 niemals
825 4069 45 33 die
899 4077 45 24 er⸗

96 4112 98 35 kennt,
212 4111 50 33 die
285 4121 33 23 es
342 4112 130 40 wirklich
490 4112 108 32 lieben.
643 4112 61 34 Ern
722 4111 95 38 heller
840 4112 104 38 Flam⸗

97 4153 164 39 menſchein
284 4153 69 40 ſtieg
375 4163 62 23 aus
459 4156 66 30 dem
549 4153 103 38 Keſſel,
675 4155 48 31 als
743 4163 32 23 er
798 4152 146 35 vorüber⸗

98 4195 75 36 kem;
201 4204 32 23 es
257 4202 76 27 war,
361 4197 46 29 als
426 4195 111 38 leuchte
554 4194 59 34 ein
639 4193 192 35 brennendes
857 4196 89 37 Haus

98 4237 45 33 bei
164 4236 114 39 ſeinem
300 4236 157 37 Schreiten
492 4238 64 38 auf.
614 4237 69 39 Tief
727 4237 122 40 geneügt
889 4238 56 31 das

397 4278 120 38 ſchwere
549 4278 203 38 Gramialten
798 4288 54 25 aum
899 4279 46 32 die

97 4320 225 35 Mundwiiekel,
353 4321 45 33 die
424 4320 145 40 Schläfen
598 4323 128 36 ergraut
754 4322 68 38 trotz
852 4319 94 37 ſeiner

97 4363 134 38 Jugend,
264 4366 56 30 das
346 4372 68 24 war
446 4363 119 39 Rienzi,
603 4364 51 31 der
686 4363 77 38 letzte
794 4365 51 31 der
875 4364 68 32 Tri—

98 4405 109 34 bunen.
253 4406 67 33 Und
344 4405 101 35 Aldos
469 4407 82 39 Herz
587 4414 57 33 zog
681 4407 52 39 ſich
765 4406 182 40 ſchmerzlich

97 4448 185 39 zuſammen,
302 4450 51 31 als
380 4457 32 24 er
435 4450 51 39 ihn
513 4448 59 40 ſah,
598 4450 80 32 denn
704 4459 34 23 er
759 4449 95 39 fühlte
880 4450 65 33 eine

98 4492 66 40 tiefe
197 4493 104 31 innere
327 4490 267 42 Verwandiſchaft
632 4491 142 40 zwiſchen
800 4493 52 40 fich
884 4491 60 34 und

100 4533 69 40 ihm.
187 4535 70 32 Das
270 4544 68 23 war
356 4536 73 38 auch
443 4536 82 32 einer
544 4533 144 42 geweſem.
708 4535 51 32 der
778 4535 45 33 die
838 4534 107 40 Macht

96 4585 61 24 nur
180 4579 110 35 wallte,
308 4588 55 23 um
384 4577 101 34 Gutes
504 4587 37 30 zu
559 4582 68 28 tun.
667 4579 61 33 Gin
748 4579 122 38 grelles,
886 4578 58 32 bit⸗

99 4625 80 26 teres
203 4620 128 38 Lachen,
367 4621 57 31 das
449 4621 89 37 duckh
562 4619 47 33 die
635 4619 95 33 Nebel
753 4622 55 32 des
832 4619 114 40 Keſſels

98 4663 107 37 drang,
236 4663 136 38 fcheuchte
399 4662 58 40 iihn
484 4664 73 39 fort.
605 4663 61 32 Ein
694 4662 126 40 Panzer
844 4663 101 33 klirrte

94 4707 64 30 und
183 4705 93 37 reiche
303 4705 282 39 Brokatgewänder
606 4705 166 39 ſchleppten
799 4707 55 39 auf
880 4708 65 31 dem

99 4747 106 34 Boden
228 4748 61 39 hin,
310 4749 64 31 eine
393 4748 155 39 herriſche,
570 4748 157 38 knöcherne
743 4749 91 36 Hand
852 4747 93 39 ſchien

96 4788 77 34 älles
199 4789 212 41 fortzuſtoßen,
438 4799 67 22 was
528 4791 53 38 ſich
602 4791 36 32 in
660 4792 56 32 den
744 4790 77 40 Weg
845 4791 101 36 ſtellte,

96 4833 63 31 und
183 4833 37 31 in
248 4835 55 29 den
332 4831 97 39 hellen
458 4834 94 31 Kreis
585 4834 57 30 des
678 4832 118 38 Feuters
832 4831 112 41 ſpreuig

97 4873 113 37 Cäfare
238 4874 130 37 Borgia,
411 4876 51 30 der
498 4874 210 38 ungklickſelige
736 4875 95 40 Sohn
861 4876 84 32 eines

99 4916 230 38 ungkückſebigen
361 4916 124 33 Vaters,
516 4921 51 27 der
598 4916 44 32 die
674 4915 103 39 Macht
803 4923 57 25 nur
892 4916 54 32 mit

97 4958 136 39 Strenge
257 4964 62 27 und
343 4958 216 36 Greuſmkeit
581 4961 132 37 gepaart
733 4960 97 34 liebte,
871 4959 75 34 aber

98 5001 64 32 eine
184 5001 73 38 feſte
282 5001 152 40 Ordirung
453 5003 66 30 und
540 5001 253 39 Geſchlaſſeitheüt
815 5010 55 25 inn
893 5002 53 39 ſich

97 5045 36 34 gu
155 5042 169 32 uerhrelten
344 5041 99 35 iuſte
498 5042 127 37 Frellich
638 5052 63 24 aur
720 5044 60 32 nt
797 5042 66 40 Gift
883 5046 64 30 und

99 5084 97 46 Dolch.
238 5085 84 38 Auch
345 5086 35 37 ſie
405 5086 62 38 haif
490 5085 63 38 ihm,
574 5085 105 36 nichts.
720 5082 100 36 Sehne.
843 5086 105 37 Macht

99 5130 74 33 ginn
194 5126 29 31 in
246 5127 165 31 Trümimer
430 5130 66 29 und
517 5126 80 33 Aido
613 5127 106 38 ſahn
742 5130 56 29 den
821 5127 123 32 Wübken

102 5169 51 29 des
174 5168 141 34 Rauches
361 5169 55 29 den
456 5171 185 30 werthrenen
669 5167 82 39 Pfeil
794 5178 59 24 von
890 5170 56 32 der

101 5207 118 32 Mauer
243 5209 81 32 einer
348 5208 134 37 frentden
508 5209 105 38 Gtadt,
638 5212 51 32 der
714 5209 107 40 dielem
845 5209 103 35 Leben

106 5251 46 30 ein
173 5251 86 31 Ende
276 5252 124 35 anachen
425 5251 87 37 ſollte.

146 5299 64 30 und
236 5301 37 31 da
299 5308 66 24 war
391 5303 50 29 der
465 5302 70 31 Alte
561 5302 121 35 wieder,
728 5302 53 33 der
807 5302 60 40 ihm
912 5300 33 34 in

105 5339 99 39 ſeiuen
234 5340 208 42 Kindertagen
470 5341 165 41 erſchienen
666 5351 77 30 war,
769 5342 176 40 Garibaldi,

1362 240 54 53 em

987 331 53 36 der
1067 332 207 42 Vollmachten
1298 335 51 33 der
1374 331 162 43 Uräfetten
1560 335 57 39 hat
1639 332 103 42 dieſen
1768 332 66 45 eine

991 377 68 32 wett
1083 378 240 39 auegedehmlere
1346 376 141 42 Aufgabe
1509 380 187 30 emuertraut
1721 377 32 35 in
1771 378 62 32 Be⸗

987 427 56 34 gug
1065 421 55 40 auf
1142 420 44 33 die
1210 422 159 38 Kontrolle
1407 428 64 27 nd
1512 421 45 32 die
1581 421 251 39 Koordinlerung

989 462 163 40 ſamlicher
1174 461 182 42 öffentuher
1377 462 187 41 Tätigkellen
1582 464 47 33 im
1651 461 181 42 Wirtungs⸗

989 505 87 40 treiſe
1099 506 80 37 ihrer
1201 506 185 40 Provingen.

1023 546 72 34 Das
1115 545 101 42 Geſetz
1236 546 79 34 über
1336 546 45 34 die
1406 544 200 43 Elnfühnung
1626 544 55 35 der
1704 543 128 42 Nodeſta

987 589 52 40 hat
1060 598 35 24 es
1116 589 56 33 mit
1189 590 57 40 ſich
1262 589 150 39 gebrucht,
1436 589 59 38 daſ
1511 587 51 34 die
1587 587 244 40 Ueberwachuun

987 640 60 25 üon
1070 631 90 33 Selte
1185 633 52 31 der
1264 629 337 43 Präfetuursbehörden
1620 628 215 42 ſinlenſifigiert

987 673 115 36 würde,
1141 675 65 32 und
1229 674 60 40 daß
1311 673 44 33 die
1381 672 147 33 Kontakee
1572 671 140 41 zwiſchen
1733 668 98 42 dieſen

984 719 64 30 und
1067 714 60 33 den
1150 715 147 38 Vürgern
1319 714 126 33 direkter
1466 716 63 32 und
1546 713 144 42 häufiger
1711 713 51 42 ſich
1781 720 50 33 ge⸗

985 756 146 41 ſtaltelen.

1015 791 107 53 Schlie
1128 791 91 53 ßlich
1219 798 54 41 hat
1292 799 57 33 das
1369 797 92 41 große
1479 795 260 44 Syndikansgeſeh
1759 805 72 25 vom

985 841 27 32 3.
1035 841 93 40 Upril
1150 841 77 32 ic
1249 844 55 31 den
1314 840 177 41 Präfekten
1517 841 71 36 eine
1602 839 94 40 helkle
1720 839 112 33 Aeber⸗—

984 884 308 39 wachungsumklion
1306 884 78 32 über
1406 884 45 32 die
1466 882 265 41 ſyndikaliſtiſchen
1755 882 76 32 Ver⸗

981 925 102 33 kaände
1102 926 182 38 übergeben,
1303 933 70 24 was
1397 923 355 40 notgedrungenerweiſe
1776 924 55 32 mit

983 969 54 39 fich
1056 967 45 33 im
1123 967 126 39 Geſolge
1269 968 64 38 hat,
1375 967 44 33 die
1439 965 109 41 ſoqale
1569 968 67 33 umd
1658 966 173 40 wiriſchaft⸗

985 1010 68 38 liche
1074 1010 186 41 Bemegung
1283 1010 52 32 der
1357 1009 138 40 Provinz
1535 1016 102 31 genau
1660 1017 38 31 àu
1717 1008 113 37 verfol⸗

985 1057 67 32 gen.
1076 1051 86 39 Dieſe
1183 1051 254 40 Betrachuumgen,
1456 1052 48 30 die
1526 1050 48 80 ſe
1600 1050 55 31 mit
1672 1053 66 29 dem
1762 1048 69 33 Kri⸗

986 1094 112 31 kerium
1126 1092 187 36 verbanden,
1360 1093 56 40 ſich
1440 1093 156 31 einerſeils
1620 1100 43 24 an
1690 1090 141 40 ethnefche

982 1137 66 31 und
1070 1134 103 41 ſozlale
1193 1133 287 41 Ueberlieferungen
1501 1142 37 31 gu
1561 1134 112 39 halten,
1694 1134 60 33 und
1777 1141 54 24 an⸗

986 1176 162 40 dererſelts
1173 1178 52 31 der
1253 1176 299 39 Zentrulreglerung
1593 1177 65 31 eine
1687 1174 145 33 direktere

986 1218 187 39 Vertretung
1203 1219 34 32 in
1265 1218 142 40 gewiſſen
1433 1217 121 39 Zonen,
1583 1216 182 41 namentlich
1790 1217 42 31 im

988 1260 213 39 Grenzgebiet,
1224 1260 31 33 in
1280 1260 44 31 die
1346 1260 97 38 Hand
1464 1268 36 32 zu
1524 1259 106 39 geben,
1674 1258 95 33 rielen
1795 1267 38 30 zu

984 1305 83 32 einer
1092 1304 202 40 allgemeinen
1319 1302 145 40 Reviſion
1505 1302 53 32 der
1582 1301 247 40 Provingeintei⸗

983 1347 126 38 lungen,
1131 1353 52 24 um
1205 1346 90 31 deren
1318 1344 209 32 Territorium
1550 1343 76 37 dort,
1650 1351 47 24 wo
1718 1350 33 24 es
1774 1350 55 24 an⸗

987 1384 274 40 erkaͤnntermaßen
1307 1393 38 31 zu
1371 1382 192 41 ausgedehnt
1606 1390 79 30 war,
1732 1383 102 40 einzu⸗

983 1427 158 41 ſchränken
1162 1429 66 31 und
1253 1434 77 26 neiſe
1353 1425 177 40 Provinzen
1552 1424 206 41 aufzuſtellen,
1801 1425 31 32 in

985 1472 89 31 deren
1097 1470 140 41 Grenzen
1260 1469 44 33 die
1324 1469 109 32 Arbeit
1452 1470 51 31 der
1522 1467 177 41 Präfekten,
1720 1468 56 32 wie
1796 1475 33 25 es

987 1511 49 31 ein
1051 1511 105 32 Gebot
1174 1513 52 30 der
1240 1511 246 37 Nozwenhigkeit
1504 1510 146 39 erheiſcht,
1671 1507 81 40 raſch
1770 1511 62 30 und

986 1552 139 39 wirkſam
1150 1553 168 39 vonſtalzen
1341 1553 96 39 gehen
1464 1552 116 32 konnte.
1604 1552 54 32 Die
1685 1551 147 37 Vermeh⸗

987 1604 81 30 ming
1086 1596 51 31 der
1154 1593 175 41 Provinzen
1345 1594 109 40 bringt
1468 1594 55 33 mit
1540 1594 60 38 ſich,
1617 1595 65 36 daſz
1695 1602 32 23 es
1746 1595 86 36 prak⸗

983 1636 68 41 tiſch
1072 1635 196 41 imoprortun
1288 1635 99 37 wäre,
1428 1637 76 38 moch
1524 1635 108 39 länger
1659 1635 45 32 die
1731 1634 102 38 menig

984 1680 76 39 noch
1086 1679 214 31 verbliebenen
1326 1678 335 39 Bezivkseinteibungen
1687 1677 145 40 aufrecht⸗

986 1720 187 39 zuevhalten.

1023 1762 68 39 Lliuf
1118 1761 75 38 dieſe
1219 1760 157 35 Kriterien
1402 1762 71 31 beut
1488 1762 57 39 ſich
1566 1759 62 33 das
1649 1759 183 39 Maßregel—

984 1804 116 38 ſchema
1124 1804 65 40 auf,
1232 1807 56 31 das
1310 1804 68 32 dem
1422 1803 96 41 hohen
1540 1803 214 40 Miniſterrate
1778 1810 55 31 zur

984 1846 243 41 Genehmigung
1250 1844 155 42 vorgelegt
1431 1846 86 37 wird,
1566 1843 65 34 ekne
1656 1844 177 39 Maßregel,

986 1892 65 31 nach
1088 1889 121 39 welcher
1254 1888 46 33 bei
1347 1887 216 40 gleichzeltiger
1586 1887 247 39 Unterdnückung

985 1931 168 38 fänllicher
1176 1929 299 40 Umterpräfekturen,
1492 1929 105 39 welche
1620 1930 56 31 das
1696 1929 55 39 gl.
1774 1928 59 32 De⸗

988 1975 61 32 kret
1070 1983 69 24 voin
1156 1974 49 31 A.
1228 1972 129 34 Otlober
1378 1971 84 39 1926,
1483 1972 57 32 Nr.
1564 1971 85 38 1890,
1663 1970 78 42 moch
1761 1968 71 35 wei⸗

985 2016 49 31 ter
1047 2014 137 38 beſtohen
1197 2016 94 38 laſſen
1306 2016 64 38 hat,
1384 2022 79 24 neue
1481 2013 175 39 Provinsen
1673 2014 74 38 nach
1762 2016 71 29 dem

987 2057 209 39 beiltegenden
1216 2054 195 41 Verzeichnis
1432 2054 165 41 geſchaſfen
1615 2056 134 32 werden.

1024 2100 50 34 Jr
1118 2102 53 30 der
1189 2098 188 39 Feſtletzung.
1414 2097 57 32 der
1514 2105 113 25 nouem,
1655 2096 177 39 Procingen

987 2143 105 30 wurde
1117 2138 217 43 hauptſaͤchlich
1376 2140 46 32 die
1463 2138 229 41 geographiſche
1719 2137 113 40 Geſtel⸗

989 2187 74 37 tung
1079 2182 58 33 des
1156 2183 123 33 Landes
1295 2182 224 40 beruckſichligt,
1541 2182 56 31 wie
1610 2182 79 34 auch
1707 2181 46 32 die
1772 2180 62 34 Jn⸗

984 2224 346 40 tereſſengemeinſchaft.
1369 2225 106 38 welche
1502 2225 46 31 die
1571 2217 173 45 organliſche
1765 2220 70 33 Ba⸗

984 2267 41 40 ſis
1047 2266 84 33 einer
1156 2266 189 41 homogenen
1367 2265 208 33 terrlorialen
1597 2265 126 38 Ginheit
1762 2263 70 40 auf⸗

985 2310 100 40 ſtellen
1112 2310 88 35 kann,
1244 2308 96 34 wobei
1362 2317 77 25 man
1463 2309 53 40 ſich
1535 2306 155 40 bemühte,
1727 2306 107 41 ſoweit

985 2352 69 33 dies
1072 2351 72 33 eben
1161 2350 130 40 anging,
1311 2351 45 33 die
1377 2348 104 40 bisher
1495 2350 175 40 befteyende
1688 2348 143 40 Bezirks⸗

987 2392 167 41 ointetlung
1176 2392 316 41 aufrechtzuerhallen,
1527 2400 58 24 um
1605 2391 31 38 ſo
1658 2392 104 38 wenig
1782 2391 51 31 als

986 2435 128 41 möglich
1130 2434 50 36 diie
1200 2434 267 42 vorhervſchenden
1483 2433 293 41 Jntereſſengebiede
1797 2441 34 31 zu

984 2477 195 39 verfchieben.

1021 2528 182 41 Schließlich
1224 2526 39 42 liſt
1285 2537 35 24 es
1344 2530 164 36 opportun,
1518 2522 52 51 da
1579 2527 69 38 vauf
1664 2526 168 40 hinzuwei⸗

985 2570 61 40 ſen,
1067 2570 63 38 daß
1149 2579 61 24 aus
1231 2571 50 31 der
1301 2568 226 40 vorgeſehenen
1549 2567 207 41 Verordnung
1781 2568 52 31 der

984 2612 204 42 Stœatafückel
1210 2614 37 31 in
1273 2612 98 32 keiner
1394 2610 100 41 Weiſe
1537 2610 126 40 bellaſtet
1709 2611 122 31 werden

988 2654 88 38 wird,
1094 2655 43 32 da
1158 2654 45 34 die
1223 2654 249 39 Unterdrückung
1509 2654 53 33 der
1585 2652 256 39 Unterpräfektu⸗

987 2706 55 23 ren
1068 2706 33 24 es
1123 2695 197 40 ermöglichen
1341 2695 92 36 wird,
1457 2697 56 30 den
1539 2693 217 41 Bedlürfniſſen
1780 2694 52 31 der

987 2748 101 24 neuen
1108 2738 128 33 Aemter
1262 2737 117 40 gerech!
1404 2745 39 32 gu
1465 2739 136 34 werden,
1644 2736 88 40 micht.
1752 2735 81 39 bloß,

986 2780 79 38 ohne
1085 2779 110 39 irgend
1219 2779 48 33 ein
1286 2778 88 40 Plus
1394 2780 31 32 in
1445 2779 56 31 der
1520 2777 164 41 Ausgabe,
1705 2777 126 39 ſondern

984 2823 91 40 ſogar
1093 2815 57 52 mit
1160 2822 129 40 einigen
1313 2820 209 41 Erſpavniſſen
1542 2820 57 33 mit
1611 2820 146 40 Rückſicht
1778 2819 55 41 auf

988 2863 46 34 die
1052 2861 295 42 Geſomiaufgaben,
1390 2864 45 31 die
1459 2865 88 37 durch
1564 2861 51 33 die
1636 2860 196 42 beſtehenden

987 2906 192 38 organiſchen
1202 2904 147 33 Tabellen
1375 2903 178 40 vongeſehen
1576 2904 74 39 ſind.

1023 2956 70 32 Art.
1119 2957 25 30 1.
1181 2957 46 32 Es
1246 2956 126 33 werden
1392 2954 138 41 folgende
1551 2962 79 24 neite
1650 2953 180 40 Provinzen

988 2999 147 38 errichet:

1003 3041 30 31 1.
1057 3039 138 40 Provimz
1213 3039 97 39 Aoſta
1327 3038 60 32 mit
1404 3037 96 42 Aoſta
1516 3037 55 34 als
1587 3037 168 40 Hauplort.

1007 3084 26 31 2.
1057 3082 136 42 Prooin;
1213 3081 138 40 Bolzano
1369 3080 54 36 mit
1439 3080 141 41 Bolzano
1598 3081 50 32 als
1665 3079 167 42 Hauptort;

1046 3124 125 38 diefelbe
1196 3123 121 40 umfaßi
1344 3123 47 34 die
1413 3122 192 34 Gemeinden
1630 3123 52 32 der
1707 3120 126 40 Bezirke

1044 3166 150 40 Boizano,
1224 3165 201 41 Brefſanone,
1455 3165 139 34 Merano
1624 3173 30 26 u.
1684 3161 149 37 Brunico.

1005 3208 27 34 3.
1051 3208 143 41 Proͤvinz
1217 3206 134 43 Brindiſi
1372 3208 56 32 mit
1446 3207 136 40 Brindiſi
1596 3206 51 33 als
1669 3206 164 38 Hauptork.

1007 3252 26 31 4.
1057 3250 139 40 Provinz
1217 3250 260 40 Caſtrogiovanni
1496 3251 60 31 mit
1574 3248 259 40 Caſtrogiovanni

1045 3293 53 34 uls
1116 3291 165 41 Hanfptori.

1008 3344 26 32 b.
1058 3344 94 41 Prov.
1173 3343 173 42 Froſinone
1370 3341 55 35 mit
1449 3343 168 41 Froſinone
1640 3342 51 34 als
1715 3341 118 40 Haupt⸗

1048 3393 49 29 Ovt

1008 3429 26 31 6.
1056 3429 95 38 Proy.
1176 3426 129 42 Goczba
1326 3429 59 32 mit
1403 3425 131 42 Gorizia
1552 3428 51 35 als
1628 3427 164 38 Hauptort.

1008 3471 27 32 7.
1054 3470 102 39 Brov.
1174 3471 130 32 Matera
1325 3471 60 33 mut
1403 3470 126 31 Maltera
1557 3472 46 31 als
1630 3469 163 38 Hauptort.

1007 3513 27 33 S.
1056 3512 96 40 Prov.
1177 3512 108 34 Nuoro
1309 3513 58 32 mit
1388 3511 109 34 Nuoro
1517 3512 51 32 als
1586 3512 168 39 Hauplort.

1007 3556 27 33 9.
1057 3556 96 41 Prov.
1178 3555 138 42 Pesoara
1337 3555 61 33 mit
1420 3553 141 41 Pescara
1577 3555 51 32 als
1647 3554 170 39 Hauptort.

989 3655 52 32 der
1066 3653 72 40 half,
1164 3654 56 31 das
1246 3652 155 40 geeignete
1425 3651 121 35 Jtalien
1568 3659 36 32 zu
1630 3648 135 41 ſchaffen.
1792 3649 43 33 Er

983 3693 54 40 ſuhh
1059 3693 116 33 onders
1197 3700 57 24 aus
1266 3694 52 30 als
1330 3692 128 35 damels,
1472 3691 117 39 lünger,
1613 3691 142 38 nuuhger,
1769 3691 63 31 und

986 3738 75 39 doch
1079 3737 67 39 glitt
1171 3736 59 39 ſein
1252 3736 77 33 Blick
1353 3734 222 40 hoffnungslos
1599 3734 31 32 in,
1652 3733 44 33 die
1718 3732 113 40 Ferne,

987 3780 48 31 als
1056 3779 88 31 wolle
1165 3786 32 24 er
1217 3777 100 40 ſagen,
1356 3776 59 39 „ich
1438 3779 77 29 kaun
1536 3775 74 39 nicht
1631 3774 113 39 halten,
1762 3782 69 23 was

986 3820 39 39 ich
1048 3818 192 40 geſchaffen.““
1284 3817 68 33 Und
1374 3820 83 30 dann
1479 3816 135 40 ſchlugen
1656 3816 45 32 die
1723 3815 106 38 Flam⸗

985 3869 69 24 men
1081 3861 30 31 in
1137 3860 56 31 den
1221 3858 95 39 Keſſel
1357 3859 103 39 zurück
1485 3858 62 31 und
1571 3859 154 30 brannten
1751 3863 80 31 ganz

985 3901 67 38 leiſe
1075 3900 62 33 und
1159 3900 65 31 ein
1233 3898 113 39 weißer
1367 3897 117 40 Dampf
1507 3898 70 38 ſtieg
1601 3897 62 39 auf,
1705 3896 52 33 der
1779 3895 51 40 ſich

986 3943 108 31 immer
1119 3942 87 39 mehr
1232 3940 91 34 klärte
1350 3941 62 31 und
1435 3939 217 39 verflüchtigte.
1679 3938 66 33 Und
1770 3945 60 27 aus

985 3983 108 40 dieſem
1115 3982 117 39 Dampf
1254 3982 108 32 bildete
1384 3981 49 39 ſich
1454 3982 49 31 ein
1523 3981 102 32 Gitter
1646 3989 59 25 aus
1727 3979 103 33 dorni⸗—

984 4033 59 30 gen
1070 4024 202 39 Sträuchern,
1301 4023 45 34 die
1374 4031 60 24 von
1482 4021 125 41 tauſend
1633 4019 196 41 Tautropfen

987 4066 120 39 überſät
1129 4066 140 39 ſchienen,
1293 4065 45 32 die
1360 4066 41 32 un
1423 4063 98 40 Lichte
1544 4063 52 32 des
1619 4062 212 41 aufgehenden

986 4107 138 33 Mondes
1147 4107 172 37 leuchteten.
1344 4106 67 32 Und
1431 4104 140 41 zwiſchen
1595 4105 56 32 den
1674 4104 157 39 einzelnen

969 4143 139 48 Stäben
1159 4142 73 71 dieſe
1282 4146 122 34 Gitters
1455 4145 132 39 wuͤchſen
1617 4144 127 34 Lilien“
1743 4143 88 40 auf,

987 4189 192 38 mannshohe
1202 4189 110 36 Lilien,
1355 4188 43 32 die
1422 4187 56 32 das
1500 4195 95 31 ganze
1617 4185 103 33 Gitter
1742 4185 89 39 abzu⸗

987 4230 140 39 ſchließen
1158 4229 140 39 ſchienen.
1346 4228 144 34 Darüber
1538 4228 72 32 aber
1636 4226 120 41 glänzte
1782 4226 49 32 ein

987 4270 108 39 blaſſes
1121 4270 123 39 Geſſcht,
1271 4269 46 33 die
1345 4268 112 34 Maske
1484 4269 85 32 eines
1595 4267 152 40 Heiligen,
1772 4266 60 41 deſ⸗

988 4312 46 37 ſen
1055 4311 118 41 Lippen
1192 4310 49 41 ſich
1261 4312 156 37 bewegten
1437 4311 61 31 und
1517 4309 151 39 ſprachen:
1689 4309 143 35 „Jmmer

986 4355 75 36 habe
1082 4354 38 40 ich
1141 4353 67 38 euch
1230 4353 44 32 die
1298 4352 104 39 Macht
1422 4359 194 32 genommen,
1637 4350 69 34 weil
1726 4350 48 41 ihr
1795 4349 37 40 ſie

987 4395 50 39 für
1061 4404 71 23 eute
1156 4394 126 36 Kinder,
1304 4394 51 39 für
1379 4402 93 24 euren
1496 4393 130 37 Vorteil,
1670 4391 51 43 für,
1764 4391 67 40 euch

986 4437 67 38 euch
1077 4436 82 41 ſelbſt
1184 4437 123 32 wolltet.
1351 4434 73 34 Wer
1446 4435 38 42 ſie
1527 4435 73 34 aber
1646 4436 31 33 in
1700 4433 131 39 Händen

985 4479 74 37 häli,
1081 4477 224 39 ungeteiltmit
1326 4476 99 34 einem
1446 4476 227 40 eigennütztgen
1694 4474 137 40 Wunſch,

986 4521 58 32 wie
1061 4520 46 32 die
1124 4519 216 41 Waſſerkugel,
1358 4519 45 33 die
1422 4518 76 41 nicht
1515 4519 148 40 zerrinnt,
1683 4519 52 32 der
1753 4517 78 34 wird

987 4562 35 39 ſie
1044 4563 151 37 behalten,
1218 4562 121 40 ſolange
1363 4570 32 23 er
1416 4561 123 32 atmet.“

1026 4604 63 33 Mit
1112 4604 100 32 einem
1233 4603 130 39 ſchrillen
1387 4602 153 40 Aufſchrei
1560 4601 131 40 ſtürzten
1713 4600 51 42 ſich
1786 4600 46 34 die

986 4647 82 32 alten
1094 4644 123 35 Weiber
1240 4644 126 41 plötzlich
1390 4644 53 41 auf
1466 4644 56 32 das
1546 4642 111 40 Feuer,
1681 4643 57 32 das
1764 4642 67 39 hoch

986 4687 196 42 aufzuͤngelte
1206 4687 62 32 und
1292 4685 135 41 verloſch.
1472 4685 80 33 Aldo
1573 4685 87 40 ſtand
1684 4684 93 34 allein
1801 4684 31 34 in

986 4731 52 30 der
1058 4728 191 39 Dunkelheit,
1271 4728 70 37 noch
1363 4735 77 32 ganz
1465 4727 183 34 benommen
1671 4734 60 25 van
1755 4725 78 37 dem,

988 4779 67 24 was
1078 4778 32 25 er
1131 4769 133 41 geſehen.
1307 4769 44 33 Er
1374 4768 102 39 taſtete
1518 4767 99 41 ſeinen
1660 4767 75 40 Weg
1777 4774 56 33 zur

987 4810 96 33 Stadt
1103 4810 111 38 zurück,
1238 4811 47 33 bis
1307 4810 51 32 der
1381 4809 71 39 erſte
1474 4809 121 33 Karren
1616 4817 42 25 an
1680 4808 64 39 ihr
1764 4815 68 25 vor⸗

987 4852 174 35 überrollte,
1184 4851 96 38 deſſen
1305 4850 113 34 Leuker
1443 4850 60 39 ſein
1528 4851 111 33 tieines
1663 4849 82 40 Licht
1769 4848 63 40 für⸗

987 4892 122 39 ſorglich
1153 4892 33 33 in
1210 4892 65 32 eine
1300 4891 191 40 Papierdüte
1535 4890 123 40 gehüllt,
1703 4890 33 34 in
1781 4891 52 31 der

986 4933 91 39 Hand
1099 4937 80 36 trug.
1221 4934 47 32 Da
1291 4933 153 33 braunten
1467 4933 71 40 auch
1560 4931 80 39 ſchon
1682 4931 50 35 ein
1754 4939 78 32 paar

986 4975 105 39 Großze,
1118 4976 63 31 role
1206 4975 165 35 Laternen,
1395 4982 48 35 wo
1468 4974 47 33 die
1542 4972 119 39 Strahe
1684 4971 107 75 zſe

987 5015 48 40 ſen
1057 5024 76 28 war,
1154 5015 46 33 die
1220 5016 116 46 Lichter
1357 5015 51 32 der
1429 5014 105 34 Läden
1556 5015 62 32 und
1638 5012 195 41 Kaufhäuſer

987 5058 148 32 ineldeten
1166 5056 44 33 die
1239 5056 88 37 Rähe
1358 5057 111 36 Mams,
1498 5054 45 34 die
1574 5054 73 41 erſte
1676 5054 156 40 Straßen⸗

988 5101 80 34 bahn
1094 5099 138 37 klingelte
1257 5098 121 32 wieder.
1403 5097 42 32 Er
1470 5104 68 25 war
1560 5096 68 34 dem
1654 5095 103 34 Leben
1780 5095 54 33 des

987 5139 124 39 Ulltags
1129 5138 248 40 zurückgeneben.

1028 5180 44 31 Es
1096 5188 67 24 wür
1187 5180 163 32 anſelnem
1376 5179 148 39 Montag,
1548 5177 51 35 der
1623 5177 94 40 große
1731 5177 102 40 Vleh⸗

989 5223 95 31 murtt
1131 5229 55 24 vor
1230 5221 67 32 dem
1321 5219 163 38 Stadttare
1532 5227 65 25 war
1646 5219 30 33 in
1723 5219 110 32 voilem

987 5260 121 39 Gange.
1128 5260 57 34 Die
1205 5260 108 40 Oihſen
1335 5261 141 34 brülllten,
1500 5259 45 34 die
1566 5260 137 37 Häudler
1725 5258 108 40 ſchrien

989 5303 61 32 und
1072 5300 136 42 fluchten,
1230 5303 60 31 und
1291 5295 65 51 die
1366 5300 175 41 verlaſlene
1562 5299 271 42 Kapuzinerkirche

987 5343 42 32 im
1055 5341 224 42 Hintergeund,
1322 5340 46 34 die
1391 5341 72 42 einſt
1486 5342 51 32 der
1559 5342 89 39 Sage
1690 5341 73 42 nach
1787 5340 44 36 die

1658 221 374 73 Atpenzettung-

1875 332 46 32 16.
1942 331 96 39 Pruv.
2062 331 119 41 Müſtola
2203 333 58 35 mit
2284 331 119 42 Puftoia
2420 333 56 32 als
2494 330 167 42 Haniptart.

1880 374 40 33 11.
1944 373 97 41 Atrov.
2064 375 131 42 Raoufa
2212 375 62 33 mit
2297 373 127 42 Ragula
2449 376 47 31 als
2514 374 170 41 Gauptort.

1877 416 44 33 18.
1945 417 97 39 Prou.
2064 417 86 35 Reli
2169 417 60 33 mlt
2254 417 83 34 Rloll
2362 419 47 31 vls
2428 416 170 41 Gaimort.

1876 459 44 33 la.
1938 458 100 41 Prou.
2095 465 105 28 abona
2221 459 59 34 nat
2301 458 137 34 Savona
2463 460 52 31 als
2539 457 165 41 Hauploct.

1877 502 43 31 j4.
1944 501 97 41 Prov.
2066 502 96 34 Ternt
2183 502 61 34 int
2263 501 96 35 Terul
2382 501 52 34 als
2459 500 164 41 Hauport.

1877 544 44 32 I5.
1946 545 96 39 Pron.
2064 544 117 40 Bareſe
2203 545 60 33 miet
2287 541 113 41 Mareſe
2422 542 54 34 als
2497 541 166 42 Haupbort.

1877 586 44 32 16.
1944 587 97 39 Prov.
2062 586 130 32 Vercelli
2210 586 62 34 iit
2291 584 132 40 Vereelli
2450 586 45 32 eis
2516 583 168 41 Haitpiart.

1877 628 44 34 17.
1940 629 100 41 Prov.
2056 628 130 33 Wierbo
2207 629 57 32 inlt
2283 625 129 36 Vlterbo
2432 626 53 35 als
2498 627 170 40 Gauplort.

1913 673 69 33 Alle
2002 671 110 41 oerzeil
2133 667 205 46 beſtehenden
2347 667 294 43 Unkerpräſekiuren
2663 667 61 43 ſind

1963 713 87 78 —
2319 732 44 7 —

1948 765 23 25 ie
1999 755 207 39 Beiwallung
2250 755 53 33 des
2349 752 272 35 Governatorates
2665 759 60 26 von

1875 797 82 34 Rom
1973 797 78 34 wird
2068 804 55 32 zur
2136 796 109 40 Gänze
2266 796 62 34 und
2347 795 101 41 einzig
2461 797 66 31 und
2540 794 96 34 aulein
2658 795 66 32 dem

1873 840 208 33 Gouvernour
2101 839 191 38 ibertragen
2315 837 137 34 werden.
2477 836 104 36 Jndes
2605 836 116 33 bleiben

1874 883 47 32 die
1947 881 139 33 Normen
2112 881 153 40 bezüglich
2310 882 51 31 der
2384 879 339 41 Vizegouvernquaren,

1875 924 51 33 der
1945 922 157 34 Rektoren
2129 924 62 31 und
2214 922 52 33 der
2286 921 190 40 Magiſträte
2493 929 67 26 von
2583 922 83 32 Nom
2693 921 30 31 in

1871 965 159 39 Schwebe.
2074 963 61 35 Bei
2141 963 111 41 dieſer
2278 963 200 40 Gelegenheut
2519 964 106 31 wurde
2648 960 76 42 auch

1875 1010 51 30 der
1948 1006 127 33 Wocteil
2117 1008 136 35 erkenut,
2297 1006 61 39 daß
2403 1005 32 33 in
2457 1004 186 39 Anbetracht
2673 1005 51 30 der

1871 1057 104 25 neuen
1997 1047 251 42 Phyſiognomie,
2295 1048 45 31 die
2388 1048 56 32 das
2464 1046 261 33 Goudernatorat

1872 1099 64 25 gon
1961 1091 86 32 Rom
2088 1092 77 39 nach
2185 1090 57 33 der
2268 1088 239 42 Durchſlihnung
2546 1088 57 33 der
2624 1095 101 25 neuen

1875 1132 210 39 Verordnung
2107 1138 235 33 amgenommen
2384 1131 60 39 hat.,
2512 1127 213 42 gleicherweiſe

1871 1174 62 34 ite
1956 1176 52 31 der
2028 1173 209 32 Goͤuwerneur
2274 1175 62 31 und
2358 1173 45 32 die
2423 1172 302 39 Vizegouwerneure,

1871 1216 79 40 auch
1973 1215 51 33 der
2046 1214 268 39 Generalſekretär
2340 1216 53 31 des
2413 1213 225 32 Gouvernates
2664 1220 62 24 gon

1873 1260 83 33 Rom
1979 1259 49 32 ein
2050 1258 257 33 Staatsbeamter
2330 1256 49 41 ſei,
2400 1257 63 32 und
2483 1264 86 32 zwar
2590 1255 50 33 ein
2662 1255 60 32 Be⸗

1873 1303 99 30 amter
1998 1301 51 31 des
2074 1298 345 40 Jnnenminiſteriums.
2446 1298 66 32 Mit
2536 1297 106 40 Bezug
2668 1295 55 42 auf

1876 1340 57 32 das
1956 1339 201 40 Geſetzdekren
2203 1341 106 30 wurde
2332 1337 216 41 gegenwärug
2568 1337 77 33 Vis
2671 1345 54 31 zur

1873 1381 174 42 Schaſſung
2064 1381 84 33 eines
2165 1380 262 35 Gemeinderates
2443 1380 50 32 die
2512 1379 213 40 Machtbefug⸗

1873 1426 53 32 mis
1942 1427 37 31 de
2000 1424 239 33 mouverneur
2259 1431 62 25 von
2337 1421 81 35 Rom
2430 1424 201 37 überiragen,
2646 1420 81 40 kraft

1877 1466 124 40 welcher
2019 1467 52 31 der
2085 1465 209 33 Gouverneur
2311 1464 45 34 die
2368 1463 220 40 nolwendigen
2604 1463 121 34 Aende⸗

1876 1516 119 31 nungen
2018 1510 41 31 im
2079 1507 371 38 Gouvernatoratsdienſt
2464 1506 153 39 verfügen
2637 1507 88 32 kann.

1912 1550 67 32 Der
1996 1548 200 43 Miniſterrab
2212 1550 128 31 erannie
2355 1558 72 30 zum
2437 1547 211 42 Gouverneur
2664 1555 62 25 von

1872 1592 86 33 Rom
1978 1594 56 31 den
2058 1591 128 40 Fürſten
2208 1591 153 33 Lodovieo
2386 1590 112 39 Spada
2517 1589 123 33 Verallt
2662 1589 63 39 Po⸗

1875 1633 144 40 tenziani.

1912 1676 128 39 Harauf
2067 1675 117 39 billigte
2212 1676 51 31 der
2293 1673 198 39 Miniſterral
2540 1673 51 34 ein
2618 1671 108 40 Geſetz,

1876 1719 92 39 durch
1984 1716 128 40 welches
2132 1718 45 32 die
2200 1716 274 32 Unvereinbaxkeit
2515 1715 138 39 zwiſchen
2671 1715 55 31 der

1875 1760 36 30 Al
1919 1758 299 39 cordnelenwürde
2238 1759 62 32 und
2324 1759 52 31 der
2399 1756 238 41 Podeſtawürde
2656 1755 70 40 auf⸗

1876 1802 136 41 gehoben
2036 1803 114 32 wurde.

2128 1851 341 43 Präfektenverſetzung

1914 1904 65 40 Auf
2004 1903 174 41 Vorſchlag
2212 1904 52 31 des
2292 1899 282 42 Reglerungschefs,
2617 1900 107 32 wurde

1875 1948 66 31 eine
1970 1945 186 40 Umſteiluͤng
2185 1952 61 24 von
2273 1942 166 40 Präfekten
2557 1909 93 72 ner
2677 1941 46 32 die

1873 1988 90 32 einen
1987 1985 263 41 außerordentlich
2275 1984 120 40 großen
2416 1983 135 42 Umfang
2574 1983 149 39 aunahm.

1873 2028 87 40 Dieſe
1986 2027 187 40 Umſtellung
2197 2026 53 40 hat
2275 2026 87 40 ihren
2385 2025 113 33 Grund
2522 2025 32 32 in
2577 2024 146 33 Motzven

1874 2072 52 31 der
1951 2068 226 40 Opportunität
2202 2067 63 33 und
2292 2068 52 31 der
2369 2066 170 41 Erhöhung
2566 2066 52 32 der
2645 2064 79 41 Zahl

1874 2120 53 23 der
1949 2110 190 40 Provingen,
2160 2109 47 33 die
2231 2117 59 24 von
2313 2109 37 31 76
2373 2107 54 40 auf
2448 2107 37 33 88
2508 2106 149 41 geſüegen
2680 2106 42 39 iſt.

1873 2152 99 38 Durch
2000 2150 74 40 dieſe
2099 2159 76 25 neue
2200 2148 261 42 Syſtemiſierung
2486 2148 52 32 der
2563 2148 160 32 Vertreter

1874 2194 51 32 der
1950 2193 180 39 Regierung
2157 2192 31 33 in
2212 2190 56 34 den
2292 2190 156 33 einzelnen
2468 2188 182 41 Provinzen
2674 2189 49 31 be⸗

1874 2234 152 42 abſichtiaͤt
2050 2232 53 34 der
2126 2230 263 41 Regierungschef
2413 2231 63 32 und
2501 2229 146 40 Miniſter,
2669 2230 54 32 des

1873 2276 139 41 Jnnern
2036 2275 56 31 den
2119 2273 166 40 Präfekten
2310 2272 66 33 eine
2401 2272 130 39 größere
2555 2270 168 34 Stabilität

1875 2318 31 31 in
1937 2318 56 31 den
2022 2316 91 41 ihnen
2142 2314 232 40 angewieſenen
2401 2313 104 40 Sitzen
2549 2321 39 31 zu,
2617 2313 107 38 geben,

1874 2357 164 40 beſonders
2061 2356 71 41 auch
2154 2357 32 32 in
2209 2355 184 39 Anbetracht
2416 2355 51 32 der
2475 2348 166 53 Tatfache,
2651 2352 72 41 daß

1875 2400 62 37 ihre
1970 2398 177 40 Aufgabeir,
2180 2396 116 41 ſpeziell
2326 2395 55 41 auf
2413 2395 140 41 ſozialem
2586 2394 136 39 Gebiete,

1874 2439 227 42 Beſtändigkeit
2126 2439 62 33 und
2216 2439 168 32 Ausdauer
2409 2437 46 33 im
2478 2437 166 39 Einhalten,
2671 2437 52 32 der

1873 2481 264 40 eingeſchlaͤgenen
2164 2479 151 41 Richtung
2340 2478 160 40 erfordert.
2523 2478 100 40 Durch
2648 2477 74 40 dieſe

1873 2523 188 39 Umftellung
2085 2522 127 32 wurden
2233 2521 163 33 innerhalb
2418 2523 51 30 der
2491 2520 110 39 Partei
2623 2519 101 39 einige

1873 2564 168 40 Präfekten
2066 2564 144 31 ernannt.
2235 2562 58 33 Die
2347 2562 50 39 Zahl
2421 2560 153 41 derſelben
2599 2561 33 40 iſt
2655 2569 67 24 ver⸗

1874 2604 226 42 hältutsmäßig
2124 2604 120 40 gering,
2264 2604 37 32 da
2325 2603 76 40 nicht
2422 2603 111 32 immer
2554 2602 46 32 die
2623 2601 100 43 geeig⸗

1873 2649 92 31 neten
1994 2647 62 32 und
2084 2645 55 34 mit
2167 2646 52 31 der
2244 2645 127 38 nötigen
2399 2643 229 39 Vorbereitung
2657 2651 65 24 ver⸗

1874 2688 126 40 ſehenen
2027 2687 193 35 Jndividuen
2218 2679 124 53 bereit
2353 2685 89 41 ſind,
2469 2679 76 53 ihre,
2545 2679 173 53 Beſchäfti—

1874 2738 84 31 gung
1985 2737 38 31 zu
2049 2727 236 39 verlaſſen,
2233 2721 62 52 um
2311 2728 56 31 den
2391 2726 113 39 Poſten
2520 2726 97 33 eines
2642 2725 101 39 Prä-

1873 2770 95 40 fekten
1992 2778 37 31 zu
2051 2764 219 44 übernehmen,
2293 2767 143 40 während
2446 2767 186 40 anderſeits
2656 2767 67 32 eine

1873 2810 204 40 beträchlliche
2125 2809 121 39 Anzahl
2304 2817 61 24 von
2414 2808 309 39 Parteimitgliedern

1874 2853 113 32 andere
2008 2851 134 39 wichtige
2161 2851 121 32 Stellen
2304 2850 31 33 in
2357 2853 52 29 der
2428 2849 111 39 Partei
2561 2849 161 40 bekleiden,

1873 2894 46 32 die
1965 2893 56 33 mit
2048 2894 52 31 der
2126 2892 99 33 Stelle
2252 2892 85 34 eines
2361 2890 169 43 Präfekten
2557 2890 165 34 unverein⸗

1873 2936 56 31 bar
1955 2934 73 39 ſind.

1912 2976 98 32 Unter
2040 2974 57 33 den
2126 2973 383 42 Präfektenverſetungen
2556 2972 64 39 ſind
2671 2971 52 39 kür

1873 3016 108 40 unſere
2010 3016 123 39 Region
2184 3014 141 41 folgende
2354 3023 61 25 von
2446 3013 166 42 Jntereſſe:
2662 3013 61 34 On.

1873 3057 132 35 Vaccuri
2025 3056 164 37 Marcello,
2210 3056 128 40 Präfekt
2357 3064 61 24 von
2437 3056 127 35 Trento.
2583 3054 140 34 Advokat

1873 3098 86 34 Ricci
1979 3097 157 36 Umberio,
2158 3097 128 41 Praͤfelt
2307 3106 60 24 von
2390 3096 152 40 Bolzano,
2563 3096 63 33 und
2665 3096 58 34 Gr.

1871 3139 64 40 Uff.
1964 3138 217 40 Guadagnini,
2211 3138 127 41 Präfekt
2367 3145 60 25 von
2455 3137 148 39 Bologna

1913 3180 65 40 Auf
1998 3180 161 40 Vorſchlag
2180 3180 54 32 des
2253 3178 343 41 Miniſterpräfidenten
2617 3177 106 34 wurde

1875 3222 125 32 weiters
2027 3221 46 32 die
2097 3220 462 40 Durchführungsvorordnung
2586 3220 53 32 des
2664 3219 59 33 Ge—

1875 3264 84 40 ſetzes
1991 3263 83 32 über
2094 3261 57 35 das
2169 3262 243 39 Reichsinſtitut
2442 3261 52 32 der
2523 3261 117 33 Balilla
2669 3269 55 31 zur

1875 3304 164 42 phyſiſchen
2069 3304 61 32 und
2158 3303 195 42 moraliſchen
2382 3303 175 41 Erziehung
2585 3304 53 31 der
2662 3302 60 36 Ju⸗

1873 3347 79 39 gend
1973 3346 145 40 gebilligt.

1910 3387 140 34 Weſters
2083 3388 104 32 wurde
2219 3386 182 41 beſchloſſen,
2435 3386 70 35 dem
2534 3385 188 40 Parlament

1874 3430 67 32 eine
1970 3429 264 39 Geſetzesvorlage
2281 3437 37 32 zu
2365 3428 222 37 unterbreiten,
2635 3426 87 41 durch

1874 3470 105 40 welche
2006 3479 37 31 zu
2072 3469 148 40 größerer
2247 3469 154 34 Gaͤrantie
2450 3469 53 33 der
2530 3468 192 41 öffentlichen

1873 3512 139 41 Hyglene
2043 3511 45 33 die
2117 3511 179 40 Ausübung
2337 3510 153 39 ſanitärer
2520 3509 203 41 Hitfsberufe,

1873 3555 53 31 der
1946 3553 135 40 Optiker,
2103 3553 52 33 der
2176 3552 246 42 orthopädiſchen
2444 3551 205 41 Mechaniker,
2670 3552 53 34 der

1870 3648 137 40 Hochzeit
2034 3647 138 35 Romeos
2199 3649 62 33 und
2286 3648 111 35 Zulias
2442 3647 181 41 einſegnete,
2662 3645 57 75 4

1873 3691 122 35 trauürig
2019 3692 62 31 und
2104 3691 49 32 ein
2175 3690 101 39 wenig
2301 3690 173 38 verächtlich
2498 3689 54 39 auf
2574 3689 65 32 dies
2694 3698 27 22 Ge—

1872 3732 96 33 triebe
1988 3732 110 38 herab,
2110 3731 27 40 ſo
2159 3732 56 33 wie
2234 3732 70 40 eine
2326 3729 241 42 Patrizierfrau,
2587 3730 46 33 die
2653 3738 68 26 arm

1872 3773 165 40 geworden
2060 3773 32 73 ſ
2114 3775 61 31 und
2197 3772 28 41 ſo
2246 3781 192 32 gezwungen
2458 3773 88 35 wird,
2568 3772 57 33 mit
2643 3771 78 34 Leu⸗

1872 3816 50 32 ten
1947 3814 54 39 tief
2024 3823 90 24 unter
2137 3815 101 38 ihrem
2257 3814 124 32 Stande
2404 3823 36 29 zu
2467 3814 174 39 verkehren.

1909 3855 84 33 Aldo
2025 3864 68 23 war
2133 3856 56 31 mit
2231 3854 121 38 einigen
2398 3854 65 40 ihm
2503 3853 219 40 befreundeten

1871 3895 213 40 Großzbauern
2108 3894 53 41 auf
2185 3896 56 32 den
2266 3894 106 33 Markt
2396 3903 172 32 gegangen,
2591 3903 54 25 um
2670 3893 52 41 ſich

1871 3937 165 38 beſanders
2063 3937 98 39 ſchöne
2187 3935 348 42 Zuchtſtierexemplare,
2563 3936 46 33 die
2634 3936 88 40 heute

1872 3977 138 41 nerkauft
2035 3977 121 34 werden
2181 3977 113 40 ſollten,
2319 3977 179 40 anzuſehen.
2519 3978 46 35 Jn
2587 3978 68 32 dem
2675 3977 46 33 lu⸗

1872 4020 94 39 ſtigen
1991 4020 251 40 Durcheinander
2266 4019 53 33 des
2343 4020 144 32 Marktes
2511 4018 52 41 fiel
2586 4019 62 37 ihm
2672 4018 50 34 ein

1872 4064 112 37 junger
2005 4061 129 40 Burſche
2157 4060 64 41 auf,
2242 4062 52 32 der
2317 4061 50 40 ſich
2389 4060 64 40 ſehr,
2494 4060 128 41 geſchickt
2644 4059 78 40 nütz⸗

1872 4103 53 36 ich
1950 4112 37 29 zu
2012 4103 121 39 machen
2158 4102 114 38 wußte,
2296 4103 62 33 und
2382 4102 49 33 als
2456 4101 94 42 dieſer
2574 4102 63 40 ihm
2661 4099 62 42 ſein

1871 4141 131 41 fruſches,
2023 4141 118 42 offenes
2160 4142 118 42 Geficht
2298 4143 187 40 zuwendete,
2518 4143 56 37 rief
2594 4151 36 24 er
2651 4150 73 24 aus:

1875 4186 124 37 „Carlo,
2028 4186 54 37 biſt
2111 4186 38 32 du
2174 4186 112 33 wieder
2308 4193 37 32 Zu
2369 4184 110 41 Hauſe,
2502 4184 39 39 ich
2564 4184 77 37 habe
2664 4183 60 42 dich

1874 4227 51 37 ſeit
1949 4227 66 32 dem
2039 4227 111 39 Kriege
2163 4227 76 39 nicht
2253 4226 85 74 —
2360 4226 65 40 hier
2449 4224 155 42 geſehen.“
2628 4224 95 34 Carlö

1875 4268 81 36 hatte
1970 4267 134 47 erſtaunt
2126 4268 63 33 und
2202 4266 102 41 erfreut
2339 4266 188 43 aufgeblickt;
2551 4265 59 41 letzt
2632 4265 47 39 riß
2693 4272 31 26 er

1869 4307 87 40 ſeine
1974 4306 96 41 Mie
2090 4307 148 40 herumter
2262 4310 61 30 und
2346 4307 92 40 ſagle:
2463 4309 73 38 „Jch
2556 4308 77 33 häbe
2653 4306 73 40 nach

1876 4350 67 34 dem
1968 4349 112 40 Kriege
2105 4350 94 41 gleich
2223 4350 101 33 meine
2346 4349 189 40 Militänzeit
2557 4349 93 41 ferlig
2678 4357 49 31 ge—

1876 4392 106 40 macht,
2002 4394 65 32 und
2086 4401 85 32 zvar
2194 4394 41 33 im
2259 4392 121 40 Silden,
2406 4393 30 33 in
2460 4392 143 40 Sizilien.
2645 4391 81 34 Dort

1872 4435 81 39 habe
1974 4435 45 40 ich
2039 4435 84 34 denn
2143 4436 78 40 auch
2239 4434 111 41 Arbeit
2374 4434 152 40 geſunden
2553 4434 54 36 bei
2627 4433 98 41 einem

1876 4477 264 34 Eleltroueckniker
2177 4478 36 33 in
2245 4477 178 41 Palermo.“
2476 4477 84 33 Aldo
2595 4475 132 40 lächelte.

1877 4521 69 36 „Du
1983 4521 66 41 haſt
2074 4520 60 40 dich
2160 4522 30 39 ja
2217 4530 61 25 von
2300 4520 86 41 jeher
2421 4521 33 40 ſo
2486 4517 54 43 ſſür
2572 4519 154 41 kechniſche

1876 4564 171 42 Baſieleien
2071 4564 190 39 intereſſlert;
2298 4563 39 40 ich
2369 4565 81 33 kann
2488 4564 75 40 mich
2582 4563 77 37 noch
2681 4573 45 24 er⸗

1878 4607 122 37 innern,
2020 4614 70 25 was
2102 4607 43 33 du
2162 4606 53 34 als
2231 4605 82 35 Kind
2335 4606 110 34 immer
2462 4606 54 39 ſür
2530 4606 197 40 inteerffante

1876 4649 94 34 klellne
1992 4650 186 40 Spielzeuge
2217 4648 159 42 fabriatert
2411 4650 78 39 haſt:
2527 4649 199 34 Lluomobile

1878 4700 56 25 aus
1957 4691 88 40 Hols,
2078 4692 47 34 die
2161 4697 62 28 von
2259 4692 92 34 allein
2374 4693 55 32 den
2455 4690 88 40 Verg
2565 4690 162 40 hinunter⸗

1876 4734 102 47 liefen,
2014 4736 64 31 und
2111 4733 98 36 Lelne
2239 4733 116 42 Schiffe
2385 4734 60 32 mit
2470 4732 155 41 ſeliſamer
2653 4733 73 35 Ma⸗

1877 4776 168 40 ſchinerte..
2094 4777 71 41 „Jch
2193 4776 84 35 wäre
2302 4776 78 40 froh,
2426 4777 72 38 auch
2526 4775 61 40 jetzt
2614 4776 113 33 wieder

1876 4818 29 39 ſo
1924 4819 75 37 eine
2024 4818 100 34 Stelle
2169 4818 66 41 hier
2260 4816 111 73 ſhen
2414 4826 38 31 zu
2478 4817 119 37 finden;
2642 4817 84 33 meln

1876 4856 81 36 aler
1974 4857 156 37 Brolherr
2153 4860 30 32 in
2208 4857 147 39 Palermo
2375 4859 37 37 iſt
2430 4856 157 41 geſtorben
2602 4856 65 36 und
2689 4858 40 39 ich

1877 4900 104 39 nuuſiie.
2025 4900 89 40 fort.“
2159 4901 131 36 „Komm
2335 4900 67 32 doch
2435 4900 114 34 einmal
2578 4900 37 34 in
2647 4900 81 34 mein

1877 4941 120 38 Bilro“,
2029 4943 112 33 meinte
2162 4942 82 36 Lubo
2268 4941 176 40 freundlich,
2465 4940 161 43 „ulellelliht
2650 4941 77 36 kann

1879 4985 39 40 ich
1945 4985 60 42 dich
2028 4986 49 34 bet
2101 4989 69 32 dem
2190 4993 101 26 meuen
2315 4984 286 40 Elektriyllälwerk
2620 4985 108 33 unter⸗

1877 5026 142 39 bringen,
2037 5028 46 38 ich
2102 5027 92 34 kenne
2215 5026 55 34 den
2288 5027 188 39 Jngenleur,
2495 5027 53 33 der
2565 5034 33 27 es
2614 5025 113 35 lettet.“

1915 5085 62 35 Alo
1999 5096 32 24 er
2048 5085 89 35 denwn
2155 5086 60 35 mit
2228 5084 103 40 ſeluen
2352 5084 167 40 Freunden
2542 5086 55 35 den
2621 5085 107 34 Markt

1878 5126 125 41 uerlteſß,
2031 5127 104 41 mußte
2162 5138 34 24 er
2218 5127 227 35 turwillkiritech
2468 5135 36 27 on
2531 5126 57 36 den
2610 5127 116 34 einen

1877 5169 96 33 Carlo
1994 5178 61 25 van
2076 5171 74 33 eki
2166 5170 126 37 denken,
2311 5171 66 32 und
2399 5167 59 36 wie
2481 5177 31 25 er
2534 5167 51 38 ihn
2605 5168 123 37 einmal,

1875 5211 85 40 ſelbit
1980 5213 74 36 nach
2069 5213 50 35 ein
2135 5212 117 36 Kulboibe,
2264 5211 52 34 wet
2334 5211 83 35 ebuer
2431 5211 120 40 grußen
2570 5210 157 45 Straßen⸗

1877 5252 138 46 pruſelel,
2034 5258 62 30 aus
2123 5255 54 32 den
2204 5252 131 40 Händen
2368 5253 60 34 des
2454 5253 93 37 rohen,
2575 5251 153 41 Giueppe

1873 5296 130 39 gerewet
2014 5295 93 38 halte.
2142 5296 65 34 Der
2226 5294 105 35 Kleine
2348 5294 64 36 und
2428 5297 76 37 auch
2519 5293 80 39 ſeine
2620 5295 107 33 Eltern

1881 5342 106 29 waren
2009 5335 134 43 rilhrend
2167 5337 135 34 dandbar
2319 5335 149 44 geweſen,
2492 5335 73 35 aber
2586 5336 41 35 un
2646 5334 85 43 Lauf

2761 629 17 30 6

2738 661 101 33 wird

2934 238 169 44 Dienstag,
3127 237 59 38 den
3207 236 29 37 7.
3259 229 171 66 Dezember
3449 234 92 38 1026.

2761 328 238 82 zegher
3021 326 63 35 und
3107 325 52 34 der
3181 321 266 44 Krantenpfleger
3467 328 140 36 geregelt.

2758 372 82 39 Jum
2861 368 118 41 Schluß
3004 369 105 33 wurde
3131 366 67 35 eine
3206 359 90 56 Geſe
3301 359 184 56 heovorlage
3508 363 97 44 elige⸗

2759 411 111 41 dracht,
2916 413 68 32 lait
3012 409 123 41 welcher
3162 407 72 41 nach
3261 407 57 34 den
3346 403 184 77 —
3556 408 50 36 der

2759 441 54 58 Gle
2823 441 101 58 chhelt
2977 451 46 34 die
3054 449 180 46 Auͤsilbunq
3266 447 53 35 des
3351 445 254 44 zabnlechniſchen

2760 496 137 33 Veruͤfes
2921 492 32 36 in
2977 493 56 34 den
3057 498 99 28 neuen
3180 489 180 42 Provinzen
3383 486 89 42 durch
3497 488 109 44 tonzeſ⸗.

2773 535 127 36 ſonlerte
2947 533 249 42 Zahntechniter,
3242 529 46 35 die
3334 530 51 33 als
3449 497 133 75 eceſ

2793 576 202 34 taatsdirger
3021 574 30 35 in
3079 575 56 33 den
3162 580 99 27 neuen
3288 569 179 44 Provinzen
3491 571 115 35 welier.

2783 618 136 35 ebſleben
2939 615 74 45 find,
3032 614 89 43 ihren
3142 612 101 44 Beruf
3263 610 198 43 auszuuͤben,
3477 616 130 37 geregelt

2800 679 57 67 Fie
2883 697 130 44 Sitzung
3041 696 107 36 wurde
3174 704 54 27 um
3252 693 39 36 13
3317 692 64 43 Uhr
3407 690 199 46 aufgehoben.

2760 741 159 75 —
2960 747 54 27 um̃
3035 739 39 33 10
3097 733 66 84 ußz
3183 735 189 41 vormittags
3415 734 128 41 beginnt
3563 738 43 35 die

2759 784 107 43 zwelte
2922 782 98 41 Sitzung
3045 781 55 34 des
3167 778 202 43 Miniſterrates.

2826 883 340 89 Römiſche
3211 881 339 74 Stimmen

2803 998 27 32 p.
2853 990 96 36 Rom,
2971 988 27 33 6.
3032 1006 41 6 —
3104 986 60 33 Die
3189 984 183 41 Errichtung
3396 981 54 35 der
3469 980 138 46 Brovinz

2761 1031 142 40 Boͤlzano
2951 1028 159 41 entſpricht
3140 1027 202 32 vollkommen
3371 1025 56 32 den
3454 1022 151 37 Kriterieü

2762 1072 53 33 der
2840 1070 286 38 verantwortlichen
3154 1066 112 41 Kreiſe.
3293 1065 58 33 Sie
3377 1065 150 37 bedeutet,
3551 1065 56 40 daß

2761 1114 47 32 die
2833 1112 182 40 Regierung
3041 1111 47 32 die
3112 1109 206 33 Staatstreue
3343 1107 53 32 der
3421 1105 185 40 Oberetſcher

2761 1154 218 38 Bevoͤlkerung
3008 1151 145 39 würdigt,
3179 1150 52 32 der
3257 1149 37 40 ſie
3319 1148 68 33 eine
3413 1146 111 34 direkte
3551 1147 56 34 Be—

2761 1196 160 40 handlung
2949 1195 52 31 der
3025 1191 174 40 Jntereſſen
3246 1190 84 33 „ihres.
3357 1187 147 34 Gebietes
3548 1191 81 32 und

2761 1238 90 32 einen
2874 1236 132 32 dikekten
3031 1233 133 33 Kontgkt
3186 1231 57 33 mit
3284 1239 32 24 der
3338 1229 136 41 höchſten
3492 1229 114 34 lokalen

2761 1277 142 40 Behoͤrde
2925 1276 62 33 und
3006 1275 88 40 durch
3112 1272 37 43 ſie
3167 1272 56 35 mit
3239 1272 54 33 der
3308 1269 297 44 Zentralregierung

2761 1320 33 32 in
2821 1319 82 32 Rom
2930 1317 174 40 zuerkennt.

2799 1367 107 41 Dieſer
2930 1367 57 33 Akt
3012 1364 138 35 bedeutet
3184 1362 52 43 für
3269 1363 58 33 das.
3360 1358 157 51 Oberetſch
3560 1362 68 37 ein

2762 1397 194 57 hiftoriſches
2967 1407 128 36 Datum,
3114 1404 138 42 inſoweit
3270 1412 33 25 er
3313 1403 75 33 eine
3405 1401 201 42 Beſtätjgung

2762 1452 52 32 der
2838 1449 219 41 Zuͤſtimmung
3085 1449 51 31 der
3160 1445 217 40 Bevölkerung
3402 1443 83 41 ihrer
3510 1441 96 43 Zuge⸗

2762 1492 147 41 hoͤrigkeit
2937 1498 70 33 zum
3038 1486 201 42 ſtalleniſchen
3268 1484 198 41 Könlgreiche
3494 1485 112 38 entnalt

2762 1534 63 33 uͤnd?
2873 1532 45 33 die
2947 1529 209 42 Haltloſigkeit
3182 1527 138 41 gewiſſer.
3345 1524 260 51 Unfriedenſtijter

2762 1574 130 41 beweiſt,
2917 1574 46 32 die
2988 1581 60 25 nur
3075 1572 42 32 im
3141 1568 152 40 Antereſſe,
3319 1568 53 32 der,
3397 1566 208 41 franzöſiſchen

2762 1615 205 39 Freimaurer
2991 1612 143 40 handeln.
3158 1609 117 41 Ebenſa
3297 1608 120 41 beweiſt
3439 1607 93 41 dieſer
3554 1608 52 34 Alt

2762 1658 47 31 die
2832 1655 269 39 Hinkerhültigkeit
3125 1651 263 40 einiger-Tiroler
3409 1649 135 36 Blätter,
3564 1650 62 39 die,

2762 1697 173 40 hartuaͤckig
2967 1695 46 34 die
3045 1694 216 38 Bevölkerung,
3294 1692 53 32 des
3376 1689 156 41 Oberetſch
3562 1691 45 32 als

2762 1737 216 34 tevolutionär
3001 1736 62 33 und
3086 1732 156 42 geyeinigt
3265 1732 167 41 hinſtellen.

2801 1780 64 33 Der
2910 1776 269 41 andersſpraͤchige
3203 1775 69 33 Teil.
3318 1774 53 32 der
3395 1771 231 50 Bevölkerung

2763 1821 78 33 wird
2869 1820 99 40 diefen
2994 1817 251 41 Regieruͤngsakt
3274 1814 86 41 ſicher,
3385 1821 38 33 zu
3450 1813 177 40 würdigen;

2762 1862 115 41 wiſſen,
2904 1862 52 32 der
2983 1859 87 42 ihren
3097 1858 131 40 größten
3254 1855 167 41 Wünſchen
3447 1855 181 41 entgegen⸗.

2763 1904 121 33 kommi.
2907 1902 93 34 Denn
3022 1902 46 32 die
3090 1899 140 41 Proolnz
3251 1898 55 32 mit
3322 1897 61 48 der
3405 1903 100 26 neuen
3527 1893 101 46 faſck⸗

2762 1945 117 40 fliſchen
2907 1942 172 40 Hierarchie.
3125 1940 77 41 ſtellt
3229 1939 45 35 die
3299 1937 110 42 höchſte,
3436 1936 99 39 Form
3559 1936 68 51 der

2762 1986 117 33 iokalen
2906 1985 154 36 ördnung
3089 1982 65 35 dar,
3200 1981 46 33 die
3272 1981 57 32 das
3356 1977 147 41 politiſche
3548 1979 79 43 und

2763 2025 245 40 adinmiſtrative
3029 2023 125 41 Syſtem
3173 2022 54 32 des
3246 2019 203 40 italieniſchen
3467 2018 140 38 Staates,

2762 2068 165 40 befonders
2954 2066 72 39 nach
3054 2065 68 33 dem
3151 2061 188 42 faſeiſtiſchen
3366 2060 109 50 Geſetz,
3523 2059 83 41 durch

2764 2109 124 39 weſches
2916 2108 47 33 die
2990 2103 274 43 Machtbefügniſſe
3291 2105 52 31 der
3369 2101 167 41 Präfekten
3561 2101 45 33 be—

2762 2149 130 35 deutend
2920 2147 193 41 ausgedehnt
3141 2146 140 36 würden,
3308 2144 98 32 kennt.

2801 2191 55 34 Dr.
2874 2191 146 32 Umberlo
3038 2187 94 37 Ricci,
3152 2187 51 32 der
3221 2193 77 26 neue
3314 2183 128 41 Präfett
3458 2189 61 27 von
3536 2182 70 33 Bol⸗

2780 2241 71 27 aſſo,
2874 2232 34 32 ift
2931 2231 84 33 einer
3037 2230 52 32 der
3111 2228 110 40 beſten,
3263 2225 52 38 der
3339 2224 114 34 bereits
3474 2223 152 45 Beweiſe!

2762 2242 97 73 ſ
2912 2270 156 42 üchtigkeit
3091 2270 32 33 in
3147 2271 52 31 der
3222 2268 133 43 Leitung
3378 2266 132 33 anderer
3531 2260 95 62 Pro.

2762 2317 109 38 Ninzen
2901 2312 140 42 abaelegt
3070 2312 61 38 hat.
3157 2310 59 33 Die
3242 2308 181 41 Regierung
3451 2305 77 42 hofft
3554 2307 52 31 mit

2762 2354 183 42 Zuͤberſicht“
2972 2354 61 39 daß
3059 2353 46 33 die
3131 2351 216 39 Bevölkeruͤng,
3375 2349 54 33 des
3456 2347 149 40 Oberetſch

2762 2399 202 32 doilkommen
3013 2396 68 32 dem
3111 2392 55 43 auf
3196 2393 37 41 ſie
3262 2390 140 43 geſeßten
3432 2389 195 44 Vertrauen.

2762 2438 190 40 entſprechen
2977 2436 89 33 wird.

2801 2481 58 32 Ble
2885 2479 125 33 Blätter
3038 2478 130 32 betonen
3197 2475 46 33 die.
3270 2474 178 40 Tragweite
3473 2472 53 33 der
3551 2471 54 33 Be⸗

2763 2521 113 41 ſchlüſſe
2904 2520 53 32 des
2985 2519 144 41 heutigen
3158 2515 243 39 Miniſterrales,
3448 2511 157 42 beſonders

2763 2572 69 24 was
2852 2562 45 33 die
2916 2558 280 43 Dezentraliſation
3214 2557 56 34 mit
3288 2557 52 33 der
3357 2554 173 42 Schaffung
3549 2562 56 24 von

2763 2604 37 33 Jf
2822 2611 100 25 neuen
2945 2601 179 39 Provinzen
3148 2597 126 41 betrifft,
3317 2596 90 41 ſowie
3431 2596 57 32 den
3512 2603 93 25 neuen

2763 2644 120 40 Anfauf
2903 2643 53 41 auf
2976 2644 66 32 dem
3062 2641 95 40 Wege
3175 2649 71 32 zum
3263 2638 123 41 Schutze
3404 2639 53 33 der
3474 2636 131 34 Mutter⸗

2764 2685 85 42 ſchaft
2872 2687 63 32 und
2959 2685 52 36 der
3033 2682 154 41 Kindheit.

2801 2726 262 41 Herdorgehoben
3115 2723 123 37 werden
3269 2720 168 44 gußerdem
3451 2717 86 51 noch
3553 2718 52 40 die

2763 2768 157 40 wichtigen
2947 2766 216 37 Erklärungen
3190 2764 52 32 des
3269 2760 336 48 Miniſterpräſtdenten

2764 2811 75 31 Uber
2862 2809 46 32 die
2934 2806 245 39 innenpolinſche
3203 2803 95 40 Lage,
3320 2804 47 32 die
3390 2803 67 32 eine
3482 2799 123 41 Beſtäti—

2764 2859 84 32 guͤng
2878 2851 52 31 der
2959 2846 269 42 ausgezeichteten
3254 2844 168 34 Situation.
3468 2843 64 32 und
3559 2842 47 31 der

2764 2887 204 49 arbeitſamen
2992 2889 158 73 Aie
3178 2888 53 32 des
3256 2886 126 33 Landes
3409 2884 73 40 ſind,
3507 2882 99 38 ebenſo

2763 2935 71 37 auch
2859 2933 67 32 eine
2952 2930 110 33 direkte
3104 2929 213 38 Ankündigung,
3343 2927 51 32 der
3419 2924 187 50 Regierung,

2764 2973 132 41 ſchaͤrffte
2942 2971 218 40 Beobachtung,
3207 2969 52 32 der
3303 2966 163 49 Autorität
3509 2965 115 43 einzus:

2764 3015 110 40 führen
2900 3014 63 34 und
2990 3013 67 32 eine
3084 3010 211 40 Bloßſtellung,
3343 3006 167 43 ſämtlicher
3555 3014 69 46 im

2764 3056 241 40 disziplinierter
3029 3052 84 38 Akte,
3136 3053 46 32 die
3206 3052 32 33 in
3261 3050 134 34 weitaus
3417 3048 206 49 geringerem

2764 3097 99 42 Naiße
2891 3097 235 37 vorgekommen,
3156 3092 74 39 ſind,
3276 3092 48 32 als
3372 3089 46 34 die
3450 3082 174 56 Gerüchte

2765 3138 133 41 glaͤuben
2926 3136 122 40 machen
3078 3134 135 37 wollien,
3241 3131 148 34 bedeutet.
3437 3129 169 41 Beſonders

2764 3178 177 41 defprochen
2963 3177 78 32 wird
3064 3177 56 32 das
3141 3173 178 41 aufrichtige
3340 3172 168 34 Bedauern
3530 3170 92 39 jedes

2765 3219 212 41 ingehoͤcigen
3006 3217 186 40 Vorgehens,
3241 3222 96 32 gegen
3367 3213 46 33 die
3442 3210 180 42 katholiſche!

2764 3261 104 40 Kirche
2896 3260 63 35 und
2988 3267 96 32 gegen
3135 3254 207 46 ausläfidiſche.
3370 3253 252 39 Vertretungen,!

2762 3302 64 34 Der
2848 3301 164 38 Corrier
3035 3298 151 37 dStalia“
3210 3297 111 34 nimmt
3344 3296 45 34 die
3413 3291 192 43 Gelegenheit

2765 3345 97 39 wahr,
2908 3349 54 28 um
2986 3342 46 33 die
3059 3341 94 39 tätige
3179 3339 62 35 und
3267 3338 100 40 lonale
3393 3331 228 61 Zuſtimmung;

2765 3387 50 32 der
2837 3384 195 40 Katholiken
3039 3385 62 31 und
3123 3383 63 40 ihre
3209 3380 153 34 dankbare,
3381 3378 239 47 Anerkennung;

2765 3427 50 40 fuͤr
2839 3428 56 31 den
2917 3426 94 36 Duce,
3055 3425 68 32 dem
3165 3422 54 42 ſie,
3246 3422 46 33 die
3314 3420 222 40 Reſtauratlon
3560 3418 59 42 der;

2766 3469 97 38 kathol
2879 3467 79 40 ſchen
2980 3465 130 35 Doktrin
3134 3464 63 33 und
3219 3464 51 32 der
3293 3461 104 42 Kirche
3421 3462 43 34 im
3484 3460 133 41 bürger⸗

2763 3509 91 41 lichen
2878 3507 105 36 Leben
3005 3508 128 39 danken,
3154 3514 38 32 zu
3214 3503 177 43 beſtätigen.

3114 3563 69 7 —
3209 3561 62 8 —

3481 3593 70 18 —
3613 3581 5 31 1

3284 3613 43 10 —
3413 3615 46 6 —
3465 3612 84 8 —
3590 3609 10 6 —

2766 3647 51 32 der
2843 3645 99 39 Jahre
2968 3643 104 32 verlor
3097 3650 33 24 er
3155 3641 52 33 ihn
3233 3648 60 25 aus
3320 3639 57 33 den
3402 3636 122 41 Augen;
3553 3613 51 67 Er

2766 3684 102 38 wuͤfzte
2893 3691 72 29 Mur,
2993 3683 61 40 daß
3076 3681 65 41 ſein
3198 3683 74 35 Vater,
3299 3681 52 32 ein
3370 3679 117 34 braver
3509 3678 110 38 Hand⸗

2764 3729 123 36 werker,
2909 3729 41 31 in
2972 3725 112 41 Kriege
3104 3724 130 41 gefallen
3257 3722 46 42 fei,
3326 3722 57 38 den
3404 3730 32 27 er
3456 3721 49 34 als
3525 3715 94 42 Fretz;

2764 3770 132 40 williger
2942 3766 203 41 mitgemacht,
3191 3765 141 39 trohdem
3377 3771 33 27 er.
3458 3752 161 56 eigentlich;

2764 3809 235 41 Anlifnilitariſt?
3069 3816 76 25 war.
3195 3805 126 42 Earlo
3388 3803 76 34 aber
3541 3800 77 37 trug!

2765 3853 90 32 unter
2882 3850 96 40 ſeiner
3001 3850 85 34 Jacke
3131 3847 58 33 das
3234 3846 145 40 ſchwarze
3403 3839 108 57 Hemd,
3555 3836 64 60 d

2767 3890 78 33 v
2863 3889 96 41 ſoͤfort
2976 3888 159 34 bemnerkie.
3175 3887 62 33 Der
3257 3885 142 35 Gedlnte,
3422 3883 118 40 erfüllte
3562 3881 56 52 ihn

2764 3931 57 33 mit
2847 3931 130 39 Freude,
3003 3932 67 32 dem
3092 3928 115 42 jungen
3230 3927 128 34 Manne
3382 3925 143 43 vielleicht
3549 3927 69 42 eine.

2766 3971 253 42 Lebeneſtellung
3035 3971 129 41 lhaffen,
3185 3979 36 31 zu
3242 3969 131 48 tönnen,
3396 3968 73 33 aber
3492 3976 32 25 es
3548 3969 70 37 wot

2763 4015 66 41 m
2863 4014 76 40 nicht
2959 4014 166 41 vekgonnt,
3161 4013 54 39 ſich
3261 4010 127 41 luͤngere
3412 4008 74 40 Zeib
3518 4005 100 41 dieſen;

2763 4057 361 42 nienſchenfreundlichen
3152 4055 236 39 Vorſtellungen
3413 4051 205 41 Mnzugeben

2765 4101 79 33 denn
2867 4101 58 32 daz
2950 4098 179 42 fiebechäfte
3152 4096 133 34 Treiben,
3330 4095 54 33 des
3406 4093 121 34 Markt,
3551 4089 67 35 unz

2766 4141 198 41 Meffefages,
3008 4141 53 32 der
3105 4139 46 32 die
3175 4135 239 42 Geſchäftsleute
3459 4133 71 41 auch
3554 4135 64 51 ven

2766 4183 69 33 weil
2857 4183 53 39 her
2933 4182 31 33 in
2984 4181 78 39 ſeine
3082 4179 97 34 Stadt
3198 4178 127 41 brachte,
3346 4177 98 38 nahme
3464 4175 52 40 ihn
3536 4176 81 47 gana

2766 4223 163 40 ſefangen.
2971 4220 82 45 Vald
3076 4220 106 40 ſaßer
3204 4220 31 32 in
3257 4219 66 33 dem
3346 4216 184 41 uberfüllten
3554 4212 63 48 Ren

2766 4264 140 40 ftaurent
2929 4261 205 39 „Academia
3156 4261 64 34 und
3241 4260 49 33 ein
3313 4265 113 34 ganzer
3449 4258 83 40 Chor,
3554 4256 63 30 von

2765 4306 160 33 Slunmen
2950 4302 150 42 ſchwirrie
3125 4310 54 25 um
3203 4301 53 40 ihn
3266 4300 136 41 heruni,
3427 4298 86 34 elner
3539 4296 78 38 kamt

2767 4357 53 25 Jm
2841 4355 62 24 von
2924 4345 66 34 dem
3013 4344 149 34 Stadtrat
3204 4343 99 33 ewaz
3324 4350 38 32 zu
3383 4340 141 37 erbitten,
3565 4334 52 36 ein

2767 4390 130 33 Anderer
2918 4387 92 41 ſuchie
3029 4384 180 43 Juriſtiſchen
3227 4384 74 38 Rat,
3320 4384 50 34 An
3388 4382 108 35 dritter
3514 4378 102 36 wollte

2766 4429 175 41 Aistuufie
2966 4429 31 36 in
3024 4428 120 40 Gachen
3168 4426 52 34 der
3240 4425 123 42 Partel.
3407 4423 80 35 Aldo
3512 4417 104 53 wußte

2766 4472 76 41 Nicht
2862 4472 87 40 Teiht,
2970 4471 58 33 wle
3049 4478 32 25 E
3102 4468 79 41 ſeine
3200 4468 113 40 Suppe
3334 4466 63 34 und
3418 4466 62 41 ſeln
3500 4459 115 46 geloch⸗

2765 4517 47 31 tes
2836 4512 182 42 Rintfleiſch
3062 4510 280 41 hinunterwürgte.
3387 4507 97 36 Unter
3508 4507 107 45 denen,

2767 4557 46 33 die
2836 4556 78 40 ſeinc
2935 4554 153 41 Mahlzelt
3110 4552 123 41 ſrorlen,
3253 4560 68 25 war
3346 4551 71 40 auch
3439 4550 53 33 der
3511 4541 103 45 Diret

2767 4601 47 31 lor
2841 4598 85 33 einer
2951 4596 118 40 Froßen
3094 4591 348 43 Baumwollſpinnerel,
3467 4591 56 35 mit
3547 4588 67 34 dem

2767 4649 32 25 J
2821 4639 65 41 ſehr
2908 4639 55 40 gul
2987 4637 131 34 betannt
3142 4644 76 30 war,
3261 4634 64 35 und
3348 4634 52 33 der
3421 4633 54 40 ihn
3496 4630 61 38 bat,
3580 4625 35 32 in

2768 4682 55 33 den
2865 4680 121 74 —
3008 4680 114 39 Tagen
3147 4686 38 32 zu
3213 4676 85 35 einer
3323 4674 183 77 euf
3579 4667 35 54 6

2767 4722 78 42 ſeine
2868 4721 115 40 Fäbrit
3008 4729 38 31 zu
3073 4722 148 31 Lommen.
3250 4718 44 35 Es
3321 4716 141 44 handelte
3561 4712 44 31 um

2767 4764 76 34 Ane
2859 4761 189 42 paͤkriotiſche
3073 4760 101 40 Feier,
3221 4759 32 34 in
3276 4757 53 36 der
3353 4758 46 34 die
3424 4756 95 35 Arbel
3535 4751 79 36 erin⸗

2767 4814 58 25 nen
2848 4804 94 39 nieſer
2965 4802 125 41 Fabrit.
3131 4802 47 33 die
3199 4801 90 33 einen
3311 4799 65 41 ſehr
3438 4799 73 33 quten
3531 4793 74 38 Chet

2766 4846 131 39 gebildet
2923 4845 116 41 hallen,
3087 4840 291 36 Vaterlandslieder
3417 4807 110 80 ſn
3533 4828 80 55 ſoll.

2767 4888 59 33 den.
2866 4886 78 34 Eine
2965 4883 152 39 derſelben
3139 4891 67 25 war
3226 4881 71 40 auch
3319 4880 196 41 ausgewählt,
3536 4878 77 31 wot

2768 4930 65 32 den,
2856 4936 54 26 um
2932 4925 49 37 ein
3004 4925 124 40 Gedicht
3150 4932 55 26 vor
3226 4923 141 74 —
3389 4919 88 42 Dieſe
3499 4917 114 36 Auser?

2767 4970 113 40 wuͤhlie
2903 4968 105 34 wurde
3030 4966 81 35 Aldo
3133 4966 42 33 un
3197 4964 196 34 Prlvalbüra
3437 4963 61 35 des
3511 4951 92 62 —

2767 5011 66 32 ior⸗
2859 5008 163 41 perfaͤnſich
3048 5006 189 41 vorgeſtellt.
3270 5006 46 33 Es
3340 5011 67 27 war
3430 5004 51 33 ein
3503 5000 90 39 retben

2768 5054 62 34 des,
2849 5046 377 43 zieriſches-Perſönchen,
3265 5044 97 43 deſſen
3384 5043 114 42 Gellcht
3538 5032 26 72 (e

2766 5093 56 33 deir
2847 5090 113 43 Typus
2986 5090 53 33 der
3061 5088 188 34 Madonnen
3283 5094 61 27 von
3369 5085 165 34 Girdlamo

2760 5133 92 34 Lrt
2878 5131 104 44 Eigte.
3007 5129 59 35 Sie
3091 5128 90 41 gefiel
3207 5128 66 36 dem
3299 5126 114 42 ungen
3439 5124 118 42 Dichter

2767 5166 82 52 ihrer
2874 5144 228 68 Fſal
3142 5171 64 33 und
3229 5167 188 42 Lieblichteit
3463 5163 63 39 und

2766 5214 103 41 Uecfe,
2889 5214 46 34 die
2952 5213 41 40 ſie
3014 5211 62 42 ſhnu
3099 5219 54 34 zur
3174 5211 104 39 Probe
3298 5208 148 43 herſagte,
3487 5204 60 40 und
3567 5198 43 65 z

2767 5255 66 35 Aſ
2853 5254 64 41 ihte
2936 5253 204 40 Kollehinnen
3160 5251 142 41 gedichiet
3319 5250 93 42 halte,
3432 5254 104 30 waren
3555 5249 14 25 o

2767 5299 84 32 einer
2879 5294 148 43 ſchlichten
3053 5292 201 43 Herzilchkeit.
3282 5290 208 50 Gortlebung
3516 5278 67 50 fogi

3402 5349 106 30 aciai--

3689 131 126 72 diens:

3707 505 100 42 Schrift

3716 545 101 35 Sprech

3672 645 62 45 zur
3753 636 64 38 Sch

3700 699 117 37 Anlaßli

3673 739 93 41 geſtern

3674 773 140 67 —

3673 814 105 33 bringen
3813 820 4 18 l

3698 909 85 40 heule

3699 955 102 37 „Heule

3672 995 33 33 zie
3728 990 86 32 Sladt

3672 1031 64 32 zttes
3760 1027 57 37 ech

3673 1063 142 37 gevölkeru

3672 1104 46 32 ind
3739 1100 78 37 durch

3671 1138 118 41 henligen

3671 1173 98 37 vütdig
3788 1180 29 24 er

3699 1212 58 30 Das
3782 1209 35 30 in

3671 1248 72 37 dieſer
3767 1245 50 32 Sic

3670 1286 37 38 ſch
3724 1282 93 37 erheb⸗

3671 1324 93 36 herzen
3783 1318 34 31 all

3671 1357 56 33 teils
3747 1355 70 37 jedet

3671 1396 45 31 und
3735 1399 82 23 unwo

3683 1438 38 26 en,
3781 1429 18 36 dah

3697 1476 15 21 s
3731 1466 86 30 Jtalle

3670 1506 36 35 dig
3730 1502 84 30 erwei

3696 1580 121 36 Bolzanc

3671 1620 69 30 einen
3767 1616 50 31 Ge

3670 1654 91 39 ſchichie
3786 1660 31 29 zu

3671 1687 91 44 Lichter

3689 1729 86 34 ahnen
3771 1724 43 43 jl

3727 1762 60 31 dies

3669 1800 94 32 ordnet.

3669 1836 148 37 Vichligkei

3667 1874 47 35 daß
3735 1872 61 30 eine

3668 1911 35 36 ihr
3722 1909 95 36 Vohle

3668 1955 29 23 n
3713 1946 47 29 der
3778 1945 39 37 P

3668 1983 107 37 gerung
3795 1989 22 22 u

3667 2019 148 36 dolkerung.

3694 2056 114 35 Geſtern

3668 2093 149 36 Exlra
3735 2088 23 45 ·
3757 2093 50 36 Aus

3667 2129 95 31 breltet.
3789 2129 25 29 D

3667 2166 92 36 gingen
3776 2173 41 22 vo

3668 2205 43 27 ſete
3725 2202 47 37 ſich
3790 2201 23 30 ei

3667 2239 54 37 ſeits
3735 2239 49 36 auͤf
3799 2237 18 30 d

3666 2276 151 37 aufgenomi

3695 2365 69 30 Eine
3796 2372 21 23 n

3666 2401 112 38 Preſtiio

3666 2441 47 27 und
3734 2438 45 36 F.

3667 2476 88 36 käufen
3795 2484 22 20 9

3666 2512 106 35 Scheine
3795 2512 22 29 d

3665 2550 47 28 und
3735 2556 76 28 zwar

3665 2585 54 30 Lire
3733 2585 84 30 kaltu

3665 2621 83 30 Venn
3769 2623 30 29 alſ

3666 2658 94 35 Lerlag
3812 2668 5 20 Be

3666 2695 151 36 leiheſcheln

3676 2731 111 74 4

3653 2762 32 45 au
3784 2777 33 21 ut

3662 2803 152 32 ſombinati

3663 2841 24 65 ze
3722 2842 95 72 —

3673 2885 28 28 og
3743 2886 29 22 der

3663 2913 111 38 Katalog
3793 2923 24 21 w

3663 2958 47 22 non
3731 2951 64 30 Lire

3662 2985 141 39 nitiative

3663 3030 46 23 von
3731 3025 86 29 ander

3663 3061 61 29 torio
3746 3061 71 36 gewi

3662 3095 67 32 dient
3749 3098 68 35 jede⸗

3662 3205 65 38 EFeſt
3745 3207 50 30 der

3675 3243 142 75 —

3710 3286 66 23 —

3662 3313 110 35 ſidenten

3662 3353 155 37 angelegenl

3663 3386 34 30 die
3711 3391 91 35 außer

3663 3423 35 31 his
3723 3428 43 29 24.
3790 3428 27 30 N

3663 3460 154 40 Litſchedig

3663 3496 81 37 Opera
3770 3501 46 30 Na

3663 3536 58 41 gird
3738 3537 52 30 der

3663 3569 36 34 für
3716 3573 44 31 die
3781 3575 36 29 Do

3663 3602 47 76 letz

3715 3648 72 29 —

3661 3684 82 28 wurde
3762 3655 51 59 3

3662 3715 153 43 dahingeſchi

3661 3758 40 37 ——
3786 3765 31 28 1—

3662 3788 85 38 lörper
3764 3793 53 30 und

3660 3823 60 32 leite.
3767 3829 50 31 Bei

3660 3860 80 33 einem
3764 3866 53 30 vie

3659 3898 67 31 wäre
3747 3903 66 35 aufs

3659 3934 54 32 ziell
3728 3938 40 31 im
3788 3940 29 29 E

3658 3969 43 32 den
3722 3975 95 36 Nachn

3659 4009 43 32 gel,
3720 4012 55 29 alle
3795 4013 22 29 B

3659 4047 116 35 nehmen,
3791 4050 26 34 fi

3659 4081 58 30 aber
3735 4086 69 35 nicht

3658 4118 44 31 zeit
3723 4128 60 24 war
3804 4129 13 23 e

3658 4156 159 34 derſtorbene

3659 4186 23 32 in
3697 4192 51 31 den
3767 4196 50 29 Ra

3659 4222 88 40 den
3766 4233 51 30 Na

3658 4260 81 38 Venn
3762 4271 55 35 auc

3658 4305 54 28 dom
3735 4307 75 31 alten

3658 4338 99 33 andere
3772 4343 45 30 Vo

3658 4365 157 56 keerdigung

3673 4410 124 53 grußen.

3658 4450 95 39 tegung
3773 4462 44 23 vo

3686 4487 58 32 Das
3764 4491 53 30 Kor

3658 4521 89 39 rſucht
3762 4536 55 21 un⸗

3659 4551 158 48 ————

3658 4588 111 41 Themen
3791 4601 26 34 f

3705 4634 112 38 Aſpel

3657 4660 115 44 geſero

3681 4709 123 31 dvember

3657 4738 107 42 gitiven
3777 4746 40 30 Di

3658 4769 37 36 ſir
3710 4779 43 31 de

3666 4808 151 81 1

3690 4858 14 21 s
3805 4865 12 21 c

3712 4888 103 72 di

3701 4932 34 27 gu

3656 4951 118 67 —
3792 4965 23 33 i

3678 4993 21 31 e
3718 4999 99 34 Arbeil

3657 5027 147 48 ngeceich

3657 5063 34 34 n
3709 5071 105 37 Thena

3657 5105 160 39 ausarbeiten

3656 5141 99 40 kranhle
3774 5158 43 28 ge

3685 5186 67 31 ugen
3772 5188 45 31 ode

3723 5228 50 26 mu

3674 5251 79 57 ——

3658 5283 133 71 —1*

3701 5326 41 41 e
