3817 5459
0 166 57 41 ber
78 174 28 38 1

0 401 86 40 —

3 614 102 42 llAd

1 670 83 39 —

0 775 94 33 —

0 817 14 28 .
34 818 63 34 Der.

0 895 21 26 .
39 885 34 41 29.
101 900 7 21 ü

0 923 102 35 Nem.
82 919 23 45 V

33 1023 38 29 14.
99 1033 7 21 ſ

0 1057 39 30 en
65 1060 36 32 Dz

0 1100 62 23 nos
76 1098 25 29 Ai

0 1136 30 21 2n
63 1132 37 31 Ge

0 1164 84 31 video

0 1243 16 21 n.
43 1237 54 32 Nea

46 1274 47 31 Rio

2 1315 13 20 8
36 1308 67 32 Aires

0 1362 86 32 —

0 1437 99 41 dieus

0 1495 61 22 nua
83 1500 20 20 ni

0 1523 83 37 nidad.

0 1558 60 65 —
84 1564 19 35 (

0 1598 98 37 ulquid

0 1631 43 35 ...
55 1632 25 29 8.

19 1716 75 27 —

0 1797 61 56 4
79 1800 26 21 J

0 1829 66 26 altar

0 1855 43 46 ia,
65 1849 26 42 3

1 1900 37 29 V.
54 1897 41 31 Ma

21 1932 76 40 lquld

1 2060 24 30 I.
59 2062 39 30 Jüm

0 2096 23 36 u
83 2099 16 34 J

0 2132 36 36 id,
66 2134 31 29 Su

0 2176 45 30 ey
69 2171 22 34 (e

1 2213 58 29 rne,
76 2206 24 38 8)

0 2347 27 30 V.
48 2348 32 29 O.

2 2384 97 29 uslaud

0 2419 100 30 istenbi

84 2466 16 21 14

0 2583 97 144 7

0 4179 91 54 tag

3 4237 88 24 ununiu

0 5148 72 79 5

0 5214 70 54 —2

16 5312 79 30 —

138 135 25 13 —

137 202 141 49 conto
292 203 258 53 eorr.e.l.p.

197 273 273 47 Schriftleitung:

135 342 167 33 Rerano:
344 338 201 37 Poſtgesäude,

133 380 96 30 zingang
261 381 55 21 von
332 373 47 30 der
390 374 154 36 Baſſerſeite

134 411 44 34 tel.
197 409 35 28 884
299 408 123 37 Voſtfach
442 411 48 28 Nr.
510 410 34 28 82

135 454 118 64 —
262 453 94 30 —
366 450 74 44 Roma
453 454 92 31 No.?

132 491 45 35 fel.
209 489 35 29 430
286 489 123 36 Poſtfach
438 490 52 31 Nr.
511 491 34 29 36

207 532 245 71 verwaltung:

248 605 168 31 Merano:

132 641 72 35 lorſo
220 640 130 36 Prineipe
362 642 129 31 Umberto
504 644 29 30 11

148 678 138 35 Telephon
341 686 107 23 Nummer
467 679 50 29 605

132 739 171 45 jnſeralen
332 720 212 72 Annahme:

243 793 172 38 Bolzano:

131 832 90 36 ſiazza
233 829 119 37 Blitorio
365 832 152 31 Emanuele
527 834 17 28 8

131 867 29 32 dei
215 867 69 27 Firma
314 866 84 30 Anna
427 868 115 39 Dletrich

251 909 159 33 Merand:

129 944 73 36 Corſo
223 944 130 38 Prinelpe
367 948 129 31 Umberto
509 950 33 30 11

129 1002 125 44 erſcheint
269 988 81 60 lagſi
381 1010 18 27 6
409 1010 58 30 Uhr
492 1012 30 29 fru

129 1044 37 32 mit
194 1042 170 38 Ausnahmẽ
392 1011 145 73 ——

946 1028 462 86 Politiſches
1442 1022 389 93 Tagblatt
1880 1030 145 70 der
2054 1026 365 86 Provinz
2452 1025 361 85 Bolzuno

3283 191 322 46 Jnſoratenpreiſe:

3230 247 29 28 12
3285 254 57 20 mim
3371 249 79 27 breite
3476 248 173 28 Mulimetet-

3260 284 86 33 zeile
3338 278 30 43 .
3376 302 6 8 .
3508 283 59 29 Lire
3588 282 39 26 2.-

3223 317 126 36 Jnſerate
3364 320 36 26 im
3413 319 64 34 Text
3508 319 58 29 Lire
3588 320 59 24 4
3616 313 23 45 —

3223 355 225 35 Lobesanzeigen
3463 357 53 26 und
3535 356 85 27 Zank⸗

3224 390 165 35 ſagungen
3374 385 30 44 .
3429 411 5 8 .
3473 410 5 7 .
3506 389 60 29 Cire
3589 392 55 24 1—

3265 434 137 31 Kleiner
3432 434 177 35 Anzeiger:

3224 480 85 35 Slehe
3338 480 202 35 Bedingungen
3570 480 77 27 unter

3264 521 226 34 diesbezüglicher
3510 519 102 30 Rubrik

3305 586 265 50 Bezugspreife:

3223 644 424 37 Einzeinummer
3462 640 31 45 0
3492 644 155 37 Centeſimt

3223 689 48 35 —
3310 688 336 29 —

3222 730 181 35 Halbjährlich
3429 750 6 7 .
3465 750 5 6 .
3493 729 60 29 Lire
3567 728 78 26 4tr-

3223 771 213 35 Vierteljährlich
3464 789 5 8 .
3492 769 61 30 Lire
3567 768 42 28 21
3612 784 30 6 —

3222 811 174 34 Monatiich
3386 804 24 46 .
3426 830 6 8 .
3462 829 6 8 .
3474 809 77 30 Lite
3586 808 60 28 740

3222 851 22 35 3
3268 851 127 33 Abholen
3412 851 113 26 monatl.
3543 849 28 28 L.
3587 848 24 27 B.
3616 848 24 28 75

3221 895 130 29 Ausland
3367 895 155 35 doppelte
3541 891 91 36 Preife

3222 944 195 34 Fartlaufende
3432 942 146 34 Annahme
3599 942 47 27 des

3222 981 110 29 Blattes
3354 980 108 33 bedingt
3483 979 163 33 Kezahlung

3302 1016 45 27 der
3368 1013 197 36 Bezugspreiſe

3221 1049 59 30 Alle
3292 1050 245 36 Anzeigenſteuern
3552 1050 94 35 eigens

170 1172 233 45 Nnum
430 1175 83 44 —

1282 1179 473 57 Bolzano⸗Merano,
1770 1180 244 52 Dienstag
2034 1180 39 45 7.
2086 1177 269 54 Dedember
2378 1178 115 52 1726

3260 1180 41 49 J.
3320 1179 273 53 Suhrgang.

336 1289 814 230 Bolzano,
1228 1376 566 124 nuova
1871 1328 878 210 provincia
2822 1327 640 161 cltalia

129 1566 202 140 der
355 1566 644 171 Miniſterrat
1047 1569 515 167 beſchließt
1610 1570 164 145 die
1824 1570 598 163 Errichtung
2471 1569 179 143 der
2689 1572 452 158 Probinz
3181 1571 458 160 Bolzans

248 1775 64 66 Jl
348 1790 200 45 nuovo
588 1780 248 64 dovere

161 1852 117 38 Criterl
303 1854 265 39 amministrativi
594 1856 125 46 ispirati
734 1867 19 26 a
773 1858 193 38 considera-

125 1898 80 36 toni.
231 1899 149 43 pratiche
396 1910 18 24 e
430 1900 210 37 valutazionè
667 1902 134 44 politica
827 1902 31 35 di
876 1904 89 34 altls-

125 1943 64 37 zmi
216 1943 152 37 interess!
406 1939 179 57 narionali.
603 1947 273 36 determinarono
908 1948 55 36 nel

126 1989 90 34 huce
240 1988 28 36 la
292 1988 176 38 decisione
491 1991 32 35 di
553 2001 112 26 creare
680 1991 29 36 la
732 1992 173 45 provineia
929 1994 34 35 di

106 2032 170 37 Dbolzano.

159 2077 20 33 ll
205 2078 281 44 provvedimento
518 2090 105 35 preso
647 2080 33 36 in
710 2081 159 44 riguardo
897 2082 66 37 allo

124 2121 70 36 Alto
212 2122 117 45 Adige
353 2123 19 35 è
396 2133 147 27 comune
573 2135 20 26 a
627 2124 115 46 quello
777 2136 103 35 preso
905 2137 60 34 per

124 2167 94 35 molte
242 2167 80 36 altte
343 2169 172 43 provincle
533 2181 18 23 e
568 2170 31 35 le
616 2171 127 44 ragioni
767 2171 198 36 fondamen-

124 2211 43 35 tali
193 2211 63 36 che
280 2212 33 36 lo
339 2213 116 36 hanno
480 2217 187 40 provocato
698 2225 91 26 sono
824 2219 141 41 esposte

124 2265 57 26 con
208 2256 139 37 incisiva
371 2258 133 36 lucldiiâ
530 2259 31 36 di
581 2260 158 45 penslero
760 2271 18 25 e
802 2261 32 36 di
856 2261 110 36 forma

124 2301 76 35 nella
226 2302 165 36 telazione
409 2304 33 34 di
461 2304 184 36 Mussolini
663 2304 28 35 al
711 2305 182 45 Consiglio
910 2306 55 36 del

123 2346 146 36 Ministri.
306 2347 181 37 Rileviamo
521 2350 83 43 però
629 2349 72 42 che,
730 2360 100 32 come
854 2351 112 45 quelle

123 2391 24 34 di
175 2390 168 44 Bolzano,
359 2392 79 36 altre
456 2393 172 45 pro/incie
646 2405 91 25 sono
756 2397 84 34 state
857 2397 109 35 create

124 2435 20 34 a
170 2434 125 37 contini
322 2437 132 44 c'ltalia,
478 2439 110 44 quella
606 2439 31 35 di
660 2440 136 35 Corizia
813 2450 18 25 e
855 2441 111 44 quella

123 2480 23 34 di
173 2480 115 44 Aosta,
313 2482 174 43 provincle
504 2484 87 34 nelle
608 2484 88 44 quali
723 2485 28 35 vi
770 2485 19 34 à
809 2494 45 26 un
872 2487 93 35 certo

123 2534 133 26 numero
281 2526 33 35 di
340 2526 146 37 cittadini
510 2528 174 44 alloglòtti.

159 2569 32 35 Si
218 2580 123 34 scorge
365 2571 227 48 ehiaramente
620 2583 68 25 una
724 2574 174 45 tranquilla
923 2575 43 35 si-

123 2623 130 27 eurera
278 2615 32 35 in
337 2615 52 36 tali
415 2617 267 44 provvedimenti
699 2618 266 37 amministrativi

124 2658 53 34 ne,
202 2660 219 36 moralmente
445 2661 116 36 hanno
596 2671 44 26 un
671 2663 113 36 valore
818 2663 148 45 politico.

124 2703 22 34 zi
172 2704 163 37 dimostra
360 2705 74 36 cioè
458 2707 28 35 al
523 2709 132 34 mondo
694 2708 63 35 ehe
793 2708 173 45 nell'ltalia,

124 2749 119 41 grande
267 2750 144 35 nazione
414 2751 97 35 dalla
529 2752 190 36 rinascente
734 2752 111 36 anima
863 2755 103 43 impe-

124 2792 75 52 tiale:
217 2803 68 26 non
304 2795 28 34 ei
352 2804 90 26 sono
461 2796 41 35 nè
519 2796 27 35 ei
566 2806 161 34 possono
748 2807 114 26 essere
875 2798 88 44 degli

123 2838 222 37 fredentismi.
400 2840 25 34 E
466 2842 26 33 si
519 2840 164 37 dimostra
715 2842 108 35 anche
852 2842 110 37 chelil

123 2881 155 36 ſascismo
304 2892 69 26 non
401 2885 139 43 indulge
563 2885 42 35 ad
630 2887 110 34 alcun
761 2886 202 36 interessato

69 2927 324 41 Wprovincialismo
419 2939 53 24 ma
503 2929 184 36 determina
707 2932 47 34 le
790 2931 173 43 provincie

107 2972 162 34 Jsecondo
295 2972 29 34 le
348 2975 161 34 accertate
527 2976 169 35 necessità
714 2976 147 44 pratiche
878 2976 86 35 delle

123 3014 126 44 singole
274 3018 138 42 regioni.

161 3059 50 35 Ba
236 3061 93 45 oggi
355 3062 159 43 Bolzano,
550 3064 140 43 capitale
726 3064 85 35 della
847 3067 116 33 nostra

123 3104 139 44 regione
287 3105 239 46 congiunta
563 3109 232 35 direttamente
830 3119 65 25 con
934 3110 29 34 la

122 3149 120 41 grande
268 3150 115 42 Roma,
407 3152 110 34 ànlma
534 3152 53 35 del
613 3154 131 34 mondo
769 3153 53 35 nei
848 3154 115 43 secoli,

122 3201 57 27 con
208 3193 106 37 Roma
340 3195 62 36 ehe
432 3196 155 45 riprende
618 3207 19 26 a
670 3199 128 42 parlare
824 3208 46 25 un
904 3199 60 34 lin-

121 3238 145 44 guaggio
292 3240 188 36 universaſe
508 3241 64 36 che
604 3242 18 35 il
656 3243 131 35 mondo
819 3243 143 36 attonito

121 3284 128 36 Scolta.
276 3285 44 33 Le
343 3285 163 36 altissime
524 3296 18 24 e
559 3297 64 34 pur
641 3287 115 35 sobrie
778 3289 114 43 parole
908 3288 53 34 del

124 3325 89 38 Duce
230 3339 223 33 consacrano,
472 3340 65 25 con
556 3341 66 25 ùna
641 3332 143 35 formulã
800 3332 164 45 religiosa,

124 3379 36 25 un
187 3372 126 37 siffatto
337 3375 248 37 avvenimento.
609 3377 64 34 Tre
696 3378 144 34 concetii
872 3378 92 44 nudi,

122 3413 95 47 lermi,
241 3419 141 43 potenti:
404 3419 125 44 lavoro,
546 3421 186 44 disclpiina,
753 3421 85 44 fede,
863 3423 88 43 ſegai

123 3461 32 34 da
181 3472 44 25 un
251 3473 148 32 comune
423 3465 186 43 aggeitivo:
632 3466 144 36 fasclstil

161 3506 50 36 Da
236 3508 82 44 oggi
344 3518 59 35 per
441 3511 33 42 glt
500 3502 107 58 alto-
609 3502 148 58 atesini
766 3521 44 26 un
844 3522 118 25 nuovo

124 3549 114 38 lovere
263 3553 225 45 siaggiunge
518 3557 65 42 agii
614 3556 122 39 antichl
769 3557 32 34 in
827 3557 134 36 cambio

125 3594 73 37 della
215 3600 229 34 concessſone
461 3600 84 35 della
561 3600 171 36 autarehia
750 3602 213 43 provinciale:

124 3642 137 36 tendersi
288 3653 134 34 sempre
447 3644 56 43 più
529 3645 102 45 degni
650 3646 86 36 della
754 3647 104 34 batria
876 3647 85 35 della

123 3688 92 38 quale
239 3698 91 24 sono
355 3688 156 36 cittadini:
539 3689 52 35 Dã
616 3691 81 43 oggi
732 3691 95 35 bAlto
853 3692 110 43 Adige

122 3725 152 48 dlegato
307 3732 63 35 alla.
403 3733 151 35 Narione
585 3734 41 34 da
655 3745 43 24 m
739 3735 129 42 ſegame
907 3736 58 43 ſid

122 3775 106 34 zttetlo
253 3787 18 23 e.
304 3776 210 37 confidando
548 3778 43 34 ad
632 3789 78 25 essa
750 3779 132 35 ifrutti
908 3780 53 33 del

122 3819 128 47 proprio
274 3819 127 45 lavoro,
426 3820 28 35 si
470 3822 136 34 attende
622 3815 52 56 dal
684 3822 109 45 vlglle
808 3832 155 34 governo

122 3859 13 33 ii
159 3863 55 43 pidi
239 3866 114 42 ampio
372 3864 280 38 interessamento
673 3866 63 36 enè
753 3867 19 34 è
789 3868 173 35 dòveroso

123 3913 50 32 per
184 3908 194 43 chi.lavora,
396 3910 112 36 labbra
523 3910 190 44 silenziose,
733 3921 102 27 euore
854 3912 107 44 saldo,

122 3947 93 41 lerma
239 3953 86 43 fede,
350 3955 80 35 leaſe
453 3965 95 25 amor
572 3955 32 35 di
635 3957 112 43 patrla

139 3996 37 50 ll
203 4007 118 27 nuovo
340 4000 125 36 dovere
489 4001 27 34 si.
542 4001 141 35 estende
699 4011 18 25 a
742 4001 105 36 tuttii
874 4001 90 36 eltta-

121 4038 58 39 dini
205 4042 85 36 delle
314 4053 115 26 nuove
443 4045 171 43 provincle
627 4044 198 46 quaſunque
848 4046 115 44 ngua

122 4086 58 35 essi
206 4087 139 44 parlino,
363 4088 49 36 sia
438 4089 83 36 nella
546 4089 83 46 valle
663 4090 85 35 della
776 4091 99 44 Dora,
900 4090 64 35 che

121 4126 159 49 quella
293 4132 211 45 deipisonzo,
518 4133 64 36 ene
595 4134 30 35 in
639 4135 109 44 quella
766 4136 197 35 deſplgatco.

123 4169 125 42 bovere
272 4187 101 26 verso
398 4178 29 35 la
452 4179 130 44 plecola
607 4178 102 46 palria
733 4179 61 36 alſa
819 4181 99 44 qude
942 4180 20 35 i

120 4223 143 36 governo
290 4221 136 38 fascisia
450 4223 42 36 dù
516 4232 59 28 un.
599 4223 109 37 saldo
725 4225 237 37 ordinamento

121 4265 281 43 inministratvo:
416 4267 125 39 dovere
559 4279 99 27 verso
668 4268 30 37 la
710 4270 129 44 grande
850 4271 113 46 patrla,

120 4307 51 53 dla
195 4313 107 44 quale,
327 4323 99 26 oome
451 4315 27 36 si
494 4314 156 46 volgono
669 4313 7 38 i
694 4315 104 43 ſumi,
823 4316 138 37 devono

122 4357 166 45 mvolgersi
314 4368 60 36 per
398 4359 148 37 naturale
569 4360 92 36 forza
684 4359 45 46 gli
745 4361 111 38 animl.

120 4410 90 42 Gli
234 4412 215 37 alio-atesini
481 4422 111 28 sanno
617 4414 30 36 le
669 4414 53 37 vie
754 4413 52 38 del
838 4415 127 37 dovere

122 4456 83 36 del
238 4457 126 38 lavoro.
413 4458 128 37 Lltalia
574 4459 43 36 ha
651 4458 106 38 ridato
789 4461 74 36 loro
894 4471 67 26 una

122 4501 100 41 pairlas
246 4502 39 47 la
300 4502 75 37 loro
399 4504 102 43 patrla
525 4503 118 44 antlea,
660 4503 109 47 quella
787 4504 86 49 ltalia
897 4505 64 37 che

121 4547 54 44 eon
202 4546 107 36 Koma
342 4547 169 44 imberlale
546 4547 99 38 diece
681 4549 74 35 loro
791 4549 29 36 la
854 4549 105 46 prima

122 4591 51 45 lita
197 4591 104 42 civile,
331 4593 133 42 aprile
496 4592 106 45 prime
633 4593 112 36 strade
768 4604 19 25 e
811 4594 147 45 insegnò

121 4633 122 37 eulto
274 4635 86 36 della
394 4638 98 41 terra;
551 4637 85 36 quella
672 4638 86 35 lialia
793 4638 64 36 ene
891 4649 69 26 con

122 4668 130 60 ſence
290 4680 85 35 ren,
412 4680 33 36 di
481 4682 115 36 irallici
633 4682 18 35 i
689 4691 103 36 bacse
831 4687 129 34 men

139 4724 63 35 arte
238 4723 175 38 lombarda
452 4723 115 39 faceva
599 4725 111 37 fiorirs
747 4727 8 35 i
780 4727 177 47 campanlli

121 4766 145 38 omaniel
298 4764 65 89 Fer
398 4769 157 37 invocare
589 4779 68 28 con
694 4772 30 36 le
758 4772 75 36 vocl
873 4772 86 37 delle

122 4812 148 45 tampane
309 4824 19 26 ſa
360 4814 199 45 proterlone
583 4815 58 36 del
673 4814 145 45 Signore
852 4817 106 37 lddio.

154 4856 90 45 Oggi
264 4857 18 37 il
300 4867 154 36 goderno
479 4858 137 36 fascista
637 4860 43 35 dà
695 4860 51 36 all.
756 4860 77 37 Alio
849 4861 111 46 Adige

123 4898 51 37 ina
197 4911 115 27 nuova
347 4912 106 71 —
486 4903 33 36 di.
556 4903 127 45 affetio,
715 4904 34 36 di
781 4906 177 37 interessa-

123 4943 98 38 nento
245 4957 19 25 e
289 4947 33 36 di
362 4947 116 43 liducla.
525 4948 10 35 l
561 4949 146 35 eittadin
733 4949 85 37 deſſa
843 4960 115 27 nuova

122 4987 156 40 Lovincia
321 4992 273 45 rlsponderanno
642 5003 67 27 con
756 4995 203 44 orgogllosa

122 5032 185 41 tratitudine
341 5037 30 36 al
405 5038 278 81 hrerenn
723 5039 233 45 govornatvo.

182 5089 45 27 n
251 5081 94 45 aio:
369 5083 32 43 pid
452 5092 120 28 Se.cto
593 5083 127 37 doere
744 5085 161 45 ineomb
926 5085 31 37 ii

121 5120 128 43 tadini.
272 5126 33 37 di
330 5127 80 37 alire
435 5128 173 46 provineie
632 5129 126 37 cltalla
782 5130 114 37 venuti
922 5131 33 36 in

121 5166 168 42 oneordla
313 5171 34 37 dl
371 5181 104 37 opere
499 5172 42 38 ad
569 5172 103 38 unirsi
698 5174 29 37 al
753 5174 159 39 laboriosl
938 5186 19 26 e

121 5209 80 44 obi
234 5216 138 38 abitanti
415 5217 32 37 di
483 5221 123 43 quesie
641 5220 84 36 aſſi.
780 5220 75 38 Essi
892 5220 79 39 cne

122 5255 246 44 oresentano
401 5262 30 38 la
461 5262 175 44 vecchian
672 5264 88 37 ltaſia
818 5264 139 39 evonò

105 5299 121 43 entire
249 5307 291 47 parncolarmenic
564 5318 59 27 ora
655 5313 131 42 quaino
812 5310 49 37 ia
891 5311 66 37 aſta

969 4573 118 37 kaun,
1114 4574 52 33 der
1191 4574 140 38 arbeltet,

1002 1779 31 37 la
1057 1780 73 37 loro
1155 1780 166 37 missſone
1338 1782 34 35 in
1389 1783 123 44 queste
1529 1783 84 35 terre
1629 1781 86 36 della
1732 1789 117 29 nuova

1001 1824 96 36 ltalia.
1133 1825 76 36 Essi
1235 1825 139 36 devono
1398 1836 115 26 èssare
1530 1826 113 36 fratelli
1663 1827 47 34 tra
1725 1826 126 43 fratelli,

1001 1869 138 36 devono
1164 1879 115 27 essere
1304 1869 7 38 i
1337 1870 141 43 micliori
1503 1869 48 36 tra
1576 1870 8 37 i
1608 1870 118 43 buon,
1749 1881 113 25 senta

1001 1913 183 36 debolecze
1208 1925 18 24 e
1250 1924 103 27 senza
1378 1914 66 37 òdi.
1492 1914 93 44 Ognl
1618 1916 171 44 equivoco
1819 1915 32 34 dl

1002 1967 148 36 persone
1173 1969 19 26 e
1216 1959 32 35 di
1283 1970 84 26 cose
1401 1960 86 35 devo
1522 1960 136 44 sparire.
1706 1959 44 37 La
1774 1969 78 35 pro-

1003 2003 108 36 vincla
1135 2003 33 36 di
1204 2004 149 36 Bolzano
1388 2004 18 36 è
1438 2014 116 34 pegno
1590 2004 33 35 di
1659 2004 195 42 concordia,

1003 2048 156 44 garanzia
1182 2049 52 35 dei
1260 2049 149 45 legitiimi
1435 2049 153 35 interessi
1615 2048 112 44 locali,
1747 2058 108 26 esem-

1004 2093 58 79 ſo
1099 2093 84 36 della
1219 2103 167 36 saggezza
1422 2094 146 36 fascista.
1617 2094 56 35 Ma
1698 2094 19 35 il
1746 2094 109 35 fascio

1017 2147 28 25 i
1071 2147 83 34 pure
1177 2138 29 36 la
1231 2148 108 33 scure,
1363 2149 18 24 e
1406 2140 29 33 la
1460 2148 99 25 scure
1582 2138 138 35 fascista
1750 2138 108 36 dovrà

1005 2183 134 43 tagliare
1163 2193 38 26 se
1226 2184 29 34 vi
1282 2193 91 26 sono
1399 2183 120 37 tumori
1552 2183 114 37 infetti.
1715 2184 143 34 Dovun-

989 2237 84 35 que
1098 2238 18 24 e
1140 2237 101 25 senxa
1268 2228 96 44 pietà.

1072 2272 49 35 Ed
1146 2273 169 45 oggieche
1341 2283 44 25 un
1412 2273 137 36 confine
1577 2273 280 35 amministrativo

1004 2317 97 36 vſene
1124 2328 24 26 a
1167 2318 148 35 dividere
1340 2319 29 34 la
1393 2317 146 36 Venezia
1564 2317 193 36 Tridentina
1794 2327 65 35 pur

1885 1780 176 36 lasclando
2086 1780 113 35 iniatta
2224 1780 29 35 la
2283 1789 61 26 sua
2375 1778 197 38 tisionomla
2604 1781 134 44 storiea,

1886 1825 88 38 vada
1999 1833 44 26 un
2069 1826 110 35 saluto
2205 1824 27 35 al
2259 1824 111 36 fratelli
2392 1825 32 35 di
2449 1825 126 35 Trento
2601 1824 141 37 nobiiis-

1887 1871 85 35 sima
1998 1870 62 35 che
2084 1869 197 36 custodisce
2305 1869 27 36 la
2356 1869 135 37 fiamma
2489 1865 36 52 e
2560 1870 19 35 il
2605 1869 135 37 ricordo

1886 1914 53 35 del
1975 1914 75 35 suoi
2086 1914 129 42 martiri,
2249 1924 18 24 a
2299 1916 85 32 tutto
2411 1914 18 35 il
2454 1913 163 36 Trennno
2647 1913 93 35 labo-

1886 1959 96 36 rioso
2017 1969 18 26 e
2070 1957 142 39 insieme
2246 1959 28 36 al
2311 1958 111 36 saluto
2460 1958 282 38 bassicurazione

1887 2003 64 36 che
1975 2003 44 45 gli
2031 1998 100 54 alto-
2136 2003 128 43 atesini,
2298 2013 59 34 per
2391 2004 19 34 il
2444 2003 117 36 lavoro
2595 2013 150 26 comune

1889 2048 65 36 che
1990 2048 199 36 incomberà
2224 2048 60 35 alle
2312 2048 74 35 due
2411 2048 173 44 provincle
2615 2049 130 43 sorelle,

1890 2103 147 29 saranno
2064 2093 108 45 pronti
2198 2092 42 37 ad
2265 2092 91 46 agire
2387 2093 172 36 concordi.

1936 2147 44 36 Le
2004 2151 114 32 nuove
2142 2156 103 35 opere
2258 2146 62 35 che
2344 2146 42 35 da
2405 2147 80 44 oggi
2501 2146 116 35 hanno
2639 2147 101 36 inizio

1892 2191 248 36 dedieniamole
2163 2201 67 25 con
2254 2191 86 35 forte
2365 2190 76 36 fede
2464 2192 61 35 alla
2555 2191 103 37 Patria
2684 2192 59 35 im-

1891 2237 140 36 mortale
2056 2248 18 22 e
2097 2237 29 35 al
2155 2237 95 35 Duce
2267 2235 62 37 che
2344 2236 82 45 oggi
2445 2237 17 33 à
2481 2238 81 33 tutta
2580 2237 27 35 la
2627 2236 115 37 Patria.

2453 2299 63 35 Lec
2539 2299 162 44 Negrclli.

1143 2432 111 58 Die
1297 2445 154 44 neue
1488 2432 296 70 Pflicht!.

1042 2509 255 43 Adminiſtrative
1345 2511 168 38 Kriterien,
1560 2511 157 42 inſpiriert
1765 2511 90 41 durch

1004 2552 157 73 —*
1186 2552 223 41 Erwägungen
1434 2554 64 32 und
1522 2554 88 39 durch
1634 2553 46 33 die
1705 2553 149 41 politiſche

1045 2594 111 39 ertung
1200 2593 129 41 höchſter
1352 2594 179 33 nationaler
1555 2593 174 41 Jntereſſen
1754 2595 100 40 haben

1006 2634 41 34 im
1070 2634 84 34 Duck
1179 2635 57 34 den
1261 2635 171 41 Entſchluß,
1477 2635 47 34 die
1579 2634 109 42 Proninz
1712 2636 142 41 Bolzano

1003 2684 37 66 F
1066 2674 137 43 ſchaffen,
1227 2685 57 31 zur.
1342 2675 56 41 Reife
1443 2677 149 43 gebracht.
1635 2677 60 34 Die
1720 2676 51 41 für
1797 2677 58 33 das

1033 2717 124 41 beretſch
1180 2717 170 42 getroffene
1372 2718 170 43 Maßregel
1565 2718 32 41 iſt
1619 2718 72 41 auch
1714 2718 52 41 für
1776 2718 77 42 eine

1004 2758 120 41 Anzahl
1149 2761 132 30 anderer
1306 2758 178 44 Provinzen
1510 2759 106 40 gefällt
1641 2760 141 37 worden;
1807 2760 48 32 die

1004 2798 259 42 Haupturſachen,
1282 2799 46 33 die
1347 2800 37 41 ſie
1401 2800 166 40 veraulaßt
1585 2801 111 40 haben,
1715 2801 64 41 ſind
1796 2800 58 35 mit

1016 2840 177 41 prechender
1216 2841 141 39 Klarheit
1384 2842 69 33 dem
1477 2841 168 35 Gedanken
1691 2843 63 33 und
1801 2843 53 32 der

1032 2891 67 23 orm
1121 2882 71 40 nach
1214 2882 42 33 im
1278 2882 137 38 Berichte
1437 2882 130 82 Wſe
1645 2891 49 25 an
1709 2884 56 32 den
1787 2883 65 33 Mi⸗

1002 2922 142 40 nſterrat
1165 2923 179 40 dargeſtellt.
1364 2923 69 33 Vir
1449 2925 111 32 weiſen
1578 2923 114 41 darauf
1710 2924 64 41 hin,
1793 2923 60 41 daß

1002 2965 59 73 Fi
1117 2964 141 42 Bolzano
1285 2964 70 41 auch
1383 2965 113 33 andere,
1521 2964 179 42 Provinzen
1719 2974 49 35 an
1795 2966 57 32 den

1035 3013 109 32 renzen
1171 3005 54 33 des
1252 3005 126 41 Reiches
1405 3005 170 41 aufgeſtellt
1600 3007 141 38 wurden,
1784 3006 69 41 jene

1002 3054 61 25 von
1090 3046 128 41 Gorizia
1244 3047 63 32 und
1332 3047 67 41 jene
1424 3055 62 24 von
1511 3046 105 42 Aoſta,
1662 3047 192 41 Provinzen,

1002 3087 31 33 in
1054 3087 96 34 denen
1170 3087 166 42 gleichfalls
1354 3087 66 34 eine
1441 3087 121 43 gewiſſe
1580 3088 123 42 Anzahl
1722 3088 130 34 anders⸗

1002 3127 167 42 ſprachiger
1198 3128 126 41 Bürger
1352 3128 71 34 lebt.

1042 3170 83 33 Man
1151 3169 133 35 bemerkt
1312 3171 77 40 ohne
1416 3170 126 33 weiters
1567 3171 67 33 eine
1660 3171 110 40 ruhige
1795 3170 56 34 Si⸗

1002 3211 125 39 cherheit,
1173 3212 31 32 in
1228 3210 99 41 dieſen
1352 3210 192 42 Maßregeln,
1588 3211 265 42 adminiſtrativer

1001 3252 114 37 Natur,
1140 3251 46 35 die
1209 3252 33 33 in
1266 3251 191 42 moraliſcher
1482 3252 129 42 Hinſicht
1635 3253 90 34 einen
1749 3253 103 41 politi⸗

1002 3292 78 42 ſchen
1104 3294 87 33 Wert
1214 3302 42 25 an
1280 3293 51 42 ſich
1354 3295 119 39 trahen.
1496 3293 110 35 Damit
1631 3295 122 42 beweiſi
1776 3303 76 25 man

1003 3334 128 41 nämlich
1149 3335 51 33 der
1218 3334 92 38 Welt,
1329 3334 60 38 daß
1408 3344 33 25 es
1459 3336 33 33 in
1509 3335 133 38 Jtalien,
1662 3336 52 33 der
1733 3335 119 41 großen

1002 3374 118 35 Nation
1148 3377 56 32 mit
1233 3376 53 34 der
1315 3377 330 40 wiedererwachenden
1676 3377 93 33 Secle
1798 3378 54 33 des

1002 3416 210 41 Jmperiums,
1263 3418 103 34 keinen
1397 3418 257 37 Jrredentismus
1686 3420 65 39 gibt
1780 3418 72 41 noch

1002 3460 94 37 geben
1124 3460 88 32 kann.
1259 3458 83 35 Man
1369 3459 119 41 beweiſt
1535 3459 112 41 ferner,
1694 3460 60 41 daß
1800 3461 52 33 der

1002 3499 180 41 Faſeismus
1206 3501 82 34 keine
1308 3501 149 40 Duldung
1482 3501 51 41 für
1556 3502 91 34 einen
1670 3501 181 40 intereſſter⸗

1001 3543 50 32 ten
1083 3541 290 42 Provinzialismus
1405 3544 99 36 kennt,
1533 3542 130 41 ſondern
1693 3544 46 33 die
1770 3542 81 42 Pro⸗

1001 3584 108 39 vinzen
1132 3584 26 39 je
1182 3584 72 41 naͤch
1276 3584 56 33 den
1356 3583 206 41 feſtgeſtellten
1587 3584 181 41 praktiſchen
1791 3585 60 34 Be⸗

1001 3624 166 41 dürfniſſen
1195 3626 51 32 der
1271 3625 168 42 einzelnen
1455 3624 128 36 Geblete
1607 3626 162 42 beſtimmt.

1041 3665 47 33 Ab
1111 3667 87 38 heute
1220 3665 34 40 iſt
1276 3666 152 41 Bolzano,
1450 3667 46 34 die
1518 3666 185 41 Hauptſtadt
1726 3667 126 40 unſerer

1002 3706 137 40 Gegend,
1167 3707 93 33 direkt
1288 3708 56 33 mir
1371 3708 67 33 dem
1465 3708 114 40 hehren
1607 3708 84 40 Rom
1717 3709 134 33 verbun⸗

1003 3747 66 37 den,
1108 3748 56 39 der
1187 3747 93 34 Seele
1306 3749 53 31 der
1383 3747 81 34 Welt
1489 3749 43 32 im
1556 3748 101 41 Laufe
1680 3749 53 33 der
1754 3748 99 42 Jahr⸗

1002 3788 157 36 hunderte,
1180 3789 56 32 mit
1257 3789 93 37 Rom,
1371 3789 57 32 das
1448 3788 170 34 wiederum
1639 3789 67 34 eine
1727 3791 125 32 unkver⸗

1003 3797 57 71 u
1085 3828 137 41 Sprache
1246 3838 37 31 zu
1310 3828 136 41 fprechen
1471 3829 138 41 beginnt,
1633 3830 53 33 der
1699 3831 46 33 die
1771 3830 82 33 Welt

1001 3870 61 33 voll
1079 3870 148 34 Stgunen
1245 3870 119 40 lauſcht.
1383 3870 58 35 Die
1458 3871 99 40 hohen
1574 3872 64 33 und
1656 3871 67 42 doch
1742 3871 29 41 ſo
1789 3871 62 34 ein⸗

1002 3910 99 41 fachen
1122 3911 106 34 Worte
1249 3913 52 32 des
1320 3911 85 34 Duce
1426 3912 165 40 verleihen,
1612 3913 58 34 wie
1689 3914 56 33 mit
1766 3913 86 34 einer

1001 3952 159 40 religiöſen
1188 3952 137 40 Formel,
1351 3953 110 40 dieſem
1486 3954 149 40 Ereignis
1662 3953 47 35 die
1734 3953 117 43 Weihe.

1000 3994 74 33 Drel
1099 3993 150 40 Begrihfe,
1274 3996 91 36 nackt,
1392 3995 52 40 feſt
1471 3995 63 34 und
1560 3995 143 41 mächtig:
1732 3995 120 38 Arbeit,

1000 4035 166 40 Disziplin,
1225 4035 90 34 Glaube
1338 4053 41 7 —
1403 4037 180 33 verbunden
1609 4036 89 40 durch
1725 4036 51 35 ein
1802 4045 49 33 ge⸗

1000 4076 186 41 meinſames
1212 4075 152 40 Adjektiv:
1393 4072 150 89 ſoſftuſz

1040 4116 44 34 Ab
1098 4117 99 39 heute
1225 4118 100 39 geſellt
1349 4117 52 41 ſich
1439 4118 38 32 für
1500 4117 46 34 die
1568 4117 193 43 Oberetſcher
1784 4119 67 39 eine

1000 4165 76 27 neue
1084 4153 125 53 Pflicht
1230 4168 38 32 zu
1290 4158 57 34 den
1369 4159 190 39 bisherigen,
1579 4168 71 32 zum
1671 4160 107 35 Danke
1799 4159 52 43 fuͤr

1000 4199 46 34 die
1076 4195 202 52 Gewährung
1296 4201 66 33 der
1391 4200 259 43 Selbſtändigkeit
1691 4202 49 33 als
1769 4202 81 40 Pro⸗

999 4241 82 41 vinzt
1109 4240 89 44 „Sich
1226 4241 111 36 immer
1363 4242 159 43 würdiger
1548 4243 53 35 des
1628 4243 222 39 Vaterlandes,

1000 4282 95 42 deſſen
1120 4283 125 42 Burger
1270 4283 36 41 ſie
1330 4284 73 42 ſind,
1425 4292 38 33 zu
1488 4283 175 44 erwelſen.“
1687 4285 49 36 Ab
1761 4286 89 41 heute

1000 4324 32 42 iſt
1056 4324 57 35 das
1134 4325 155 46 Oberetſch
1313 4335 41 26 an
1378 4326 47 35 die
1446 4326 121 36 Nation
1591 4326 88 42 durch
1704 4328 50 35 ein
1778 4326 72 42 noch

998 4361 121 83 fflkerzz
1146 4366 93 36 Vand
1262 4367 161 41 gebunden
1448 4367 63 36 und
1537 4367 102 37 indem
1662 4377 34 26 es
1719 4369 53 34 der
1785 4369 65 34 Na-

1012 4408 52 35 lon
1084 4408 46 34 die
1151 4407 128 43 Frülchte
1299 4409 53 34 der
1373 4410 128 41 eigenen
1524 4409 108 35 Arbeit
1654 4410 196 39 anvertraut,

998 4451 145 34 erwartet
1165 4458 34 26 es
1222 4450 51 41 ſich
1296 4459 61 26 von
1380 4451 51 34 der
1455 4451 187 45 wachſamen
1666 4451 182 42 Regierung

998 4491 55 34 das
1104 4486 231 84 eehent
1350 4487 176 50 Jntereſfe.
1568 4492 50 83 ſe
1686 4492 164 42 Fntereſſe,

997 4532 55 42 auf
1099 4533 58 32 das
1214 4540 43 27 der
1284 4532 201 41 berechtigten
1514 4532 157 42 Anfpruch
1717 4534 131 41 erheben

1377 4574 47 34 die
1448 4572 122 43 Lippen
1596 4575 44 34 im
1665 4575 183 41 Schweigen

996 4613 183 42 ſelchloſſen,
1209 4616 57 33 mit
1296 4614 102 43 feſtem
1428 4614 130 42 Herzen,
1587 4616 57 34 mit
1675 4615 173 43 unerſchut.

996 4655 150 38 terſſchein
1175 4655 146 37 Glauben
1349 4657 64 34 und
1428 4651 70 53 init
1526 4656 120 43 loyaler
1673 4656 94 36 Liebe
1796 4656 53 43 fur

996 4695 56 35 das
1081 4694 184 36 Vaterland.

1033 4736 60 36 Die
1113 4745 77 26 neue
1244 4737 79 41 Pflicht
1344 4737 130 40 erſtreckt
1494 4738 52 41 ſich
1565 4737 56 43 auf
1640 4738 59 35 alle
1720 4738 129 42 Burger

996 4777 52 35 der
1076 4786 100 27 neuen
1236 4786 158 34 Provinzen,
1420 4779 125 41 welcher
1572 4779 112 43 Zunge
1709 4780 38 41 ſie
1774 4779 73 43 auͤch

997 4819 111 45 immer
1114 4819 78 82 J
1218 4820 121 40 mögen,
1365 4819 114 42 ſowohl
1503 4821 43 35 un
1570 4820 79 36 Tale
1673 4821 54 34 der
1748 4822 101 37 Dora,

996 4861 49 32 als
1069 4869 42 25 auch
1165 4860 33 35 in
1223 4861 69 34 dem
1316 4862 55 34 des
1453 4860 56 76 o
1534 4862 64 35 und
1632 4862 33 34 in
1698 4863 69 34 dem
1793 4862 55 34 des

996 4900 104 42 Ciſack.
1153 4901 112 42 Pflicht
1294 4904 107 72 Fieſ
1437 4911 34 25 er
1520 4903 68 34 dem
1639 4902 208 43 beſcheidenen

996 4941 184 42 Vaterland,
1206 4943 70 36 dem
1321 4944 27 33 die
1374 4942 167 46 faſeiſtiſche
1550 4940 181 84 ſeegg
1781 4945 68 35 eine

1073 4983 85 81 ene
1184 4984 246 42 adminiſtrative
1454 4984 225 43 Organiſatlon
1703 4986 144 41 verleiht;

1029 5024 77 41 flicht
1155 5025 176 41 gegeniber
1359 5025 68 36 dem
1456 5027 176 37 erhabenen
1662 5026 186 39 Vaterland,

995 5067 67 33 dem
1086 5065 51 44 ſich
1162 5068 32 34 in
1217 5067 186 42 natürlicher
1426 5067 103 42 Kraft,
1554 5069 59 34 wie
1637 5071 53 32 der
1714 5068 135 36 Wandel

994 5108 54 76 7
1087 5103 113 91 rome
1232 5108 48 35 die
1303 5110 119 42 Herzen
1445 5110 53 35 der
1522 5109 131 37 Ströme
1675 5112 175 41 zuwenden

994 5157 31 31 m
1073 5154 47 39 en.

1085 5145 218 93 dberriſcer
1331 5193 115 34 kennen
1472 5192 48 35 die
1541 5193 96 41 Wege
1660 5193 53 35 der
1736 5192 112 42 Pflicht

997 5233 63 35 und
1078 5234 51 33 der
1147 5233 119 34 Arbeit.
1284 5233 122 36 Jtalien
1423 5234 53 40 hat
1495 5234 93 42 ihnen
1605 5235 51 35 ein
1673 5234 176 36 Vaterland

996 5275 262 41 wiedergegeben,
1280 5275 64 40 ihre
1366 5276 61 33 alte
1450 5275 135 40 Heimat,
1588 5272 107 87 Jle
1715 5276 136 39 Jtalien,

996 5315 60 39 das
1080 5316 95 45 ihnen
1196 5316 60 38 mit
1279 5315 71 37 dem
1374 5316 189 44 imperialen
1618 5326 52 27 Rom
1693 5317 60 38 bas
1775 5317 78 44 erſte

1867 2421 230 34 Kulturleben
2121 2421 144 41 gegeben,
2288 2421 92 41 ihnen
2405 2422 47 32 die
2476 2421 97 42 erſten
2596 2419 144 42 Straßen

1892 2463 151 41 aufgetan
2069 2463 62 34 und
2159 2463 91 41 ihnen
2276 2464 56 33 den
2358 2462 76 34 Kult
2458 2463 52 32 der
2534 2462 121 40 Scholle
2679 2462 62 33 bei⸗

1935 2504 110 74 J
2073 2504 85 40 jenes
2186 2505 132 36 Jtalien,
2347 2505 58 32 das
2432 2504 56 33 mit
2514 2503 140 42 Venedig
2682 2504 58 32 das

1919 2547 62 32 and
2002 2547 55 31 mit
2078 2546 250 40 Verkehrsadern
2347 2546 156 40 durchzog,
2525 2546 148 39 während
2694 2545 47 33 die

1890 2587 215 41 lombardiſche
2118 2587 96 41 Kunſt
2240 2586 184 41 romaniſche
2450 2586 231 34 Glockentürme
2695 2595 45 25 er⸗

1891 2628 99 41 ſtehen
2015 2628 72 40 ließ,
2132 2637 53 24 um
2209 2629 56 32 mit
2290 2629 51 32 der
2365 2628 131 40 ehernen
2523 2628 139 33 Stimme
2688 2628 53 33 der

1892 2669 126 33 Glocken
2045 2671 52 31 des
2123 2669 153 40 Himmels
2301 2669 107 40 Segen
2434 2669 245 43 herabzuflehen.

1932 2711 97 40 Heute
2054 2710 124 41 beſchert
2203 2711 46 32 die
2274 2710 166 42 faſciſtiſche
2465 2710 181 41 Regierurig
2673 2711 68 32 dem

1891 2751 107 34 Lande
2026 2751 152 42 Oberetſch
2225 2753 87 32 einen
2360 2761 99 24 neuen
2484 2752 128 33 Beweis
2658 2752 83 40 ihrer

1890 2793 104 37 Liebe,
2022 2794 84 40 ihres
2133 2793 170 41 Jntereſſes
2330 2794 64 32 und
2421 2794 83 43 ihres
2530 2793 209 34 Vertrauens.

1889 2835 60 33 Die
1976 2835 125 40 Bürger
2120 2835 57 32 der
2202 2843 99 25 neuͤen
2327 2834 140 41 Provinz
2512 2835 125 33 werden
2683 2834 57 33 mit

1890 2877 189 32 dankbarem
2100 2876 107 41 Stolze
2230 2876 53 41 auf
2306 2876 46 33 die
2375 2874 366 42 Reglerungsmaßregel

1890 2919 186 31 antworten.

1931 2959 77 32 Eine
2030 2958 122 37 andere,
2173 2958 72 40 noch
2265 2958 130 39 ernſtere
2414 2957 112 42 Pflicht
2547 2957 114 41 obliegt
2680 2958 58 32 den

1889 2999 150 40 Bürgern
2065 3000 53 32 der
2143 3000 134 32 anderen
2305 2999 189 40 Provinzen,
2540 2999 47 33 die
2610 3008 39 32 zu
2674 2999 64 33 ein⸗

1889 3040 178 40 trächtigem
2097 3039 146 41 Schaffen
2273 3041 177 39 gekommen
2478 3040 76 41 ſind,
2603 3049 55 25 uͤm
2686 3040 52 40 ſich

1888 3081 58 33 mit
1965 3083 55 31 den
2040 3081 204 40 arbeitſamen
2263 3082 142 33 biederen
2424 3081 199 40 Bewohnern
2643 3081 96 41 dieſer

1888 3122 97 34 Täler
2011 3132 38 31 zu
2074 3123 187 39 vereinigen.
2307 3123 69 38 Sie,
2403 3122 45 33 die
2475 3122 161 33 Vertreter
2683 3123 55 32 des

1890 3163 122 37 „alten“
2039 3164 121 35 Jtalien
2208 3163 115 40 müſſen
2373 3164 62 40 jetzt
2460 3163 33 34 in,
2541 3163 196 41 beſonderem

1889 3204 100 40 Maße
2012 3204 120 41 fühlen,
2149 3205 59 32 wie
2230 3205 133 40 erhaben
2386 3205 63 40 ihre
2471 3204 131 40 Miſſion
2622 3205 33 33 in
2677 3205 60 33 die⸗

1889 3246 48 39 ſen
1959 3246 147 34 Gebleten
2127 3246 52 33 des
2199 3255 98 25 neuen
2316 3247 142 35 Jtaliens
2479 3247 43 40 iſt.
2542 3245 58 35 Sie
2620 3245 116 40 müſſen

1889 3287 125 33 Brüder,
2044 3289 90 32 unter
2161 3288 157 37 Brüdern,
2346 3287 47 34 die
2421 3288 110 41 Beſten
2559 3283 92 53 unter
2662 3283 71 53 den

1889 3328 108 34 Guten
2021 3328 70 40 ſein,
2115 3330 77 38 ohne
2217 3328 193 41 Schwächen,
2435 3330 76 38 ohne
2536 3328 79 41 Haß.
2640 3329 98 36 Jedes

1888 3369 272 42 Mißverſtändnis
2183 3370 139 41 zwiſchen
2348 3370 158 40 Perſonen
2529 3371 64 33 und
2615 3370 121 40 Sachen

1888 3411 77 39 muß
1985 3412 228 39 verſchwinden.
2235 3411 56 33 Die
2311 3412 140 40 Provinz
2471 3412 141 40 Bolzano
2634 3412 33 40 iſt
2687 3412 49 33 ein

1888 3452 196 41 Unterpfand
2128 3453 52 33 der
2205 3453 165 40 Eintracht,
2414 3453 65 33 eine
2505 3452 155 34 Garantie
2687 3452 51 41 für

1888 3494 46 33 die
1980 3495 155 38 legitimen
2160 3496 117 32 lokalen
2301 3494 184 41 Jntereſſen,
2528 3495 50 33 ein
2601 3494 135 40 Beiſpiel

1887 3535 186 41 faſeiſtiſcher
2096 3535 157 41 Weisheit.
2294 3535 80 42 Doch
2417 3537 50 32 der
2488 3535 108 41 Faſcio
2615 3551 42 10 —
2679 3537 57 33 das

1886 3576 259 35 Liktorenbündel
2180 3594 42 7 —
2248 3577 117 40 enthält
2393 3577 71 41 auch
2489 3578 58 32 das
2574 3577 71 34 Beil
2673 3578 63 33 und

1887 3618 58 33 das
1973 3618 164 41 faſciſtiſche
2162 3619 72 33 Beil,
2279 3620 78 32 wird
2386 3620 66 32 dort
2498 3627 37 32 zu
2584 3618 151 41 ſchneiden

1888 3660 109 39 haben,
2017 3669 48 24 wo
2086 3660 81 41 faule
2178 3656 184 49 Geſchwüre
2373 3656 64 49 ſich
2456 3660 116 41 zeigen.
2593 3660 144 34 Ueberall

1887 3702 64 31 und
1975 3701 195 33 mitleidslos.

1927 3742 69 32 Und
2017 3743 98 38 heute,
2136 3743 37 32 da
2196 3742 65 33 eine
2283 3742 245 38 adminiſtrative
2548 3742 121 39 Grenze
2689 3742 48 33 die

1887 3782 136 40 Venezia
2046 3782 185 34 Tridenting
2254 3783 30 33 in
2306 3783 76 39 zwe!
2404 3782 85 33 Telle
2511 3783 66 33 teilt
2598 3784 63 31 und
2684 3783 51 32 da⸗

1887 3823 47 34 bei
1957 3823 139 40 trotzdem
2120 3823 45 33 die
2188 3822 162 41 hiſtoriſche
2373 3822 241 42 Phyſiognomie
2637 3832 99 24 unan⸗

1887 3863 128 40 getaſtet
2035 3863 75 39 läßt,
2134 3863 56 34 eile
2215 3864 89 40 unſer
2329 3863 92 39 Gruß
2445 3873 37 31 zu
2507 3864 57 33 den
2587 3864 149 34 Brüdern

1887 3907 53 31 der
1969 3905 83 34 edlen
2084 3905 95 34 Stadt
2207 3905 126 37 Trento,
2385 3905 104 41 welche
2540 3906 57 33 das
2626 3905 110 41 heilige

1887 3945 102 39 Feuer
2035 3947 63 33 und
2143 3948 58 33 das
2228 3946 166 35 Andenken
2441 3946 83 42 ihrer
2569 3946 166 40 Märtyrer

1886 3988 96 39 hütet,
2010 3988 55 33 eile
2094 3988 50 34 ins
2172 3996 96 33 ganze
2295 3987 261 42 arbeitsfreudige
2581 3988 154 34 Trentino

1887 4030 63 33 und
1979 4029 179 41 gleichzeitig
2188 4030 56 33 mil
2273 4030 69 38 dem
2373 4029 108 39 Gruße
2512 4029 47 34 die
2587 4029 148 40 Verſiche⸗

1887 4078 92 31 rung,
2006 4070 59 40 daß
2092 4071 44 32 die
2163 4070 190 40 Oberetſcher
2381 4070 95 34 bereit
2503 4070 72 39 ſind,
2603 4071 30 33 in
2660 4071 75 32 Ein⸗

1887 4112 93 32 tracht
2007 4120 37 31 zu
2072 4112 132 38 handeln
2233 4111 49 41 für
2310 4111 46 34 die
2384 4107 113 82 ſein
2615 4110 121 39 Arbeit,

1886 4152 46 33 die
1974 4161 35 24 den
2030 4152 106 35 beiden
2155 4152 312 41 Nachbarprovinzen
2486 4152 140 34 obliegen
2646 4152 88 34 wird.

1923 4193 61 35 Die
2007 4202 99 26 neuen
2130 4194 158 37 Arbelten,
2314 4195 47 32 die
2385 4194 37 33 ab
2445 4193 88 40 heute
2558 4194 87 34 ihren
2669 4192 65 36 An⸗

1886 4234 74 42 fang
1983 4235 139 42 nehmen,
2144 4235 36 41 ſie
2202 4236 108 34 wollen
2332 4236 60 33 wir
2412 4235 55 35 mit
2487 4236 127 41 ſtartem
2634 4234 99 36 Glau⸗

1885 4278 58 33 ben
1968 4276 66 35 dem
2059 4276 214 42 unſterblichen
2299 4277 190 44 Vaterlande
2513 4277 133 36 widmen
2671 4277 64 35 und

1885 4320 69 33 dem
1975 4318 93 40 Duce,
2089 4320 51 34 der
2164 4320 88 41 heute
2275 4319 57 35 das
2354 4328 94 33 ganze
2470 4319 174 35 Vaterland
2668 4328 65 26 ver⸗

1886 4355 130 51 körpert.
2366 4359 81 37 Leo
2472 4360 221 42 Negreltl.

2202 4413 69 8 —
2270 4402 82 28 —
2363 4402 57 28 —

1966 4455 281 56 Verſetzung
2281 4456 88 44 der
2397 4456 271 55 Prüfekten

1931 4516 127 48 Anjolde
2079 4517 52 35 der
2156 4516 205 51 Jweltellunſ,
2383 4519 52 33 der.
2457 4519 140 41 Propinz,
2620 4520 119 33 Trenlo

1887 4557 122 41 verlüßt
2051 4560 53 35 der
2122 4557 152 44 bisherige
2290 4558 129 43 Prajeti
2438 4559 54 36 der
2510 4559 150 43 Prodinz.
2678 4561 61 34 Gr.

1887 4600 63 41 Uff.
1971 4600 153 42 Gluſeype
2143 4600 216 40 Guadaguini,
2400 4602 53 35 der
2477 4604 29 40 ſo
2527 4602 89 42 lange
2639 4604 99 38 Jahre

1888 4645 57 33 mit,
1963 4643 106 42 weiſer
2085 4642 125 41 umſicht
2227 4643 62 41 ſein
2306 4643 191 49 ſchwieriges
2513 4645 74 35 Ami
2606 4645 132 34 verwal⸗

1887 4684 42 34 tet
1952 4683 63 42 hat,
2037 4684 128 40 Trento,
2186 4695 54 25 um
2264 4687 32 33 in
2315 4686 55 33 der
2391 4685 131 41 gleichen
2548 4685 189 42 Elgenſchajt

1883 4727 34 34 in.
1966 4727 79 41 jelne
2073 4728 176 42 Baterſiadt.
2276 4727 148 42 Bologna
2535 4727 53 76 nr

1886 4765 89 43 Dieſe
1999 4766 193 44 Verſetzung,
2236 4767 47 36 die
2329 4768 100 36 eiñem
2483 4777 65 35 lang
2588 4770 149 41 gehegten

1886 4808 144 41 Wunſche
2052 4808 56 37 des
2162 4810 134 42 Prüfekien
2320 4809 166 43 eniſprichi,
2510 4812 138 35 bedeütel
2670 4813 68 34 eine

1886 4850 230 48 Anerkennung
2148 4853 85 35 ſeiner
2259 4853 97 42 hohen
2379 4853 188 42 Verdlenſie,
2611 4853 48 36 die
2703 4862 34 27 er

1889 4893 53 43 ſich
1962 4895 43 34 im
2029 4895 95 34 Lauſe
2143 4895 55 35 der
2218 4895 64 35 vler
2305 4895 99 42 Jahre
2424 4894 55 43 auf
2500 4894 103 43 ſeinen
2624 4896 115 44 Poſien

1888 4935 161 36 erworben
2070 4935 60 42 hat.

1926 4978 60 35 Die
2010 4978 136 41 Provinz.
2187 4979 141 43 Bolzano
2352 4978 100 41 erhült
2495 4980 52 36 als
2570 4980 168 42 Präfetten

1886 5022 59 34 Dr.
1961 5020 148 36 Umberio
2120 5022 96 40 Aleci,
2232 5021 51 35 der
2298 5021 116 36 berelis
2428 5022 129 41 Bräfett
2574 5032 62 25 von
2652 5024 86 39 Zara

1888 5065 62 32 und
1969 5062 97 37 Udine
2082 5073 68 27 war
2168 5064 61 35 und
2245 5065 214 41 gegenwärtig
2475 5074 55 33 zur
2546 5064 191 43 Dispoſilion

1886 5104 114 40 ſeſtellt
2026 5114 78 28 war.
2134 5105 176 43 Angeſſchis
2339 5106 99 43 ſeiner
2467 5107 270 42 vorhergehenden

1889 5148 188 39 Stellungen
2096 5150 64 35 und
2182 5150 55 34 des
2256 5149 112 40 Rufes,
2410 5151 52 34 der
2485 5151 65 41 ihm
2589 5151 51 34 als
2661 5149 75 44 poli-

1886 5189 100 41 liſcher
2005 5190 147 36 Beamier
2174 5190 199 43 norausgehi.
2412 5192 79 36 wird
2514 5200 34 28 er
2570 5193 86 41 ſicher
2679 5195 59 33 das

1887 5232 101 42 gewitz
2011 5234 75 40 nicht
2110 5233 101 41 leichte
2234 5235 73 35 Amf
2331 5241 53 36 zur
2408 5234 243 36 vollkommenen
2675 5237 61 39 Zu⸗

1884 5276 180 41 friegenheli
2087 5277 53 35 det
2164 5277 282 41 Regierungschels
2470 5278 65 33 und
2559 5278 42 34 im
2627 5278 107 35 Jnſer⸗

1913 5317 57 44 elſe
1991 5318 53 36 der
2065 5327 103 32 ueuen
2187 5319 141 45 Provinz
2342 5318 207 45 uuszufullen
2568 5319 118 44 wiſlen.

2953 1777 516 74 Ministerrat

2826 1881 34 40 ſt.
2884 1881 93 40 Rom,
3001 1881 27 34 6.
3050 1900 41 8 —
3109 1884 102 37 Houte
3228 1885 191 39 vormilllags
3439 1894 56 25 um
3517 1884 37 33 10
3570 1885 66 41 Uhr

2788 1924 65 31 trat
2873 1925 43 33 im
2934 1924 137 42 Palagho
3089 1924 161 35 Viminale
3289 1926 55 34 der
3363 1927 200 39 Miniſterrat
3578 1927 95 33 unn
3736 1910 61 29 *

2786 1968 48 32 ter
2853 1968 66 32 dem
2937 1968 129 41 Vorſtße
3084 1969 54 33 des
3153 1968 279 42 Regienungschefs
3453 1969 183 41 Muſammen.

2785 2008 48 36 Jn
2845 2008 197 39 Gegenwarr
3056 2009 168 42 ſaͤmllicher
3243 2011 145 41 Minlſter
3404 2012 141 40 berichtet
3566 2012 69 39 Exc.

2784 2049 167 41 Muſſolini
2970 2049 79 35 über
3067 2050 48 35 die
3138 2051 104 34 innere
3259 2052 98 42 Lage:
3394 2053 83 38 Nach
3496 2055 65 33 dem
3579 2053 56 33 At⸗

2789 2094 97 32 tentar
2904 2101 74 26 vom
2996 2093 47 34 B1.
3064 2093 130 35 Oklober
3215 2093 91 42 brach
3326 2095 44 34 die
3390 2097 166 41 Erregung
3572 2097 63 33 und

2789 2135 46 33 die
2853 2134 208 44 Erbiſterung
3067 2130 66 53 der
3136 2135 225 44 faſciſtiſchen
3380 2137 130 42 Maſſen
3525 2138 110 41 unauf⸗

2787 2176 132 41 haltfam
2940 2179 97 39 durch.
3077 2179 167 40 Natilrlich,
3264 2180 57 33 wie
3340 2189 35 25 es
3395 2182 109 32 immer
3526 2182 31 33 in
3579 2183 55 30 den

2786 2219 221 38 Augenblicken
3050 2220 130 42 höchſter
3224 2222 166 39 Erregung
3426 2224 56 32 der
3525 2221 112 35 Bevöl—

2787 2261 117 41 terung
2937 2261 79 41 geht,
3045 2262 30 41 ſo
3108 2272 108 24 waren
3241 2264 77 40 auch
3346 2264 133 34 diesmal
3507 2275 46 24 an
3579 2266 57 42 der

2786 2304 89 33 Seite
2897 2307 54 31 der
2970 2305 202 41 aufrichtigen
3195 2306 157 41 Erboſten,
3372 2307 157 34 Glemente
3547 2307 90 40 zwei⸗

2784 2345 148 41 fellhaften
2956 2346 187 41 Urſpmmgs,
3185 2347 164 41 zahlreiche
3372 2358 62 25 von
3454 2350 52 34 der
3526 2349 111 39 Partei

2784 2388 223 41 ousgeſtoßene
3033 2390 233 40 Provokateure
3290 2393 64 32 und
3373 2391 101 40 ſolche,
3521 2392 46 33 die
3595 2392 41 34 im

2787 2432 126 32 Trüben
2927 2430 107 43 fiſchen
3049 2433 138 34 wollten.
3206 2433 63 40 Auf
3288 2432 68 42 jene
3368 2433 72 40 fällt
3458 2434 45 33 die
3518 2433 118 42 Schuld

2787 2474 53 32 der
2883 2472 150 41 ſchweren
3060 2472 229 43 Zwiſchenfälle
3333 2477 53 32 des
3431 2475 94 40 erſten
3571 2478 63 32 und

2788 2515 118 35 rierten
2925 2515 204 35 Novembers.
3142 2516 165 41 Während
3325 2517 57 34 des
3399 2518 159 43 Monates
3573 2519 62 32 No-

2785 2559 124 33 vember
2927 2560 80 39 habe
3050 2559 40 39 ich
3112 2569 42 24 an
3172 2560 56 32 der
3246 2560 94 39 Hand
3357 2559 193 42 ſchriftlichen
3573 2562 61 32 und

2787 2600 190 38 mündlichen
2999 2601 175 35 Marerials
3194 2602 164 41 perfömlich
3380 2601 148 42 ſämtliche
3551 2602 122 42 Zwis⸗

2788 2642 152 41 ſchenlällle
2957 2642 134 42 geprilſt.
3110 2645 48 36 Jn
3178 2644 84 40 mehr
3278 2644 54 34 als
3349 2646 39 32 60
3406 2645 177 40 Provinzen
3603 2645 33 40 iſt

2784 2685 97 39 nichis
2904 2684 180 42 beſonderes
3104 2686 203 42 vorgefallen.
3350 2687 51 36 Jn
3416 2687 62 34 den
3501 2685 133 40 übrigen

2787 2726 178 40 Urovinzen
2992 2730 65 32 kam
3081 2736 32 24 es
3138 2730 37 32 da
3194 2730 66 32 umd
3280 2730 69 32 dort
3367 2739 40 30 zu
3424 2729 212 34 Gewelttaten

2786 2777 95 33 gegen
2898 2769 157 41 Perſonen
3070 2772 65 32 und
3150 2770 129 40 Sachen.
3293 2772 60 38 Jch
3367 2771 192 41 wiederhale,
3572 2773 63 39 daß

2788 2814 32 32 in
2834 2812 101 33 vielen
2956 2812 111 40 Fällen
3087 2813 45 34 die
3155 2813 161 41 Datfachen
3333 2813 51 34 bei
3402 2814 122 34 weitem
3548 2812 86 35 über.

2784 2854 120 32 trieben
2922 2855 137 32 wurden.
3082 2854 231 42 Paplerkigeln
3327 2856 132 33 wurden
3477 2864 25 33 .
3524 2856 39 34 B.
3586 2854 49 41 für

2786 2894 143 34 Bomben
2957 2896 152 39 gehalten.
3157 2896 111 41 Einige
3297 2896 244 41 Verwiüſlungen
3573 2898 60 40 ſind

2783 2936 166 43 lalſächlich
2975 2939 245 40 vorgekommen.
3266 2939 58 41 Jch
3347 2938 186 40 wiederhole
3558 2940 76 32 aber

2785 2987 76 25 neue
2866 2980 119 39 roings,
3024 2981 57 39 daß
3103 2981 162 39 zahlreiche
3281 2980 224 40 Gewalttaten,
3523 2983 64 32 wie
3602 2990 34 25 es

2786 3022 47 32 bei
2858 3021 79 33 cllen
2962 3021 322 36 unfonirollierbaren
3308 3022 152 34 Aktionen
3485 3023 169 43 geſclüeht,

2788 3063 52 40 guf
2883 3064 45 32 die
2949 3063 166 41 Rechnung
3155 3065 158 39 gemeiner
3336 3065 185 40 Verbrecher
3564 3066 71 32 oder

2785 3105 139 40 privater
2944 3105 196 42 Rachgelüſte
3162 3116 35 31 zu
3216 3105 91 42 ſetzen
3327 3107 73 40 ſind.
3421 3104 61 36 Ge
3497 3107 137 35 Demon⸗

2783 3147 170 40 ſtratonen
3000 3156 91 32 gegen
3132 3147 50 35 die
3205 3147 229 42 auslündiſchen
3458 3148 177 40 Konſulate,

2786 3190 50 33 ein
2855 3190 126 41 außerſt
2999 3189 148 41 ſchlechter
3171 3191 124 38 Brauch
3336 3192 53 32 des
3414 3190 115 35 kleinen
3549 3192 84 32 alten

2783 3231 133 38 Zlglien,
2942 3233 56 33 den
3020 3233 40 40 ich
3080 3233 61 32 mit
3161 3233 81 32 allen
3269 3232 127 35 Milleln
3418 3233 215 34 unterdricken

2782 3275 114 39 werde,
2942 3282 109 28 waren
3071 3274 109 47 dumm
3202 3276 65 33 und
3289 3275 66 40 ſind,
3400 3276 233 33 verdammens⸗

2786 3319 85 31 wert.
2919 3315 88 38 Nicht
3059 3323 136 32 weniger
3249 3316 387 43 verabſcheuungswürdig

2787 3367 106 26 waren
2909 3359 49 33 die
2975 3359 217 34 Gewalttaten
3211 3367 97 33 gegen
3320 3359 62 33 Gen
3383 3354 100 50 äude?
3500 3360 48 33 die
3568 3361 65 32 dem

2782 3403 107 39 kathol.
2904 3402 117 35 Kultus,
3049 3403 121 33 dienen-
3184 3405 45 30 od.
3243 3411 96 32 gegen
3354 3403 107 40 kathol.
3486 3402 164 42 Prieſter.“

2784 3442 107 39 Dieſen
2916 3441 175 42 gegenüber
3133 3444 53 41 hat
3207 3444 55 33 der
3287 3442 178 41 Faſelsmus
3503 3445 35 33 in
3582 3446 51 31 der

2784 3485 253 40 Vergangenheil
3055 3487 62 32 und
3133 3486 81 34 wurd
3232 3496 33 24 es
3280 3486 78 39 auch
3373 3486 37 33 in
3428 3488 54 32 der
3497 3485 137 42 Zukunft

2784 3528 65 35 tun,
2876 3527 110 33 immer
3011 3529 57 33 den
3083 3526 133 41 größten
3240 3526 127 41 Reſpekt
3383 3529 137 39 bezeugk.
3565 3527 69 34 Aus

2780 3570 56 33 der
2855 3569 149 42 Prüſung
3024 3571 50 32 der
3095 3570 154 41 elnzelnen
3268 3570 98 39 Faͤlle,
3387 3571 45 34 die
3448 3571 45 40 ich
3511 3572 121 40 perlön⸗

2784 3612 50 41 lich
2860 3614 61 32 und
2949 3613 56 33 mit
3046 3613 125 40 größter
3189 3612 208 42 Genauigkelt
3422 3613 211 40 durchgeführt

2784 3655 85 38 habe,
2893 3656 77 39 geht
2983 3654 119 41 hervor,
3121 3656 65 40 daß
3208 3655 45 34 die
3275 3653 212 43 Repreſſalien
3528 3657 31 33 in
3577 3656 55 33 der

2784 3696 94 40 Nacht
2900 3707 70 24 vom
2992 3698 26 32 1.
3042 3697 50 40 euf
3113 3699 58 33 den
3191 3696 27 34 2.
3240 3697 175 34 November
3451 3698 49 33 die
3520 3696 113 41 größte

2783 3738 169 41 Jntenſibät
2997 3739 171 37 erreichten.
3211 3737 83 34 Vom
3317 3739 27 31 5.
3368 3738 174 34 Nobember
3585 3739 48 31 bis

2784 3781 86 38 heute
2887 3782 109 32 wurde
3012 3781 59 33 mir
3111 3781 64 33 kein
3191 3780 148 41 größerer
3356 3779 211 47 Zwüſchenſall
3585 3790 48 31 ge⸗

2781 3822 120 33 meldet.
2946 3821 56 33 Die
3028 3821 117 34 Natton
3170 3823 33 39 iſt
3224 3821 205 35 vollkommen
3454 3823 92 41 ruhig
3569 3825 64 31 und

2785 3864 128 33 arbeitet
2937 3864 55 33 mit
3017 3865 178 40 gewohnter
3221 3864 164 41 Disziplin.

2823 3915 56 35 Die
2900 3916 208 43 Anwendung,
3135 3919 52 33 der
3211 3918 114 41 Geſetze
3346 3928 69 31 zum
3441 3919 123 41 Schutze
3582 3920 51 33 des

2783 3958 134 34 Staates
2939 3960 50 39 hat
3013 3960 198 40 nickt'Anlaß
3233 3971 35 31 zu
3291 3961 239 39 ſrgendwelchen
3549 3961 83 40 Zwi⸗

2781 4002 175 41 ſchenfällen
2983 4004 144 39 gegeben.
3173 4004 57 36 Jm
3254 4004 164 40 Gegenteil
3461 4006 106 32 wurde
3595 4003 35 40 ſie

2782 4043 58 34 mit
2883 4042 116 40 großer
3028 4044 223 42 Befriedigung
3296 4054 72 26 vom
3394 4054 119 33 ganzen
3541 4046 91 33 Volke

2780 4084 254 41 aufaemommen.

2820 4135 59 33 Die
2904 4135 113 34 berelts
3045 4135 255 41 veröffentlichten
3328 4137 100 33 Daten
3472 4137 160 40 beweiſen,

2783 4177 60 39 daß
2890 4178 46 34 die
2965 4177 161 42 faſelſtiiche
3154 4179 178 43 Regierung
3376 4188 63 26 mur
3464 4188 95 31 gegen
3587 4181 44 32 die

2782 4217 191 42 Schuldigen
2994 4220 136 40 vorgeht,
3174 4229 95 33 gegen
3296 4223 45 32 die
3363 4222 198 40 unverſöhnli
3577 4225 54 32 hen

2783 4260 125 41 Feinde,
2952 4265 118 37 wenige
3094 4263 157 41 Hunderte
3274 4264 41 35 im
3343 4272 115 33 ganzen
3486 4268 62 31 und
3574 4265 59 39 daß

2783 4304 46 35 die
2854 4307 91 39 guten.
2972 4305 133 41 Bürger,
3129 4307 71 41 auch
3225 4314 89 28 wenn
3337 4308 35 41 ſie
3397 4309 76 38 nicht
3494 4307 138 40 Muglie.

2783 4346 52 35 der
2854 4347 55 33 der
2931 4347 109 40 Partei
3065 4347 70 41 ſind,
3178 4348 93 39 nlchis
3292 4357 35 33 zu
3367 4347 129 42 flrchten
3524 4349 108 40 haben.

2781 4390 48 37 Jn
2848 4392 50 32 der
2916 4390 212 75 Jalaet
3140 4390 77 42 chabe
3236 4393 40 39 ich
3291 4392 57 34 mit
3365 4391 168 41 ſämtlichen
3551 4391 81 42 Prä⸗

2782 4432 94 61 Feien
2893 4433 55 32 des
2962 4433 128 37 Relches
3108 4433 211 42 Konferenzen
3334 4434 121 41 gehabt.
3468 4436 101 34 Ueber
3588 4435 45 34 die

2783 4474 158 40 Reſultate.
2989 4475 90 40 dieſer
3101 4475 250 43 Beſprechungen
3393 4478 79 39 habe

2783 4516 121 39 elgenes
2930 4517 236 41 Kommunlqué
3195 4518 259 41 herausgegeben.
3503 4519 55 41 Jch
3584 4520 48 34 be⸗—

2779 4558 83 41 halte
2884 4560 60 33 mir
2965 4569 66 27 vor,
3066 4558 119 37 tlnnen
3229 4563 119 37 kurzem
3388 4563 56 32 den
3468 4561 162 40 Präſekten

2782 4599 104 40 eigene
2913 4601 234 40 Jnſtruktionen
3172 4612 35 31 zu
3235 4604 104 38 geben.
3383 4604 56 33 Die
3467 4603 163 42 Präfekten

2782 4642 113 42 mliſſen
2925 4644 47 32 als,
3016 4643 114 40 oberſte
3151 4643 141 40 Vehörde
3319 4646 52 32 der
3396 4644 176 41 Rrovinzen
3600 4646 30 33 in

2780 4684 70 47 dem
2841 4679 129 56 ſaleiſt
2973 4683 85 41 ſchen
3078 4687 120 31 Siqale
3220 4686 67 33 eine
3310 4687 203 33 indiolulable
3536 4688 96 33 Auto⸗

2781 4725 76 35 rliät
2876 4728 65 33 und
2965 4728 56 32 das
3043 4726 112 42 höchſte
3178 4726 142 41 Anſehen
3362 4728 157 40 genießen.
3565 4728 66 35 Wie

2783 4767 40 40 ich
2836 4769 118 33 berelts
2971 4768 92 41 ſaſte,
3080 4771 100 36 haben
3200 4772 60 31 mir
3280 4772 58 31 alle
3355 4769 164 41 Bräfekten
3535 4770 95 39 beſtä⸗

2781 4809 67 40 ugt,
2868 4810 60 42 daß
2944 4811 51 33 die
3013 4810 190 42 Geſamthelt
3225 4813 52 32 der
3299 4812 198 42 llalleniſchen
3517 4811 114 35 arbeit.

2779 4850 103 77 —
2933 4853 67 33 und
3022 4852 153 40 gelunden
3207 4852 216 43 Bevölkenumg
3467 4853 165 39 beſonders

2790 4902 24 25 in
2860 4896 57 32 den
2941 4893 177 40 Provinzen
3144 4893 200 36 Stidtialiens
3384 4898 70 31 dem
3498 4895 133 40 Kegime

2781 4936 132 39 ergeben
2937 4936 43 41 iſt.
3005 4935 177 41 Veſonders
3201 4937 35 34 in
3261 4937 191 38 Sllditallen,
3478 4947 48 25 wo
3548 4938 83 39 jeder

2782 4978 48 34 die
2851 4978 189 40 gewalligen
3062 4977 195 41 Fovtſchublte
3279 4979 57 41 auß
3377 4980 82 33 allen
3482 4979 149 34 Gebbeten

2783 5019 51 40 ſeit
2877 5023 69 34 dem
2985 5020 221 40 Machtaniritt
3247 5022 55 33 des
3341 5021 184 40 Fafelamus
3562 5024 69 31 kon⸗-

2794 5062 128 35 lalieren
2951 5064 87 34 kann.
3061 5064 59 41 Jch
3140 5064 80 38 habe
3243 5071 122 32 genaue
3394 5064 125 40 Vefehle
3546 5072 85 33 gege⸗

2804 5112 47 32 en,
2873 5106 65 39 daß
2961 5110 77 30 man
3065 5105 91 43 durch
3179 5106 45 34 die
3252 5104 114 41 eiſerne
3391 5105 244 43 Durchführung

2781 5148 55 35 des
2857 5146 135 43 Geſetzes
3012 5147 80 36 über
3111 5150 46 34 die
3179 5147 114 42 äffentt.
3313 5146 173 43 Gicherheit
3503 5149 61 35 das
3581 5156 49 33 ge⸗

2780 5190 101 43 meine
2900 5188 257 44 Verbrechertum
3178 5188 157 43 vernichte.
3353 5192 50 34 Es
3418 5193 82 33 wird
3515 5191 117 47 berelts

2782 5231 91 41 eifutg
2891 5232 176 40 gearbeitet,
3090 5242 54 25 um
3169 5232 98 41 dieſen
3291 5233 103 41 Zweck
3414 5242 38 31 zu
3473 5235 158 40 errochen.

2781 5274 48 35 Jn
2847 5274 142 41 Sizilien,
3005 5285 57 24 um
3076 5276 45 33 die
3137 5276 105 42 letzten
3259 5275 178 41 Ueberreſie
3452 5278 52 34 des
3526 5276 106 35 bäler⸗

2777 5316 96 45 lichen
2897 5317 275 43 Verbrecheriuma
3192 5327 39 33 au
3253 5317 191 45 betauiplen.
3467 5317 164 43 Aehnliche

3520 4479 40 37 ich
3584 4478 48 33 ein
